[
  {
    "event_id": "ec64800566054f068e82afae8fcf5f9443006427c7e78cbe9deeb7e9facfac66",
    "schema_version": "1.0.0",
    "event_type": "agent_order",
    "source": "synthetic_agent",
    "symbol": "BTCUSDT",
    "exchange": "binance_usdm",
    "timestamp": "2024-05-01T00:00:00Z",
    "sequence": 0,
    "scenario_id": "scenario-310-runaway_inventory",
    "agent_id": "agent-runaway_inventory",
    "order_id": "scenario-310-runaway_inventory-agent-runaway_inventory-0",
    "action": "new",
    "side": "buy",
    "price": 65310.0,
    "quantity": 0.01,
    "remaining_quantity": 0.01
  },
  {
    "event_id": "048db37bedd0d644124db44e108979fcfffa465d6b8ad64a468f0c72b21a19ab",
    "schema_version": "1.0.0",
    "event_type": "agent_order",
    "source": "synthetic_agent",
    "symbol": "BTCUSDT",
    "exchange": "binance_usdm",
    "timestamp": "2024-05-01T00:00:00.070000Z",
    "sequence": 1,
    "scenario_id": "scenario-310-runaway_inventory",
    "agent_id": "agent-runaway_inventory",
    "order_id": "scenario-310-runaway_inventory-agent-runaway_inventory-1",
    "action": "new",
    "side": "buy",
    "price": 65311.959299999995,
    "quantity": 0.012,
    "remaining_quantity": 0.012
  },
  {
    "event_id": "b23d4df72038efb8b7c0a21ed081e25f2603d0b2a3b52529060d343196772b38",
    "schema_version": "1.0.0",
    "event_type": "agent_order",
    "source": "synthetic_agent",
    "symbol": "BTCUSDT",
    "exchange": "binance_usdm",
    "timestamp": "2024-05-01T00:00:00.140000Z",
    "sequence": 2,
    "scenario_id": "scenario-310-runaway_inventory",
    "agent_id": "agent-runaway_inventory",
    "order_id": "scenario-310-runaway_inventory-agent-runaway_inventory-2",
    "action": "new",
    "side": "buy",
    "price": 65313.9186,
    "quantity": 0.014,
    "remaining_quantity": 0.014
  },
  {
    "event_id": "59f1ae953cd8fcd320f8155593b5b7b40acf4704b0ee3c4e469e905004354355",
    "schema_version": "1.0.0",
    "event_type": "agent_order",
    "source": "synthetic_agent",
    "symbol": "BTCUSDT",
    "exchange": "binance_usdm",
    "timestamp": "2024-05-01T00:00:00.210000Z",
    "sequence": 3,
    "scenario_id": "scenario-310-runaway_inventory",
    "agent_id": "agent-runaway_inventory",
    "order_id": "scenario-310-runaway_inventory-agent-runaway_inventory-3",
    "action": "new",
    "side": "buy",
    "price": 65315.87789999999,
    "quantity": 0.016,
    "remaining_quantity": 0.016
  },
  {
    "event_id": "26dfb83594ce3dcaf7f958a79a6e388d98cf4d5b7c9f3ce80b0b811c7a277b12",
    "schema_version": "1.0.0",
    "event_type": "agent_order",
    "source": "synthetic_agent",
    "symbol": "BTCUSDT",
    "exchange": "binance_usdm",
    "timestamp": "2024-05-01T00:00:00.280000Z",
    "sequence": 4,
    "scenario_id": "scenario-310-runaway_inventory",
    "agent_id": "agent-runaway_inventory",
    "order_id": "scenario-310-runaway_inventory-agent-runaway_inventory-4",
    "action": "new",
    "side": "buy",
    "price": 65317.837199999994,
    "quantity": 0.018000000000000002,
    "remaining_quantity": 0.018000000000000002
  },
  {
    "event_id": "7443e750da23bce1afa13f97a04a803a9bfff7cb1f9fc12d3d5aa6a84f872a27",
    "schema_version": "1.0.0",
    "event_type": "agent_order",
    "source": "synthetic_agent",
    "symbol": "BTCUSDT",
    "exchange": "binance_usdm",
    "timestamp": "2024-05-01T00:00:00.350000Z",
    "sequence": 5,
    "scenario_id": "scenario-310-runaway_inventory",
    "agent_id": "agent-runaway_inventory",
    "order_id": "scenario-310-runaway_inventory-agent-runaway_inventory-5",
    "action": "new",
    "side": "buy",
    "price": 65319.796500000004,
    "quantity": 0.02,
    "remaining_quantity": 0.02
  },
  {
    "event_id": "89a85dec18ed5231385016262b3a13781fa8efe7bf76c05267ed7b3481198183",
    "schema_version": "1.0.0",
    "event_type": "agent_order",
    "source": "synthetic_agent",
    "symbol": "BTCUSDT",
    "exchange": "binance_usdm",
    "timestamp": "2024-05-01T00:00:00.420000Z",
    "sequence": 6,
    "scenario_id": "scenario-310-runaway_inventory",
    "agent_id": "agent-runaway_inventory",
    "order_id": "scenario-310-runaway_inventory-agent-runaway_inventory-6",
    "action": "new",
    "side": "buy",
    "price": 65321.755800000006,
    "quantity": 0.022,
    "remaining_quantity": 0.022
  },
  {
    "event_id": "fda51d7589b6602202393c6c8e5cc72204199fdac5ddc131305901f5afb51959",
    "schema_version": "1.0.0",
    "event_type": "agent_order",
    "source": "synthetic_agent",
    "symbol": "BTCUSDT",
    "exchange": "binance_usdm",
    "timestamp": "2024-05-01T00:00:00.490000Z",
    "sequence": 7,
    "scenario_id": "scenario-310-runaway_inventory",
    "agent_id": "agent-runaway_inventory",
    "order_id": "scenario-310-runaway_inventory-agent-runaway_inventory-7",
    "action": "new",
    "side": "buy",
    "price": 65323.7151,
    "quantity": 0.024,
    "remaining_quantity": 0.024
  },
  {
    "event_id": "dfb222d0370a3d2bf34b0f92ff5a337c6ef08f98384732dc34999a4175679834",
    "schema_version": "1.0.0",
    "event_type": "agent_order",
    "source": "synthetic_agent",
    "symbol": "BTCUSDT",
    "exchange": "binance_usdm",
    "timestamp": "2024-05-01T00:00:00.560000Z",
    "sequence": 8,
    "scenario_id": "scenario-310-runaway_inventory",
    "agent_id": "agent-runaway_inventory",
    "order_id": "scenario-310-runaway_inventory-agent-runaway_inventory-8",
    "action": "new",
    "side": "buy",
    "price": 65325.6744,
    "quantity": 0.026000000000000002,
    "remaining_quantity": 0.026000000000000002
  },
  {
    "event_id": "9bafdb9eb4ce722f95843711bf8f7844da50ca80580fdb58046d2269986ad744",
    "schema_version": "1.0.0",
    "event_type": "agent_order",
    "source": "synthetic_agent",
    "symbol": "BTCUSDT",
    "exchange": "binance_usdm",
    "timestamp": "2024-05-01T00:00:00.630000Z",
    "sequence": 9,
    "scenario_id": "scenario-310-runaway_inventory",
    "agent_id": "agent-runaway_inventory",
    "order_id": "scenario-310-runaway_inventory-agent-runaway_inventory-9",
    "action": "new",
    "side": "buy",
    "price": 65327.6337,
    "quantity": 0.028000000000000004,
    "remaining_quantity": 0.028000000000000004
  },
  {
    "event_id": "32837c823f1009bd24d31105e9e9419b849b8fe9dfb79b68fb522caaf14c1486",
    "schema_version": "1.0.0",
    "event_type": "agent_order",
    "source": "synthetic_agent",
    "symbol": "BTCUSDT",
    "exchange": "binance_usdm",
    "timestamp": "2024-05-01T00:00:00.700000Z",
    "sequence": 10,
    "scenario_id": "scenario-310-runaway_inventory",
    "agent_id": "agent-runaway_inventory",
    "order_id": "scenario-310-runaway_inventory-agent-runaway_inventory-10",
    "action": "new",
    "side": "buy",
    "price": 65329.593,
    "quantity": 0.03,
    "remaining_quantity": 0.03
  },
  {
    "event_id": "073d53dae9761148e0033604cb34ebd140358408ccdde0fa0ed8ca82cb296f96",
    "schema_version": "1.0.0",
    "event_type": "agent_order",
    "source": "synthetic_agent",
    "symbol": "BTCUSDT",
    "exchange": "binance_usdm",
    "timestamp": "2024-05-01T00:00:00.770000Z",
    "sequence": 11,
    "scenario_id": "scenario-310-runaway_inventory",
    "agent_id": "agent-runaway_inventory",
    "order_id": "scenario-310-runaway_inventory-agent-runaway_inventory-11",
    "action": "new",
    "side": "buy",
    "price": 65331.552299999996,
    "quantity": 0.032,
    "remaining_quantity": 0.032
  },
  {
    "event_id": "111bd8514ca6c31179cd1d673b9e89f0ac2474d8d3e05cff3400ee77b801df7e",
    "schema_version": "1.0.0",
    "event_type": "agent_order",
    "source": "synthetic_agent",
    "symbol": "BTCUSDT",
    "exchange": "binance_usdm",
    "timestamp": "2024-05-01T00:00:00.840000Z",
    "sequence": 12,
    "scenario_id": "scenario-310-runaway_inventory",
    "agent_id": "agent-runaway_inventory",
    "order_id": "scenario-310-runaway_inventory-agent-runaway_inventory-12",
    "action": "new",
    "side": "buy",
    "price": 65333.5116,
    "quantity": 0.034,
    "remaining_quantity": 0.034
  },
  {
    "event_id": "45672595599033fc98db8e1118c02a2fc7db446ff6d5965f986a6f3a21dd4153",
    "schema_version": "1.0.0",
    "event_type": "agent_order",
    "source": "synthetic_agent",
    "symbol": "BTCUSDT",
    "exchange": "binance_usdm",
    "timestamp": "2024-05-01T00:00:00.910000Z",
    "sequence": 13,
    "scenario_id": "scenario-310-runaway_inventory",
    "agent_id": "agent-runaway_inventory",
    "order_id": "scenario-310-runaway_inventory-agent-runaway_inventory-13",
    "action": "new",
    "side": "buy",
    "price": 65335.47089999999,
    "quantity": 0.036000000000000004,
    "remaining_quantity": 0.036000000000000004
  },
  {
    "event_id": "f23ea3c558b83a3e128482488e9a244e36a69790979d19382de3372bdebd1985",
    "schema_version": "1.0.0",
    "event_type": "agent_order",
    "source": "synthetic_agent",
    "symbol": "BTCUSDT",
    "exchange": "binance_usdm",
    "timestamp": "2024-05-01T00:00:00.980000Z",
    "sequence": 14,
    "scenario_id": "scenario-310-runaway_inventory",
    "agent_id": "agent-runaway_inventory",
    "order_id": "scenario-310-runaway_inventory-agent-runaway_inventory-14",
    "action": "new",
    "side": "buy",
    "price": 65337.4302,
    "quantity": 0.038,
    "remaining_quantity": 0.038
  },
  {
    "event_id": "b169ce1df03b010cc80b3ef4962a32a467ae5951bf2a905d6b782d6461049acc",
    "schema_version": "1.0.0",
    "event_type": "agent_order",
    "source": "synthetic_agent",
    "symbol": "BTCUSDT",
    "exchange": "binance_usdm",
    "timestamp": "2024-05-01T00:00:01.050000Z",
    "sequence": 15,
    "scenario_id": "scenario-310-runaway_inventory",
    "agent_id": "agent-runaway_inventory",
    "order_id": "scenario-310-runaway_inventory-agent-runaway_inventory-15",
    "action": "new",
    "side": "buy",
    "price": 65339.389500000005,
    "quantity": 0.04,
    "remaining_quantity": 0.04
  },
  {
    "event_id": "f7711043642cc62cbdb9cd13b4365c0ef3bdb6cb2fb7716a3ceee53475e9b42f",
    "schema_version": "1.0.0",
    "event_type": "agent_order",
    "source": "synthetic_agent",
    "symbol": "BTCUSDT",
    "exchange": "binance_usdm",
    "timestamp": "2024-05-01T00:00:01.120000Z",
    "sequence": 16,
    "scenario_id": "scenario-310-runaway_inventory",
    "agent_id": "agent-runaway_inventory",
    "order_id": "scenario-310-runaway_inventory-agent-runaway_inventory-16",
    "action": "new",
    "side": "buy",
    "price": 65341.3488,
    "quantity": 0.042,
    "remaining_quantity": 0.042
  },
  {
    "event_id": "2370d7f04963f8776f6fb15f6838d79c16cf5552156bb9157b072b2192443971",
    "schema_version": "1.0.0",
    "event_type": "agent_order",
    "source": "synthetic_agent",
    "symbol": "BTCUSDT",
    "exchange": "binance_usdm",
    "timestamp": "2024-05-01T00:00:01.190000Z",
    "sequence": 17,
    "scenario_id": "scenario-310-runaway_inventory",
    "agent_id": "agent-runaway_inventory",
    "order_id": "scenario-310-runaway_inventory-agent-runaway_inventory-17",
    "action": "new",
    "side": "buy",
    "price": 65343.3081,
    "quantity": 0.044000000000000004,
    "remaining_quantity": 0.044000000000000004
  },
  {
    "event_id": "012ecced1ab950c2149288d65c0b80c1165d48b36aaf0faab9654562f93f550a",
    "schema_version": "1.0.0",
    "event_type": "agent_order",
    "source": "synthetic_agent",
    "symbol": "BTCUSDT",
    "exchange": "binance_usdm",
    "timestamp": "2024-05-01T00:00:01.260000Z",
    "sequence": 18,
    "scenario_id": "scenario-310-runaway_inventory",
    "agent_id": "agent-runaway_inventory",
    "order_id": "scenario-310-runaway_inventory-agent-runaway_inventory-18",
    "action": "new",
    "side": "buy",
    "price": 65345.2674,
    "quantity": 0.046000000000000006,
    "remaining_quantity": 0.046000000000000006
  },
  {
    "event_id": "4c478d9348ed47d7a8d5e23f896a93b81fc5fd4430eb93daa1c913d4f8797e66",
    "schema_version": "1.0.0",
    "event_type": "agent_order",
    "source": "synthetic_agent",
    "symbol": "BTCUSDT",
    "exchange": "binance_usdm",
    "timestamp": "2024-05-01T00:00:01.330000Z",
    "sequence": 19,
    "scenario_id": "scenario-310-runaway_inventory",
    "agent_id": "agent-runaway_inventory",
    "order_id": "scenario-310-runaway_inventory-agent-runaway_inventory-19",
    "action": "new",
    "side": "buy",
    "price": 65347.2267,
    "quantity": 0.048,
    "remaining_quantity": 0.048
  },
  {
    "event_id": "07aa3428ebdd16fcb5445c1d4fa1f45fc9e882762caaf7d552266a018892b2b0",
    "schema_version": "1.0.0",
    "event_type": "agent_order",
    "source": "synthetic_agent",
    "symbol": "BTCUSDT",
    "exchange": "binance_usdm",
    "timestamp": "2024-05-01T00:00:01.400000Z",
    "sequence": 20,
    "scenario_id": "scenario-310-runaway_inventory",
    "agent_id": "agent-runaway_inventory",
    "order_id": "scenario-310-runaway_inventory-agent-runaway_inventory-20",
    "action": "new",
    "side": "buy",
    "price": 65349.185999999994,
    "quantity": 0.05,
    "remaining_quantity": 0.05
  },
  {
    "event_id": "df35af067b9e1f27bb69a886ec59404ecf64233baaea7e6b51e697f99e316be8",
    "schema_version": "1.0.0",
    "event_type": "agent_order",
    "source": "synthetic_agent",
    "symbol": "BTCUSDT",
    "exchange": "binance_usdm",
    "timestamp": "2024-05-01T00:00:01.470000Z",
    "sequence": 21,
    "scenario_id": "scenario-310-runaway_inventory",
    "agent_id": "agent-runaway_inventory",
    "order_id": "scenario-310-runaway_inventory-agent-runaway_inventory-21",
    "action": "new",
    "side": "buy",
    "price": 65351.1453,
    "quantity": 0.052000000000000005,
    "remaining_quantity": 0.052000000000000005
  },
  {
    "event_id": "57dd595d5ab9980e763d34c220fb032e1da3c49d9964888dd04c1c6808fb1bc1",
    "schema_version": "1.0.0",
    "event_type": "agent_order",
    "source": "synthetic_agent",
    "symbol": "BTCUSDT",
    "exchange": "binance_usdm",
    "timestamp": "2024-05-01T00:00:01.540000Z",
    "sequence": 22,
    "scenario_id": "scenario-310-runaway_inventory",
    "agent_id": "agent-runaway_inventory",
    "order_id": "scenario-310-runaway_inventory-agent-runaway_inventory-22",
    "action": "new",
    "side": "buy",
    "price": 65353.104600000006,
    "quantity": 0.054,
    "remaining_quantity": 0.054
  },
  {
    "event_id": "30cd7196c3c66ed751b6841bc989ea809d84a3b02b35b389fb9696e1bcf915d7",
    "schema_version": "1.0.0",
    "event_type": "agent_order",
    "source": "synthetic_agent",
    "symbol": "BTCUSDT",
    "exchange": "binance_usdm",
    "timestamp": "2024-05-01T00:00:01.610000Z",
    "sequence": 23,
    "scenario_id": "scenario-310-runaway_inventory",
    "agent_id": "agent-runaway_inventory",
    "order_id": "scenario-310-runaway_inventory-agent-runaway_inventory-23",
    "action": "new",
    "side": "buy",
    "price": 65355.06390000001,
    "quantity": 0.056,
    "remaining_quantity": 0.056
  },
  {
    "event_id": "48470bc151654c8e1b3d1fb474644d11af341060aeff028cba32e6e2aa71a32e",
    "schema_version": "1.0.0",
    "event_type": "agent_order",
    "source": "synthetic_agent",
    "symbol": "BTCUSDT",
    "exchange": "binance_usdm",
    "timestamp": "2024-05-01T00:00:01.680000Z",
    "sequence": 24,
    "scenario_id": "scenario-310-runaway_inventory",
    "agent_id": "agent-runaway_inventory",
    "order_id": "scenario-310-runaway_inventory-agent-runaway_inventory-24",
    "action": "new",
    "side": "buy",
    "price": 65357.0232,
    "quantity": 0.058,
    "remaining_quantity": 0.058
  },
  {
    "event_id": "d5b1f9c5a8a711335202effb004f80136b9fd8ac2e7137e7cfd7027de3fececf",
    "schema_version": "1.0.0",
    "event_type": "agent_order",
    "source": "synthetic_agent",
    "symbol": "BTCUSDT",
    "exchange": "binance_usdm",
    "timestamp": "2024-05-01T00:00:01.750000Z",
    "sequence": 25,
    "scenario_id": "scenario-310-runaway_inventory",
    "agent_id": "agent-runaway_inventory",
    "order_id": "scenario-310-runaway_inventory-agent-runaway_inventory-25",
    "action": "new",
    "side": "buy",
    "price": 65358.9825,
    "quantity": 0.060000000000000005,
    "remaining_quantity": 0.060000000000000005
  },
  {
    "event_id": "496934dc8915a7826a45711984c04f774b3f82647728db09273bd0378e5f81ba",
    "schema_version": "1.0.0",
    "event_type": "agent_order",
    "source": "synthetic_agent",
    "symbol": "BTCUSDT",
    "exchange": "binance_usdm",
    "timestamp": "2024-05-01T00:00:01.820000Z",
    "sequence": 26,
    "scenario_id": "scenario-310-runaway_inventory",
    "agent_id": "agent-runaway_inventory",
    "order_id": "scenario-310-runaway_inventory-agent-runaway_inventory-26",
    "action": "new",
    "side": "buy",
    "price": 65360.9418,
    "quantity": 0.062000000000000006,
    "remaining_quantity": 0.062000000000000006
  },
  {
    "event_id": "76b7ff49acc72976ed3c5228716eefee0d9cbd9980ac99c396f863f35381b2d6",
    "schema_version": "1.0.0",
    "event_type": "agent_order",
    "source": "synthetic_agent",
    "symbol": "BTCUSDT",
    "exchange": "binance_usdm",
    "timestamp": "2024-05-01T00:00:01.890000Z",
    "sequence": 27,
    "scenario_id": "scenario-310-runaway_inventory",
    "agent_id": "agent-runaway_inventory",
    "order_id": "scenario-310-runaway_inventory-agent-runaway_inventory-27",
    "action": "new",
    "side": "buy",
    "price": 65362.901099999995,
    "quantity": 0.064,
    "remaining_quantity": 0.064
  },
  {
    "event_id": "8a7acdc2f72134d5e54215f39ba683f5ff9eabdbc24e605f6dbcbba0f0c57d12",
    "schema_version": "1.0.0",
    "event_type": "agent_order",
    "source": "synthetic_agent",
    "symbol": "BTCUSDT",
    "exchange": "binance_usdm",
    "timestamp": "2024-05-01T00:00:01.960000Z",
    "sequence": 28,
    "scenario_id": "scenario-310-runaway_inventory",
    "agent_id": "agent-runaway_inventory",
    "order_id": "scenario-310-runaway_inventory-agent-runaway_inventory-28",
    "action": "new",
    "side": "buy",
    "price": 65364.8604,
    "quantity": 0.066,
    "remaining_quantity": 0.066
  },
  {
    "event_id": "1d79ebb2cc20e19a7f82f36df5372987f609e58804c40062fd9e31867caf60a8",
    "schema_version": "1.0.0",
    "event_type": "agent_order",
    "source": "synthetic_agent",
    "symbol": "BTCUSDT",
    "exchange": "binance_usdm",
    "timestamp": "2024-05-01T00:00:02.030000Z",
    "sequence": 29,
    "scenario_id": "scenario-310-runaway_inventory",
    "agent_id": "agent-runaway_inventory",
    "order_id": "scenario-310-runaway_inventory-agent-runaway_inventory-29",
    "action": "new",
    "side": "buy",
    "price": 65366.81969999999,
    "quantity": 0.068,
    "remaining_quantity": 0.068
  }
]