[
  {
    "event_id": "11b0f5c791e30d2c8129d49c086a1eddc37a9cf76a40495797fefe39c7097f18",
    "schema_version": "1.0.0",
    "event_type": "agent_order",
    "source": "synthetic_agent",
    "symbol": "BTCUSDT",
    "exchange": "binance_usdm",
    "timestamp": "2024-05-01T00:00:00Z",
    "sequence": 0,
    "scenario_id": "scenario-225-stop_run_sweep",
    "agent_id": "agent-stop_run_sweep",
    "order_id": "scenario-225-stop_run_sweep-agent-stop_run_sweep-0",
    "action": "new",
    "side": "buy",
    "price": 65290.22499999999,
    "quantity": 0.06,
    "remaining_quantity": 0.06
  },
  {
    "event_id": "87ef95f999e439e6ea3b6d8e495189c53419efb3be15b14fd7e0d2ff14cc8cf5",
    "schema_version": "1.0.0",
    "event_type": "agent_order",
    "source": "synthetic_agent",
    "symbol": "BTCUSDT",
    "exchange": "binance_usdm",
    "timestamp": "2024-05-01T00:00:00.030000Z",
    "sequence": 1,
    "scenario_id": "scenario-225-stop_run_sweep",
    "agent_id": "agent-stop_run_sweep",
    "order_id": "scenario-225-stop_run_sweep-agent-stop_run_sweep-1",
    "action": "new",
    "side": "buy",
    "price": 65293.48625,
    "quantity": 0.06,
    "remaining_quantity": 0.06
  },
  {
    "event_id": "09cc476fc6e838c2dff8e96044641d9fcc2689b1c8e5a8b60dbba50a2640f18e",
    "schema_version": "1.0.0",
    "event_type": "agent_order",
    "source": "synthetic_agent",
    "symbol": "BTCUSDT",
    "exchange": "binance_usdm",
    "timestamp": "2024-05-01T00:00:00.060000Z",
    "sequence": 2,
    "scenario_id": "scenario-225-stop_run_sweep",
    "agent_id": "agent-stop_run_sweep",
    "order_id": "scenario-225-stop_run_sweep-agent-stop_run_sweep-2",
    "action": "new",
    "side": "buy",
    "price": 65296.74749999999,
    "quantity": 0.06,
    "remaining_quantity": 0.06
  },
  {
    "event_id": "c1c632de4b2a097bb4f219fa68c8878f32e54f4325026aaf08a2f94f02a760a6",
    "schema_version": "1.0.0",
    "event_type": "agent_order",
    "source": "synthetic_agent",
    "symbol": "BTCUSDT",
    "exchange": "binance_usdm",
    "timestamp": "2024-05-01T00:00:00.090000Z",
    "sequence": 3,
    "scenario_id": "scenario-225-stop_run_sweep",
    "agent_id": "agent-stop_run_sweep",
    "order_id": "scenario-225-stop_run_sweep-agent-stop_run_sweep-3",
    "action": "new",
    "side": "buy",
    "price": 65300.00875,
    "quantity": 0.06,
    "remaining_quantity": 0.06
  },
  {
    "event_id": "ee00db71c84fda8150c1686cabb73acbf80404c771ca7d5018bd50a87ca433b6",
    "schema_version": "1.0.0",
    "event_type": "agent_order",
    "source": "synthetic_agent",
    "symbol": "BTCUSDT",
    "exchange": "binance_usdm",
    "timestamp": "2024-05-01T00:00:00.120000Z",
    "sequence": 4,
    "scenario_id": "scenario-225-stop_run_sweep",
    "agent_id": "agent-stop_run_sweep",
    "order_id": "scenario-225-stop_run_sweep-agent-stop_run_sweep-4",
    "action": "new",
    "side": "buy",
    "price": 65303.26999999999,
    "quantity": 0.06,
    "remaining_quantity": 0.06
  },
  {
    "event_id": "adf59f106dcdec23b784230bd1a1d298482e205014653a58145abdc0d3267c91",
    "schema_version": "1.0.0",
    "event_type": "agent_order",
    "source": "synthetic_agent",
    "symbol": "BTCUSDT",
    "exchange": "binance_usdm",
    "timestamp": "2024-05-01T00:00:00.150000Z",
    "sequence": 5,
    "scenario_id": "scenario-225-stop_run_sweep",
    "agent_id": "agent-stop_run_sweep",
    "order_id": "scenario-225-stop_run_sweep-agent-stop_run_sweep-5",
    "action": "new",
    "side": "buy",
    "price": 65306.53125,
    "quantity": 0.06,
    "remaining_quantity": 0.06
  },
  {
    "event_id": "836b2bdc3c3f28a8bcae05261b457631e79ed97fd7cbdb3882a762d9eaff194f",
    "schema_version": "1.0.0",
    "event_type": "agent_order",
    "source": "synthetic_agent",
    "symbol": "BTCUSDT",
    "exchange": "binance_usdm",
    "timestamp": "2024-05-01T00:00:00.180000Z",
    "sequence": 6,
    "scenario_id": "scenario-225-stop_run_sweep",
    "agent_id": "agent-stop_run_sweep",
    "order_id": "scenario-225-stop_run_sweep-agent-stop_run_sweep-6",
    "action": "new",
    "side": "buy",
    "price": 65309.79249999999,
    "quantity": 0.06,
    "remaining_quantity": 0.06
  },
  {
    "event_id": "0cd4395c1f2c673238e00fc66d826a65baa6b1400c223bda24c76007f3fb6cac",
    "schema_version": "1.0.0",
    "event_type": "agent_order",
    "source": "synthetic_agent",
    "symbol": "BTCUSDT",
    "exchange": "binance_usdm",
    "timestamp": "2024-05-01T00:00:00.210000Z",
    "sequence": 7,
    "scenario_id": "scenario-225-stop_run_sweep",
    "agent_id": "agent-stop_run_sweep",
    "order_id": "scenario-225-stop_run_sweep-agent-stop_run_sweep-7",
    "action": "new",
    "side": "buy",
    "price": 65313.05375,
    "quantity": 0.06,
    "remaining_quantity": 0.06
  },
  {
    "event_id": "522084ce800235f609f624d852228736a07e549e55a94c1559f515d938b19c97",
    "schema_version": "1.0.0",
    "event_type": "agent_order",
    "source": "synthetic_agent",
    "symbol": "BTCUSDT",
    "exchange": "binance_usdm",
    "timestamp": "2024-05-01T00:00:00.240000Z",
    "sequence": 8,
    "scenario_id": "scenario-225-stop_run_sweep",
    "agent_id": "agent-stop_run_sweep",
    "order_id": "scenario-225-stop_run_sweep-agent-stop_run_sweep-8",
    "action": "new",
    "side": "buy",
    "price": 65316.31499999999,
    "quantity": 0.06,
    "remaining_quantity": 0.06
  },
  {
    "event_id": "fbabc3f51cae56d54265d7e275bf65c441bcfc8cc88c44258716994146695c3b",
    "schema_version": "1.0.0",
    "event_type": "agent_order",
    "source": "synthetic_agent",
    "symbol": "BTCUSDT",
    "exchange": "binance_usdm",
    "timestamp": "2024-05-01T00:00:00.270000Z",
    "sequence": 9,
    "scenario_id": "scenario-225-stop_run_sweep",
    "agent_id": "agent-stop_run_sweep",
    "order_id": "scenario-225-stop_run_sweep-agent-stop_run_sweep-9",
    "action": "new",
    "side": "buy",
    "price": 65319.57625,
    "quantity": 0.06,
    "remaining_quantity": 0.06
  },
  {
    "event_id": "b689dbdbbb2d27faff45eeadefc35c29e9584565904a2ebdeff2f9fb6c8c7a1c",
    "schema_version": "1.0.0",
    "event_type": "agent_order",
    "source": "synthetic_agent",
    "symbol": "BTCUSDT",
    "exchange": "binance_usdm",
    "timestamp": "2024-05-01T00:00:00.300000Z",
    "sequence": 10,
    "scenario_id": "scenario-225-stop_run_sweep",
    "agent_id": "agent-stop_run_sweep",
    "order_id": "scenario-225-stop_run_sweep-agent-stop_run_sweep-10",
    "action": "new",
    "side": "buy",
    "price": 65322.83749999999,
    "quantity": 0.06,
    "remaining_quantity": 0.06
  },
  {
    "event_id": "e2b2e5906b5dbd3131e6c224b5bc736f5784a452a25e1069c7d4c18467c566c2",
    "schema_version": "1.0.0",
    "event_type": "agent_order",
    "source": "synthetic_agent",
    "symbol": "BTCUSDT",
    "exchange": "binance_usdm",
    "timestamp": "2024-05-01T00:00:00.330000Z",
    "sequence": 11,
    "scenario_id": "scenario-225-stop_run_sweep",
    "agent_id": "agent-stop_run_sweep",
    "order_id": "scenario-225-stop_run_sweep-agent-stop_run_sweep-11",
    "action": "new",
    "side": "buy",
    "price": 65326.09875,
    "quantity": 0.06,
    "remaining_quantity": 0.06
  },
  {
    "event_id": "caaa70c7ba508520db4ab72a9554ce06af5aedfc1d7dc6a5edc0e33862a4fda8",
    "schema_version": "1.0.0",
    "event_type": "agent_order",
    "source": "synthetic_agent",
    "symbol": "BTCUSDT",
    "exchange": "binance_usdm",
    "timestamp": "2024-05-01T00:00:00.360000Z",
    "sequence": 12,
    "scenario_id": "scenario-225-stop_run_sweep",
    "agent_id": "agent-stop_run_sweep",
    "order_id": "scenario-225-stop_run_sweep-agent-stop_run_sweep-12",
    "action": "new",
    "side": "buy",
    "price": 65329.359999999986,
    "quantity": 0.06,
    "remaining_quantity": 0.06
  },
  {
    "event_id": "b8b592508c6f4b86e5928a3e2f661b7965b4399233770c8a4ba2a8ab93008789",
    "schema_version": "1.0.0",
    "event_type": "agent_order",
    "source": "synthetic_agent",
    "symbol": "BTCUSDT",
    "exchange": "binance_usdm",
    "timestamp": "2024-05-01T00:00:00.390000Z",
    "sequence": 13,
    "scenario_id": "scenario-225-stop_run_sweep",
    "agent_id": "agent-stop_run_sweep",
    "order_id": "scenario-225-stop_run_sweep-agent-stop_run_sweep-13",
    "action": "new",
    "side": "buy",
    "price": 65332.62125,
    "quantity": 0.06,
    "remaining_quantity": 0.06
  },
  {
    "event_id": "dfe18b28a81165b4f4bd4b020b23a0438991cb397a0b456eb0072138637b34a2",
    "schema_version": "1.0.0",
    "event_type": "agent_order",
    "source": "synthetic_agent",
    "symbol": "BTCUSDT",
    "exchange": "binance_usdm",
    "timestamp": "2024-05-01T00:00:00.420000Z",
    "sequence": 14,
    "scenario_id": "scenario-225-stop_run_sweep",
    "agent_id": "agent-stop_run_sweep",
    "order_id": "scenario-225-stop_run_sweep-agent-stop_run_sweep-14",
    "action": "new",
    "side": "buy",
    "price": 65335.882499999985,
    "quantity": 0.06,
    "remaining_quantity": 0.06
  },
  {
    "event_id": "1a793a122f9144f0f2cf94c4436f45a1e6f9daa7e7c8ae1e448f211c3007e753",
    "schema_version": "1.0.0",
    "event_type": "agent_order",
    "source": "synthetic_agent",
    "symbol": "BTCUSDT",
    "exchange": "binance_usdm",
    "timestamp": "2024-05-01T00:00:00.450000Z",
    "sequence": 15,
    "scenario_id": "scenario-225-stop_run_sweep",
    "agent_id": "agent-stop_run_sweep",
    "order_id": "scenario-225-stop_run_sweep-agent-stop_run_sweep-15",
    "action": "new",
    "side": "buy",
    "price": 65339.143749999996,
    "quantity": 0.06,
    "remaining_quantity": 0.06
  },
  {
    "event_id": "645554073ae64147ff0209ab3bf71dff07e4af07d3affc7d263e25642eb38bfa",
    "schema_version": "1.0.0",
    "event_type": "agent_order",
    "source": "synthetic_agent",
    "symbol": "BTCUSDT",
    "exchange": "binance_usdm",
    "timestamp": "2024-05-01T00:00:00.480000Z",
    "sequence": 16,
    "scenario_id": "scenario-225-stop_run_sweep",
    "agent_id": "agent-stop_run_sweep",
    "order_id": "scenario-225-stop_run_sweep-agent-stop_run_sweep-16",
    "action": "new",
    "side": "buy",
    "price": 65342.404999999984,
    "quantity": 0.06,
    "remaining_quantity": 0.06
  },
  {
    "event_id": "2f6fd16f99ca6d62a7b7cf61553af5d0a311a9fadb0304392b25b1b4754a864b",
    "schema_version": "1.0.0",
    "event_type": "agent_order",
    "source": "synthetic_agent",
    "symbol": "BTCUSDT",
    "exchange": "binance_usdm",
    "timestamp": "2024-05-01T00:00:00.510000Z",
    "sequence": 17,
    "scenario_id": "scenario-225-stop_run_sweep",
    "agent_id": "agent-stop_run_sweep",
    "order_id": "scenario-225-stop_run_sweep-agent-stop_run_sweep-17",
    "action": "new",
    "side": "buy",
    "price": 65345.666249999995,
    "quantity": 0.06,
    "remaining_quantity": 0.06
  },
  {
    "event_id": "97cc7c90516ee11bb48e877ca03c91b326f1bbe971cc6197de1859e66f660bc9",
    "schema_version": "1.0.0",
    "event_type": "agent_order",
    "source": "synthetic_agent",
    "symbol": "BTCUSDT",
    "exchange": "binance_usdm",
    "timestamp": "2024-05-01T00:00:00.540000Z",
    "sequence": 18,
    "scenario_id": "scenario-225-stop_run_sweep",
    "agent_id": "agent-stop_run_sweep",
    "order_id": "scenario-225-stop_run_sweep-agent-stop_run_sweep-18",
    "action": "new",
    "side": "buy",
    "price": 65348.92749999998,
    "quantity": 0.06,
    "remaining_quantity": 0.06
  },
  {
    "event_id": "a16ca721cac7fe9997a83c5999804cf77569c278b4bbaa8eeb8a8e9ded0343c4",
    "schema_version": "1.0.0",
    "event_type": "agent_order",
    "source": "synthetic_agent",
    "symbol": "BTCUSDT",
    "exchange": "binance_usdm",
    "timestamp": "2024-05-01T00:00:00.570000Z",
    "sequence": 19,
    "scenario_id": "scenario-225-stop_run_sweep",
    "agent_id": "agent-stop_run_sweep",
    "order_id": "scenario-225-stop_run_sweep-agent-stop_run_sweep-19",
    "action": "new",
    "side": "buy",
    "price": 65352.188749999994,
    "quantity": 0.06,
    "remaining_quantity": 0.06
  },
  {
    "event_id": "26258b7cf9fc534aafb8e6afc72af7cdc0bce466acc4adf477c2288799bddc16",
    "schema_version": "1.0.0",
    "event_type": "agent_order",
    "source": "synthetic_agent",
    "symbol": "BTCUSDT",
    "exchange": "binance_usdm",
    "timestamp": "2024-05-01T00:00:00.600000Z",
    "sequence": 20,
    "scenario_id": "scenario-225-stop_run_sweep",
    "agent_id": "agent-stop_run_sweep",
    "order_id": "scenario-225-stop_run_sweep-agent-stop_run_sweep-20",
    "action": "new",
    "side": "buy",
    "price": 65355.44999999998,
    "quantity": 0.06,
    "remaining_quantity": 0.06
  },
  {
    "event_id": "795927dcb2a48b9196b05e62707d9e87f5e0eb58151da7c5e790bdb5a898ff93",
    "schema_version": "1.0.0",
    "event_type": "agent_order",
    "source": "synthetic_agent",
    "symbol": "BTCUSDT",
    "exchange": "binance_usdm",
    "timestamp": "2024-05-01T00:00:00.630000Z",
    "sequence": 21,
    "scenario_id": "scenario-225-stop_run_sweep",
    "agent_id": "agent-stop_run_sweep",
    "order_id": "scenario-225-stop_run_sweep-agent-stop_run_sweep-21",
    "action": "new",
    "side": "buy",
    "price": 65358.71124999999,
    "quantity": 0.06,
    "remaining_quantity": 0.06
  },
  {
    "event_id": "623f35696bcde2905664970b38d993677fdde1d2246b968567846825e4a69b91",
    "schema_version": "1.0.0",
    "event_type": "agent_order",
    "source": "synthetic_agent",
    "symbol": "BTCUSDT",
    "exchange": "binance_usdm",
    "timestamp": "2024-05-01T00:00:00.660000Z",
    "sequence": 22,
    "scenario_id": "scenario-225-stop_run_sweep",
    "agent_id": "agent-stop_run_sweep",
    "order_id": "scenario-225-stop_run_sweep-agent-stop_run_sweep-22",
    "action": "new",
    "side": "buy",
    "price": 65361.972499999996,
    "quantity": 0.06,
    "remaining_quantity": 0.06
  },
  {
    "event_id": "ca5f2cfa16958e1192ca3705e686cf31786502c0adb1ff8e271026bc7a0754b8",
    "schema_version": "1.0.0",
    "event_type": "agent_order",
    "source": "synthetic_agent",
    "symbol": "BTCUSDT",
    "exchange": "binance_usdm",
    "timestamp": "2024-05-01T00:00:00.690000Z",
    "sequence": 23,
    "scenario_id": "scenario-225-stop_run_sweep",
    "agent_id": "agent-stop_run_sweep",
    "order_id": "scenario-225-stop_run_sweep-agent-stop_run_sweep-23",
    "action": "new",
    "side": "buy",
    "price": 65365.23374999999,
    "quantity": 0.06,
    "remaining_quantity": 0.06
  },
  {
    "event_id": "24be91c4453e3fd88576fb556aa9e91579dd0133757eddec7e9b2996e9faa34d",
    "schema_version": "1.0.0",
    "event_type": "agent_order",
    "source": "synthetic_agent",
    "symbol": "BTCUSDT",
    "exchange": "binance_usdm",
    "timestamp": "2024-05-01T00:00:00.720000Z",
    "sequence": 24,
    "scenario_id": "scenario-225-stop_run_sweep",
    "agent_id": "agent-stop_run_sweep",
    "order_id": "scenario-225-stop_run_sweep-agent-stop_run_sweep-24",
    "action": "new",
    "side": "buy",
    "price": 65368.494999999995,
    "quantity": 0.06,
    "remaining_quantity": 0.06
  },
  {
    "event_id": "1eb3fa9d73c335329545b4aa89f86ad12acc2062163045e41d3254ba44ac363e",
    "schema_version": "1.0.0",
    "event_type": "agent_order",
    "source": "synthetic_agent",
    "symbol": "BTCUSDT",
    "exchange": "binance_usdm",
    "timestamp": "2024-05-01T00:00:00.750000Z",
    "sequence": 25,
    "scenario_id": "scenario-225-stop_run_sweep",
    "agent_id": "agent-stop_run_sweep",
    "order_id": "scenario-225-stop_run_sweep-agent-stop_run_sweep-25",
    "action": "new",
    "side": "buy",
    "price": 65371.75624999999,
    "quantity": 0.06,
    "remaining_quantity": 0.06
  },
  {
    "event_id": "2a5db337f71ef662b5b513bcff0d52d2b43d4ba28c8fc4a0d2aa1736d35bfec1",
    "schema_version": "1.0.0",
    "event_type": "agent_order",
    "source": "synthetic_agent",
    "symbol": "BTCUSDT",
    "exchange": "binance_usdm",
    "timestamp": "2024-05-01T00:00:00.780000Z",
    "sequence": 26,
    "scenario_id": "scenario-225-stop_run_sweep",
    "agent_id": "agent-stop_run_sweep",
    "order_id": "scenario-225-stop_run_sweep-agent-stop_run_sweep-26",
    "action": "new",
    "side": "buy",
    "price": 65375.017499999994,
    "quantity": 0.06,
    "remaining_quantity": 0.06
  },
  {
    "event_id": "9403657183b836742e4fbc3fb1b95af4acfa4ed32d05f2c974c6efa880c19a3d",
    "schema_version": "1.0.0",
    "event_type": "agent_order",
    "source": "synthetic_agent",
    "symbol": "BTCUSDT",
    "exchange": "binance_usdm",
    "timestamp": "2024-05-01T00:00:00.810000Z",
    "sequence": 27,
    "scenario_id": "scenario-225-stop_run_sweep",
    "agent_id": "agent-stop_run_sweep",
    "order_id": "scenario-225-stop_run_sweep-agent-stop_run_sweep-27",
    "action": "new",
    "side": "buy",
    "price": 65378.27874999999,
    "quantity": 0.06,
    "remaining_quantity": 0.06
  },
  {
    "event_id": "9ff0e48a5c65a1e04b99080831fa2cc641e7b84e88b67b5bbcfc6435cfb64a0e",
    "schema_version": "1.0.0",
    "event_type": "agent_order",
    "source": "synthetic_agent",
    "symbol": "BTCUSDT",
    "exchange": "binance_usdm",
    "timestamp": "2024-05-01T00:00:00.840000Z",
    "sequence": 28,
    "scenario_id": "scenario-225-stop_run_sweep",
    "agent_id": "agent-stop_run_sweep",
    "order_id": "scenario-225-stop_run_sweep-agent-stop_run_sweep-28",
    "action": "new",
    "side": "buy",
    "price": 65381.54,
    "quantity": 0.06,
    "remaining_quantity": 0.06
  },
  {
    "event_id": "5a35e663e9c4c94e12a10246365fa9c6b563878fa756dcd188c3eb24bac57b66",
    "schema_version": "1.0.0",
    "event_type": "agent_order",
    "source": "synthetic_agent",
    "symbol": "BTCUSDT",
    "exchange": "binance_usdm",
    "timestamp": "2024-05-01T00:00:00.870000Z",
    "sequence": 29,
    "scenario_id": "scenario-225-stop_run_sweep",
    "agent_id": "agent-stop_run_sweep",
    "order_id": "scenario-225-stop_run_sweep-agent-stop_run_sweep-29",
    "action": "new",
    "side": "buy",
    "price": 65384.80124999999,
    "quantity": 0.06,
    "remaining_quantity": 0.06
  }
]