[
  {
    "event_id": "f4191bedc039eea1a4c2a6923eec65cb5cfbd06975ab34d062687f91a2143c4e",
    "schema_version": "1.0.0",
    "event_type": "agent_order",
    "source": "synthetic_agent",
    "symbol": "BTCUSDT",
    "exchange": "binance_usdm",
    "timestamp": "2024-05-01T00:00:00Z",
    "sequence": 0,
    "scenario_id": "scenario-461-momentum_ignition",
    "agent_id": "agent-momentum_ignition",
    "order_id": "scenario-461-momentum_ignition-agent-momentum_ignition-0",
    "action": "new",
    "side": "buy",
    "price": 65526.460999999996,
    "quantity": 0.08,
    "remaining_quantity": 0.08
  },
  {
    "event_id": "f7b289155c7092dc3aca85619885b4fadbd317c6dc472e35a0371f06c74dffd7",
    "schema_version": "1.0.0",
    "event_type": "agent_order",
    "source": "synthetic_agent",
    "symbol": "BTCUSDT",
    "exchange": "binance_usdm",
    "timestamp": "2024-05-01T00:00:00.080000Z",
    "sequence": 1,
    "scenario_id": "scenario-461-momentum_ignition",
    "agent_id": "agent-momentum_ignition",
    "order_id": "scenario-461-momentum_ignition-agent-momentum_ignition-1",
    "action": "new",
    "side": "buy",
    "price": 65527.770219999984,
    "quantity": 0.08,
    "remaining_quantity": 0.08
  },
  {
    "event_id": "fda6d110eb1d3aff32e9aa527e9c2b0aa98ac5085d812a52c5637c4e8beaa9b2",
    "schema_version": "1.0.0",
    "event_type": "agent_order",
    "source": "synthetic_agent",
    "symbol": "BTCUSDT",
    "exchange": "binance_usdm",
    "timestamp": "2024-05-01T00:00:00.160000Z",
    "sequence": 2,
    "scenario_id": "scenario-461-momentum_ignition",
    "agent_id": "agent-momentum_ignition",
    "order_id": "scenario-461-momentum_ignition-agent-momentum_ignition-2",
    "action": "new",
    "side": "buy",
    "price": 65529.079439999994,
    "quantity": 0.08,
    "remaining_quantity": 0.08
  },
  {
    "event_id": "87d448b75ed40a3afbfb3d73da991b69f7290a39b7efcdb4b4f0e4d74c9f9897",
    "schema_version": "1.0.0",
    "event_type": "agent_order",
    "source": "synthetic_agent",
    "symbol": "BTCUSDT",
    "exchange": "binance_usdm",
    "timestamp": "2024-05-01T00:00:00.240000Z",
    "sequence": 3,
    "scenario_id": "scenario-461-momentum_ignition",
    "agent_id": "agent-momentum_ignition",
    "order_id": "scenario-461-momentum_ignition-agent-momentum_ignition-3",
    "action": "new",
    "side": "buy",
    "price": 65530.38865999999,
    "quantity": 0.08,
    "remaining_quantity": 0.08
  },
  {
    "event_id": "ad55e8f8968344f8c009513e763169da1f6fa3dbd946ff8f1e811d6977a0cc82",
    "schema_version": "1.0.0",
    "event_type": "agent_order",
    "source": "synthetic_agent",
    "symbol": "BTCUSDT",
    "exchange": "binance_usdm",
    "timestamp": "2024-05-01T00:00:00.320000Z",
    "sequence": 4,
    "scenario_id": "scenario-461-momentum_ignition",
    "agent_id": "agent-momentum_ignition",
    "order_id": "scenario-461-momentum_ignition-agent-momentum_ignition-4",
    "action": "new",
    "side": "buy",
    "price": 65531.69788,
    "quantity": 0.08,
    "remaining_quantity": 0.08
  },
  {
    "event_id": "3e650c883c6610a0c1ab5d8ae7b3533bc2eaa85f2abb007d436b2e9b8c45c2ce",
    "schema_version": "1.0.0",
    "event_type": "agent_order",
    "source": "synthetic_agent",
    "symbol": "BTCUSDT",
    "exchange": "binance_usdm",
    "timestamp": "2024-05-01T00:00:00.400000Z",
    "sequence": 5,
    "scenario_id": "scenario-461-momentum_ignition",
    "agent_id": "agent-momentum_ignition",
    "order_id": "scenario-461-momentum_ignition-agent-momentum_ignition-5",
    "action": "new",
    "side": "buy",
    "price": 65533.007099999995,
    "quantity": 0.08,
    "remaining_quantity": 0.08
  },
  {
    "event_id": "61e6866171deb21e1905a843d4251b862481cc4efec6ff02d843c9eadc8fde8b",
    "schema_version": "1.0.0",
    "event_type": "agent_order",
    "source": "synthetic_agent",
    "symbol": "BTCUSDT",
    "exchange": "binance_usdm",
    "timestamp": "2024-05-01T00:00:00.480000Z",
    "sequence": 6,
    "scenario_id": "scenario-461-momentum_ignition",
    "agent_id": "agent-momentum_ignition",
    "order_id": "scenario-461-momentum_ignition-agent-momentum_ignition-6",
    "action": "new",
    "side": "buy",
    "price": 65534.31631999998,
    "quantity": 0.08,
    "remaining_quantity": 0.08
  },
  {
    "event_id": "7fc2a105da46562b795d1c835d2de1af9f76c8b7f0b11e686d83dff1e90eac37",
    "schema_version": "1.0.0",
    "event_type": "agent_order",
    "source": "synthetic_agent",
    "symbol": "BTCUSDT",
    "exchange": "binance_usdm",
    "timestamp": "2024-05-01T00:00:00.560000Z",
    "sequence": 7,
    "scenario_id": "scenario-461-momentum_ignition",
    "agent_id": "agent-momentum_ignition",
    "order_id": "scenario-461-momentum_ignition-agent-momentum_ignition-7",
    "action": "new",
    "side": "buy",
    "price": 65535.62553999999,
    "quantity": 0.08,
    "remaining_quantity": 0.08
  },
  {
    "event_id": "17cca5be7485d8e38b1cd6c46d2c6b8446cd491ec4d1bde4f5843e9f77a6abc2",
    "schema_version": "1.0.0",
    "event_type": "agent_order",
    "source": "synthetic_agent",
    "symbol": "BTCUSDT",
    "exchange": "binance_usdm",
    "timestamp": "2024-05-01T00:00:00.640000Z",
    "sequence": 8,
    "scenario_id": "scenario-461-momentum_ignition",
    "agent_id": "agent-momentum_ignition",
    "order_id": "scenario-461-momentum_ignition-agent-momentum_ignition-8",
    "action": "new",
    "side": "buy",
    "price": 65536.93475999999,
    "quantity": 0.08,
    "remaining_quantity": 0.08
  },
  {
    "event_id": "213bc77b996d19734f6b7709dceb49c4c83664c16a4ed600e58c9fed1569b904",
    "schema_version": "1.0.0",
    "event_type": "agent_order",
    "source": "synthetic_agent",
    "symbol": "BTCUSDT",
    "exchange": "binance_usdm",
    "timestamp": "2024-05-01T00:00:00.720000Z",
    "sequence": 9,
    "scenario_id": "scenario-461-momentum_ignition",
    "agent_id": "agent-momentum_ignition",
    "order_id": "scenario-461-momentum_ignition-agent-momentum_ignition-9",
    "action": "new",
    "side": "buy",
    "price": 65538.24398,
    "quantity": 0.08,
    "remaining_quantity": 0.08
  },
  {
    "event_id": "5244b9ba6aeaa011bfe856a7b2f80755615e19830a31b93ec9df9460633175dc",
    "schema_version": "1.0.0",
    "event_type": "agent_order",
    "source": "synthetic_agent",
    "symbol": "BTCUSDT",
    "exchange": "binance_usdm",
    "timestamp": "2024-05-01T00:00:00.800000Z",
    "sequence": 10,
    "scenario_id": "scenario-461-momentum_ignition",
    "agent_id": "agent-momentum_ignition",
    "order_id": "scenario-461-momentum_ignition-agent-momentum_ignition-10",
    "action": "new",
    "side": "buy",
    "price": 65539.5532,
    "quantity": 0.08,
    "remaining_quantity": 0.08
  },
  {
    "event_id": "456aa53d9b36ba97ed9ea69e1982b12f8b13d0310d0a170cde5c73162a89ec34",
    "schema_version": "1.0.0",
    "event_type": "agent_order",
    "source": "synthetic_agent",
    "symbol": "BTCUSDT",
    "exchange": "binance_usdm",
    "timestamp": "2024-05-01T00:00:00.880000Z",
    "sequence": 11,
    "scenario_id": "scenario-461-momentum_ignition",
    "agent_id": "agent-momentum_ignition",
    "order_id": "scenario-461-momentum_ignition-agent-momentum_ignition-11",
    "action": "new",
    "side": "buy",
    "price": 65540.86242,
    "quantity": 0.08,
    "remaining_quantity": 0.08
  },
  {
    "event_id": "0eabf53bf84a48be3792c96c4526c0b43b6b2009dc03fb19ecfaa01141e30f6c",
    "schema_version": "1.0.0",
    "event_type": "agent_order",
    "source": "synthetic_agent",
    "symbol": "BTCUSDT",
    "exchange": "binance_usdm",
    "timestamp": "2024-05-01T00:00:00.960000Z",
    "sequence": 12,
    "scenario_id": "scenario-461-momentum_ignition",
    "agent_id": "agent-momentum_ignition",
    "order_id": "scenario-461-momentum_ignition-agent-momentum_ignition-12",
    "action": "new",
    "side": "buy",
    "price": 65542.17164,
    "quantity": 0.08,
    "remaining_quantity": 0.08
  },
  {
    "event_id": "86005cadbd6cff935130c6a1b13c7252121b5edfd1dc6145c732a14e8358fcbb",
    "schema_version": "1.0.0",
    "event_type": "agent_order",
    "source": "synthetic_agent",
    "symbol": "BTCUSDT",
    "exchange": "binance_usdm",
    "timestamp": "2024-05-01T00:00:01.040000Z",
    "sequence": 13,
    "scenario_id": "scenario-461-momentum_ignition",
    "agent_id": "agent-momentum_ignition",
    "order_id": "scenario-461-momentum_ignition-agent-momentum_ignition-13",
    "action": "new",
    "side": "buy",
    "price": 65543.48085999998,
    "quantity": 0.08,
    "remaining_quantity": 0.08
  },
  {
    "event_id": "72e40ed84262c4b5dbbe92a4f03e0922ef5b8108f1b92785201171ea77111fcd",
    "schema_version": "1.0.0",
    "event_type": "agent_order",
    "source": "synthetic_agent",
    "symbol": "BTCUSDT",
    "exchange": "binance_usdm",
    "timestamp": "2024-05-01T00:00:01.120000Z",
    "sequence": 14,
    "scenario_id": "scenario-461-momentum_ignition",
    "agent_id": "agent-momentum_ignition",
    "order_id": "scenario-461-momentum_ignition-agent-momentum_ignition-14",
    "action": "new",
    "side": "buy",
    "price": 65544.79007999999,
    "quantity": 0.08,
    "remaining_quantity": 0.08
  },
  {
    "event_id": "3eca43be5e37cb90694ca7518b9c515e878b597065e178f1d0c8fd30aa408223",
    "schema_version": "1.0.0",
    "event_type": "agent_order",
    "source": "synthetic_agent",
    "symbol": "BTCUSDT",
    "exchange": "binance_usdm",
    "timestamp": "2024-05-01T00:00:01.200000Z",
    "sequence": 15,
    "scenario_id": "scenario-461-momentum_ignition",
    "agent_id": "agent-momentum_ignition",
    "order_id": "scenario-461-momentum_ignition-agent-momentum_ignition-15",
    "action": "new",
    "side": "buy",
    "price": 65546.09929999999,
    "quantity": 0.08,
    "remaining_quantity": 0.08
  },
  {
    "event_id": "20313aedbe06450704c1d6602264255261c9be69965db21976d8d12d911a438b",
    "schema_version": "1.0.0",
    "event_type": "agent_order",
    "source": "synthetic_agent",
    "symbol": "BTCUSDT",
    "exchange": "binance_usdm",
    "timestamp": "2024-05-01T00:00:01.280000Z",
    "sequence": 16,
    "scenario_id": "scenario-461-momentum_ignition",
    "agent_id": "agent-momentum_ignition",
    "order_id": "scenario-461-momentum_ignition-agent-momentum_ignition-16",
    "action": "new",
    "side": "buy",
    "price": 65547.40852,
    "quantity": 0.08,
    "remaining_quantity": 0.08
  },
  {
    "event_id": "22dfd89c35d7ec3f688c4c83566b3851640071c1946e333d1b1ba7179f22d613",
    "schema_version": "1.0.0",
    "event_type": "agent_order",
    "source": "synthetic_agent",
    "symbol": "BTCUSDT",
    "exchange": "binance_usdm",
    "timestamp": "2024-05-01T00:00:01.360000Z",
    "sequence": 17,
    "scenario_id": "scenario-461-momentum_ignition",
    "agent_id": "agent-momentum_ignition",
    "order_id": "scenario-461-momentum_ignition-agent-momentum_ignition-17",
    "action": "new",
    "side": "buy",
    "price": 65548.71774,
    "quantity": 0.08,
    "remaining_quantity": 0.08
  },
  {
    "event_id": "ab65d9b7f0b3d5dbaf335302d7063578fddc40391bde865125b4d6cd77c11701",
    "schema_version": "1.0.0",
    "event_type": "agent_order",
    "source": "synthetic_agent",
    "symbol": "BTCUSDT",
    "exchange": "binance_usdm",
    "timestamp": "2024-05-01T00:00:01.440000Z",
    "sequence": 18,
    "scenario_id": "scenario-461-momentum_ignition",
    "agent_id": "agent-momentum_ignition",
    "order_id": "scenario-461-momentum_ignition-agent-momentum_ignition-18",
    "action": "new",
    "side": "buy",
    "price": 65550.02695999999,
    "quantity": 0.08,
    "remaining_quantity": 0.08
  },
  {
    "event_id": "ea07e4a2a45481d9ffdc6a4af570a111736b4b83ac0d680576b62d84725997e5",
    "schema_version": "1.0.0",
    "event_type": "agent_order",
    "source": "synthetic_agent",
    "symbol": "BTCUSDT",
    "exchange": "binance_usdm",
    "timestamp": "2024-05-01T00:00:01.520000Z",
    "sequence": 19,
    "scenario_id": "scenario-461-momentum_ignition",
    "agent_id": "agent-momentum_ignition",
    "order_id": "scenario-461-momentum_ignition-agent-momentum_ignition-19",
    "action": "new",
    "side": "buy",
    "price": 65551.33618,
    "quantity": 0.08,
    "remaining_quantity": 0.08
  },
  {
    "event_id": "586ff9ff20c969ddceabe0c50ed77940ca8715491d7976de2a9b84f0c2410076",
    "schema_version": "1.0.0",
    "event_type": "agent_order",
    "source": "synthetic_agent",
    "symbol": "BTCUSDT",
    "exchange": "binance_usdm",
    "timestamp": "2024-05-01T00:00:01.600000Z",
    "sequence": 20,
    "scenario_id": "scenario-461-momentum_ignition",
    "agent_id": "agent-momentum_ignition",
    "order_id": "scenario-461-momentum_ignition-agent-momentum_ignition-20",
    "action": "new",
    "side": "buy",
    "price": 65552.6454,
    "quantity": 0.08,
    "remaining_quantity": 0.08
  },
  {
    "event_id": "f644e29910c09bbb2527506711c60873bc160681952ab6b0ea82979aeed9dea9",
    "schema_version": "1.0.0",
    "event_type": "agent_order",
    "source": "synthetic_agent",
    "symbol": "BTCUSDT",
    "exchange": "binance_usdm",
    "timestamp": "2024-05-01T00:00:01.680000Z",
    "sequence": 21,
    "scenario_id": "scenario-461-momentum_ignition",
    "agent_id": "agent-momentum_ignition",
    "order_id": "scenario-461-momentum_ignition-agent-momentum_ignition-21",
    "action": "new",
    "side": "buy",
    "price": 65553.95462,
    "quantity": 0.08,
    "remaining_quantity": 0.08
  },
  {
    "event_id": "f0e7fea0cdca13708a5571008ade92ca6450ad73718ee5e063ae9cb44ddec6d5",
    "schema_version": "1.0.0",
    "event_type": "agent_order",
    "source": "synthetic_agent",
    "symbol": "BTCUSDT",
    "exchange": "binance_usdm",
    "timestamp": "2024-05-01T00:00:01.760000Z",
    "sequence": 22,
    "scenario_id": "scenario-461-momentum_ignition",
    "agent_id": "agent-momentum_ignition",
    "order_id": "scenario-461-momentum_ignition-agent-momentum_ignition-22",
    "action": "new",
    "side": "buy",
    "price": 65555.26384,
    "quantity": 0.08,
    "remaining_quantity": 0.08
  },
  {
    "event_id": "2ac76f4bc406cff25468fbae66451cc45cf73bc5d8116e2070ad411372289e3d",
    "schema_version": "1.0.0",
    "event_type": "agent_order",
    "source": "synthetic_agent",
    "symbol": "BTCUSDT",
    "exchange": "binance_usdm",
    "timestamp": "2024-05-01T00:00:01.840000Z",
    "sequence": 23,
    "scenario_id": "scenario-461-momentum_ignition",
    "agent_id": "agent-momentum_ignition",
    "order_id": "scenario-461-momentum_ignition-agent-momentum_ignition-23",
    "action": "new",
    "side": "buy",
    "price": 65556.57305999998,
    "quantity": 0.08,
    "remaining_quantity": 0.08
  },
  {
    "event_id": "7888afea137ac0c99a6a05226446e31300798c732a95670bc4e358f14be5010c",
    "schema_version": "1.0.0",
    "event_type": "agent_order",
    "source": "synthetic_agent",
    "symbol": "BTCUSDT",
    "exchange": "binance_usdm",
    "timestamp": "2024-05-01T00:00:01.920000Z",
    "sequence": 24,
    "scenario_id": "scenario-461-momentum_ignition",
    "agent_id": "agent-momentum_ignition",
    "order_id": "scenario-461-momentum_ignition-agent-momentum_ignition-24",
    "action": "new",
    "side": "buy",
    "price": 65557.88227999999,
    "quantity": 0.08,
    "remaining_quantity": 0.08
  },
  {
    "event_id": "82e126060b6aca0e0819f7aa7f3ec66a9e7ca00eaf2f99960ee0cf3670558f25",
    "schema_version": "1.0.0",
    "event_type": "agent_order",
    "source": "synthetic_agent",
    "symbol": "BTCUSDT",
    "exchange": "binance_usdm",
    "timestamp": "2024-05-01T00:00:02Z",
    "sequence": 25,
    "scenario_id": "scenario-461-momentum_ignition",
    "agent_id": "agent-momentum_ignition",
    "order_id": "scenario-461-momentum_ignition-agent-momentum_ignition-25",
    "action": "new",
    "side": "buy",
    "price": 65559.19149999999,
    "quantity": 0.08,
    "remaining_quantity": 0.08
  },
  {
    "event_id": "78954e54a92deaf497f9254af922546fe23140af8ee2463687354eef0a6e42c3",
    "schema_version": "1.0.0",
    "event_type": "agent_order",
    "source": "synthetic_agent",
    "symbol": "BTCUSDT",
    "exchange": "binance_usdm",
    "timestamp": "2024-05-01T00:00:02.080000Z",
    "sequence": 26,
    "scenario_id": "scenario-461-momentum_ignition",
    "agent_id": "agent-momentum_ignition",
    "order_id": "scenario-461-momentum_ignition-agent-momentum_ignition-26",
    "action": "new",
    "side": "buy",
    "price": 65560.50072,
    "quantity": 0.08,
    "remaining_quantity": 0.08
  },
  {
    "event_id": "7d1682d89126123940c4fedceb543ad5938bb0778d9825db632ea872704557cc",
    "schema_version": "1.0.0",
    "event_type": "agent_order",
    "source": "synthetic_agent",
    "symbol": "BTCUSDT",
    "exchange": "binance_usdm",
    "timestamp": "2024-05-01T00:00:02.160000Z",
    "sequence": 27,
    "scenario_id": "scenario-461-momentum_ignition",
    "agent_id": "agent-momentum_ignition",
    "order_id": "scenario-461-momentum_ignition-agent-momentum_ignition-27",
    "action": "new",
    "side": "buy",
    "price": 65561.80993999999,
    "quantity": 0.08,
    "remaining_quantity": 0.08
  },
  {
    "event_id": "9d2b4de74dd5bc98047aa5bb3d7a7ceb9361631c1d7b32238d892437f3859cff",
    "schema_version": "1.0.0",
    "event_type": "agent_order",
    "source": "synthetic_agent",
    "symbol": "BTCUSDT",
    "exchange": "binance_usdm",
    "timestamp": "2024-05-01T00:00:02.240000Z",
    "sequence": 28,
    "scenario_id": "scenario-461-momentum_ignition",
    "agent_id": "agent-momentum_ignition",
    "order_id": "scenario-461-momentum_ignition-agent-momentum_ignition-28",
    "action": "new",
    "side": "buy",
    "price": 65563.11915999999,
    "quantity": 0.08,
    "remaining_quantity": 0.08
  },
  {
    "event_id": "e69f5f05fa8ab1aa3b718ae1fb3a9166ce4960867b183074da569342657b63d8",
    "schema_version": "1.0.0",
    "event_type": "agent_order",
    "source": "synthetic_agent",
    "symbol": "BTCUSDT",
    "exchange": "binance_usdm",
    "timestamp": "2024-05-01T00:00:02.320000Z",
    "sequence": 29,
    "scenario_id": "scenario-461-momentum_ignition",
    "agent_id": "agent-momentum_ignition",
    "order_id": "scenario-461-momentum_ignition-agent-momentum_ignition-29",
    "action": "new",
    "side": "buy",
    "price": 65564.42838,
    "quantity": 0.08,
    "remaining_quantity": 0.08
  }
]