[
  {
    "event_id": "5322ea297cc18d87b23b434a951a76e1d451617b45ce570515b21d27c58b2d98",
    "schema_version": "1.0.0",
    "event_type": "agent_order",
    "source": "synthetic_agent",
    "symbol": "BTCUSDT",
    "exchange": "binance_usdm",
    "timestamp": "2024-05-01T00:00:00Z",
    "sequence": 0,
    "scenario_id": "scenario-335-volatility_feedback",
    "agent_id": "agent-volatility_feedback",
    "order_id": "scenario-335-volatility_feedback-agent-volatility_feedback-0",
    "action": "new",
    "side": "buy",
    "price": 65400.33499999999,
    "quantity": 0.02,
    "remaining_quantity": 0.02
  },
  {
    "event_id": "dc3805c346e0b23ef58725085c260afd2cb1cb3d33e176293d9a4c046b45fee2",
    "schema_version": "1.0.0",
    "event_type": "agent_order",
    "source": "synthetic_agent",
    "symbol": "BTCUSDT",
    "exchange": "binance_usdm",
    "timestamp": "2024-05-01T00:00:00.020000Z",
    "sequence": 1,
    "scenario_id": "scenario-335-volatility_feedback",
    "agent_id": "agent-volatility_feedback",
    "order_id": "scenario-335-volatility_feedback-agent-volatility_feedback-1",
    "action": "new",
    "side": "sell",
    "price": 65268.3583,
    "quantity": 0.03,
    "remaining_quantity": 0.03
  },
  {
    "event_id": "92e0739ec2f313c1a320d07f036de2df31b7d51c051bfc62e414076006718dbe",
    "schema_version": "1.0.0",
    "event_type": "agent_order",
    "source": "synthetic_agent",
    "symbol": "BTCUSDT",
    "exchange": "binance_usdm",
    "timestamp": "2024-05-01T00:00:00.040000Z",
    "sequence": 2,
    "scenario_id": "scenario-335-volatility_feedback",
    "agent_id": "agent-volatility_feedback",
    "order_id": "scenario-335-volatility_feedback-agent-volatility_feedback-2",
    "action": "new",
    "side": "buy",
    "price": 65402.948399999994,
    "quantity": 0.04,
    "remaining_quantity": 0.04
  },
  {
    "event_id": "e006caa939fec8017dcfaca2449406e5695394b3e3ce58af87ea06d5edf71587",
    "schema_version": "1.0.0",
    "event_type": "agent_order",
    "source": "synthetic_agent",
    "symbol": "BTCUSDT",
    "exchange": "binance_usdm",
    "timestamp": "2024-05-01T00:00:00.060000Z",
    "sequence": 3,
    "scenario_id": "scenario-335-volatility_feedback",
    "agent_id": "agent-volatility_feedback",
    "order_id": "scenario-335-volatility_feedback-agent-volatility_feedback-3",
    "action": "new",
    "side": "sell",
    "price": 65265.744900000005,
    "quantity": 0.05,
    "remaining_quantity": 0.05
  },
  {
    "event_id": "375ecfc3f0631d661bb0c6340054ab838efaadc5104a031e499768df9996e833",
    "schema_version": "1.0.0",
    "event_type": "agent_order",
    "source": "synthetic_agent",
    "symbol": "BTCUSDT",
    "exchange": "binance_usdm",
    "timestamp": "2024-05-01T00:00:00.080000Z",
    "sequence": 4,
    "scenario_id": "scenario-335-volatility_feedback",
    "agent_id": "agent-volatility_feedback",
    "order_id": "scenario-335-volatility_feedback-agent-volatility_feedback-4",
    "action": "new",
    "side": "buy",
    "price": 65405.561799999996,
    "quantity": 0.02,
    "remaining_quantity": 0.02
  },
  {
    "event_id": "26790cde16673589e3319fbf492ea2eff7319b8b928bd3d3708826eb78e5a647",
    "schema_version": "1.0.0",
    "event_type": "agent_order",
    "source": "synthetic_agent",
    "symbol": "BTCUSDT",
    "exchange": "binance_usdm",
    "timestamp": "2024-05-01T00:00:00.100000Z",
    "sequence": 5,
    "scenario_id": "scenario-335-volatility_feedback",
    "agent_id": "agent-volatility_feedback",
    "order_id": "scenario-335-volatility_feedback-agent-volatility_feedback-5",
    "action": "new",
    "side": "sell",
    "price": 65263.1315,
    "quantity": 0.03,
    "remaining_quantity": 0.03
  },
  {
    "event_id": "cb95e600eabd6c4e5136b345e6c422295f31e37892999cfe51cf31413388fc0e",
    "schema_version": "1.0.0",
    "event_type": "agent_order",
    "source": "synthetic_agent",
    "symbol": "BTCUSDT",
    "exchange": "binance_usdm",
    "timestamp": "2024-05-01T00:00:00.120000Z",
    "sequence": 6,
    "scenario_id": "scenario-335-volatility_feedback",
    "agent_id": "agent-volatility_feedback",
    "order_id": "scenario-335-volatility_feedback-agent-volatility_feedback-6",
    "action": "new",
    "side": "buy",
    "price": 65408.1752,
    "quantity": 0.04,
    "remaining_quantity": 0.04
  },
  {
    "event_id": "3d69d5be23fd4e13d01f743137322639bdb11460a13f69cd2e175cb2c2ff5caf",
    "schema_version": "1.0.0",
    "event_type": "agent_order",
    "source": "synthetic_agent",
    "symbol": "BTCUSDT",
    "exchange": "binance_usdm",
    "timestamp": "2024-05-01T00:00:00.140000Z",
    "sequence": 7,
    "scenario_id": "scenario-335-volatility_feedback",
    "agent_id": "agent-volatility_feedback",
    "order_id": "scenario-335-volatility_feedback-agent-volatility_feedback-7",
    "action": "new",
    "side": "sell",
    "price": 65260.5181,
    "quantity": 0.05,
    "remaining_quantity": 0.05
  },
  {
    "event_id": "2b878ca1a46a38f5fc02011fc3738e427c5ef2ac9c1796086250956402827466",
    "schema_version": "1.0.0",
    "event_type": "agent_order",
    "source": "synthetic_agent",
    "symbol": "BTCUSDT",
    "exchange": "binance_usdm",
    "timestamp": "2024-05-01T00:00:00.160000Z",
    "sequence": 8,
    "scenario_id": "scenario-335-volatility_feedback",
    "agent_id": "agent-volatility_feedback",
    "order_id": "scenario-335-volatility_feedback-agent-volatility_feedback-8",
    "action": "new",
    "side": "buy",
    "price": 65410.7886,
    "quantity": 0.02,
    "remaining_quantity": 0.02
  },
  {
    "event_id": "ebb43cf26282f59d9f3c30fcbb6414ec3bc53320abf58a45d51018220232158c",
    "schema_version": "1.0.0",
    "event_type": "agent_order",
    "source": "synthetic_agent",
    "symbol": "BTCUSDT",
    "exchange": "binance_usdm",
    "timestamp": "2024-05-01T00:00:00.180000Z",
    "sequence": 9,
    "scenario_id": "scenario-335-volatility_feedback",
    "agent_id": "agent-volatility_feedback",
    "order_id": "scenario-335-volatility_feedback-agent-volatility_feedback-9",
    "action": "new",
    "side": "sell",
    "price": 65257.9047,
    "quantity": 0.03,
    "remaining_quantity": 0.03
  },
  {
    "event_id": "9a26cb02c773a42a028059d357bcf303aa4718d0e4058495663f8b7f031b94e5",
    "schema_version": "1.0.0",
    "event_type": "agent_order",
    "source": "synthetic_agent",
    "symbol": "BTCUSDT",
    "exchange": "binance_usdm",
    "timestamp": "2024-05-01T00:00:00.200000Z",
    "sequence": 10,
    "scenario_id": "scenario-335-volatility_feedback",
    "agent_id": "agent-volatility_feedback",
    "order_id": "scenario-335-volatility_feedback-agent-volatility_feedback-10",
    "action": "new",
    "side": "buy",
    "price": 65413.40200000001,
    "quantity": 0.04,
    "remaining_quantity": 0.04
  },
  {
    "event_id": "dd1ea1f6a7d14ec3d8c9e46180418dc846cb994489496311a628c79eb90b52c0",
    "schema_version": "1.0.0",
    "event_type": "agent_order",
    "source": "synthetic_agent",
    "symbol": "BTCUSDT",
    "exchange": "binance_usdm",
    "timestamp": "2024-05-01T00:00:00.220000Z",
    "sequence": 11,
    "scenario_id": "scenario-335-volatility_feedback",
    "agent_id": "agent-volatility_feedback",
    "order_id": "scenario-335-volatility_feedback-agent-volatility_feedback-11",
    "action": "new",
    "side": "sell",
    "price": 65255.2913,
    "quantity": 0.05,
    "remaining_quantity": 0.05
  },
  {
    "event_id": "dfef00d8f0d386ee34f568d9d6657226048bc9951ff26783dc0299d53cd374dc",
    "schema_version": "1.0.0",
    "event_type": "agent_order",
    "source": "synthetic_agent",
    "symbol": "BTCUSDT",
    "exchange": "binance_usdm",
    "timestamp": "2024-05-01T00:00:00.240000Z",
    "sequence": 12,
    "scenario_id": "scenario-335-volatility_feedback",
    "agent_id": "agent-volatility_feedback",
    "order_id": "scenario-335-volatility_feedback-agent-volatility_feedback-12",
    "action": "new",
    "side": "buy",
    "price": 65416.0154,
    "quantity": 0.02,
    "remaining_quantity": 0.02
  },
  {
    "event_id": "dc407af2f1df2312d2b080d08776812122af55482655578f7c72eb0bc43288a1",
    "schema_version": "1.0.0",
    "event_type": "agent_order",
    "source": "synthetic_agent",
    "symbol": "BTCUSDT",
    "exchange": "binance_usdm",
    "timestamp": "2024-05-01T00:00:00.260000Z",
    "sequence": 13,
    "scenario_id": "scenario-335-volatility_feedback",
    "agent_id": "agent-volatility_feedback",
    "order_id": "scenario-335-volatility_feedback-agent-volatility_feedback-13",
    "action": "new",
    "side": "sell",
    "price": 65252.677899999995,
    "quantity": 0.03,
    "remaining_quantity": 0.03
  },
  {
    "event_id": "059d1ad44b44715f84fa01f926e939ed89f9fd64050becef7a7cc642748e492a",
    "schema_version": "1.0.0",
    "event_type": "agent_order",
    "source": "synthetic_agent",
    "symbol": "BTCUSDT",
    "exchange": "binance_usdm",
    "timestamp": "2024-05-01T00:00:00.280000Z",
    "sequence": 14,
    "scenario_id": "scenario-335-volatility_feedback",
    "agent_id": "agent-volatility_feedback",
    "order_id": "scenario-335-volatility_feedback-agent-volatility_feedback-14",
    "action": "new",
    "side": "buy",
    "price": 65418.6288,
    "quantity": 0.04,
    "remaining_quantity": 0.04
  },
  {
    "event_id": "9c5b999e6787e63a9599f6404c3a2308a18683edd53a522ba6141ad9c936bc41",
    "schema_version": "1.0.0",
    "event_type": "agent_order",
    "source": "synthetic_agent",
    "symbol": "BTCUSDT",
    "exchange": "binance_usdm",
    "timestamp": "2024-05-01T00:00:00.300000Z",
    "sequence": 15,
    "scenario_id": "scenario-335-volatility_feedback",
    "agent_id": "agent-volatility_feedback",
    "order_id": "scenario-335-volatility_feedback-agent-volatility_feedback-15",
    "action": "new",
    "side": "sell",
    "price": 65250.0645,
    "quantity": 0.05,
    "remaining_quantity": 0.05
  },
  {
    "event_id": "c725e1adf1e2e76b73323e9cc63e2260f7098ef770e58db76e92e8a6a4e9f1b3",
    "schema_version": "1.0.0",
    "event_type": "agent_order",
    "source": "synthetic_agent",
    "symbol": "BTCUSDT",
    "exchange": "binance_usdm",
    "timestamp": "2024-05-01T00:00:00.320000Z",
    "sequence": 16,
    "scenario_id": "scenario-335-volatility_feedback",
    "agent_id": "agent-volatility_feedback",
    "order_id": "scenario-335-volatility_feedback-agent-volatility_feedback-16",
    "action": "new",
    "side": "buy",
    "price": 65421.2422,
    "quantity": 0.02,
    "remaining_quantity": 0.02
  },
  {
    "event_id": "2dd132bf2a45b1140f019590051890a5b9f0d949df17e861dafaeee551931c30",
    "schema_version": "1.0.0",
    "event_type": "agent_order",
    "source": "synthetic_agent",
    "symbol": "BTCUSDT",
    "exchange": "binance_usdm",
    "timestamp": "2024-05-01T00:00:00.340000Z",
    "sequence": 17,
    "scenario_id": "scenario-335-volatility_feedback",
    "agent_id": "agent-volatility_feedback",
    "order_id": "scenario-335-volatility_feedback-agent-volatility_feedback-17",
    "action": "new",
    "side": "sell",
    "price": 65247.4511,
    "quantity": 0.03,
    "remaining_quantity": 0.03
  },
  {
    "event_id": "2ebbf48d2e0d6f3784f8d8f5a645fb0024ff0c4d5af60c7f8c26d54daf499320",
    "schema_version": "1.0.0",
    "event_type": "agent_order",
    "source": "synthetic_agent",
    "symbol": "BTCUSDT",
    "exchange": "binance_usdm",
    "timestamp": "2024-05-01T00:00:00.360000Z",
    "sequence": 18,
    "scenario_id": "scenario-335-volatility_feedback",
    "agent_id": "agent-volatility_feedback",
    "order_id": "scenario-335-volatility_feedback-agent-volatility_feedback-18",
    "action": "new",
    "side": "buy",
    "price": 65423.8556,
    "quantity": 0.04,
    "remaining_quantity": 0.04
  },
  {
    "event_id": "f6e97e1c2d0d265a8f26a1df8f131530b5795836ee05dce58fdcbe929e1918b3",
    "schema_version": "1.0.0",
    "event_type": "agent_order",
    "source": "synthetic_agent",
    "symbol": "BTCUSDT",
    "exchange": "binance_usdm",
    "timestamp": "2024-05-01T00:00:00.380000Z",
    "sequence": 19,
    "scenario_id": "scenario-335-volatility_feedback",
    "agent_id": "agent-volatility_feedback",
    "order_id": "scenario-335-volatility_feedback-agent-volatility_feedback-19",
    "action": "new",
    "side": "sell",
    "price": 65244.8377,
    "quantity": 0.05,
    "remaining_quantity": 0.05
  },
  {
    "event_id": "d841155fc81cd78bde715003764752c5afc858a7dc46cc1694a7151488558299",
    "schema_version": "1.0.0",
    "event_type": "agent_order",
    "source": "synthetic_agent",
    "symbol": "BTCUSDT",
    "exchange": "binance_usdm",
    "timestamp": "2024-05-01T00:00:00.400000Z",
    "sequence": 20,
    "scenario_id": "scenario-335-volatility_feedback",
    "agent_id": "agent-volatility_feedback",
    "order_id": "scenario-335-volatility_feedback-agent-volatility_feedback-20",
    "action": "new",
    "side": "buy",
    "price": 65426.469000000005,
    "quantity": 0.02,
    "remaining_quantity": 0.02
  },
  {
    "event_id": "c8ecfb6c83237a4b2ab3c5c85fcd63517acfe98c6d55bd67cff8855e80ebbe53",
    "schema_version": "1.0.0",
    "event_type": "agent_order",
    "source": "synthetic_agent",
    "symbol": "BTCUSDT",
    "exchange": "binance_usdm",
    "timestamp": "2024-05-01T00:00:00.420000Z",
    "sequence": 21,
    "scenario_id": "scenario-335-volatility_feedback",
    "agent_id": "agent-volatility_feedback",
    "order_id": "scenario-335-volatility_feedback-agent-volatility_feedback-21",
    "action": "new",
    "side": "sell",
    "price": 65242.2243,
    "quantity": 0.03,
    "remaining_quantity": 0.03
  },
  {
    "event_id": "9b1e8780711f41cc758a38e6bc15d49ba9208ad6395dfc6337e266b94a85f1d7",
    "schema_version": "1.0.0",
    "event_type": "agent_order",
    "source": "synthetic_agent",
    "symbol": "BTCUSDT",
    "exchange": "binance_usdm",
    "timestamp": "2024-05-01T00:00:00.440000Z",
    "sequence": 22,
    "scenario_id": "scenario-335-volatility_feedback",
    "agent_id": "agent-volatility_feedback",
    "order_id": "scenario-335-volatility_feedback-agent-volatility_feedback-22",
    "action": "new",
    "side": "buy",
    "price": 65429.08240000001,
    "quantity": 0.04,
    "remaining_quantity": 0.04
  },
  {
    "event_id": "c6ed4026efd88a116e02c1350775d69bd9faa4de9a4493e9e779a3b31b9bee67",
    "schema_version": "1.0.0",
    "event_type": "agent_order",
    "source": "synthetic_agent",
    "symbol": "BTCUSDT",
    "exchange": "binance_usdm",
    "timestamp": "2024-05-01T00:00:00.460000Z",
    "sequence": 23,
    "scenario_id": "scenario-335-volatility_feedback",
    "agent_id": "agent-volatility_feedback",
    "order_id": "scenario-335-volatility_feedback-agent-volatility_feedback-23",
    "action": "new",
    "side": "sell",
    "price": 65239.6109,
    "quantity": 0.05,
    "remaining_quantity": 0.05
  },
  {
    "event_id": "ea481a744acaaea9dc462c73fc51c1b899b67c111d0aa346b0152ab35356d049",
    "schema_version": "1.0.0",
    "event_type": "agent_order",
    "source": "synthetic_agent",
    "symbol": "BTCUSDT",
    "exchange": "binance_usdm",
    "timestamp": "2024-05-01T00:00:00.480000Z",
    "sequence": 24,
    "scenario_id": "scenario-335-volatility_feedback",
    "agent_id": "agent-volatility_feedback",
    "order_id": "scenario-335-volatility_feedback-agent-volatility_feedback-24",
    "action": "new",
    "side": "buy",
    "price": 65431.695799999994,
    "quantity": 0.02,
    "remaining_quantity": 0.02
  },
  {
    "event_id": "a79e20126a1810b33efdf56cae6d4d474b1d508db0bfc009997bac1cefb05fce",
    "schema_version": "1.0.0",
    "event_type": "agent_order",
    "source": "synthetic_agent",
    "symbol": "BTCUSDT",
    "exchange": "binance_usdm",
    "timestamp": "2024-05-01T00:00:00.500000Z",
    "sequence": 25,
    "scenario_id": "scenario-335-volatility_feedback",
    "agent_id": "agent-volatility_feedback",
    "order_id": "scenario-335-volatility_feedback-agent-volatility_feedback-25",
    "action": "new",
    "side": "sell",
    "price": 65236.997500000005,
    "quantity": 0.03,
    "remaining_quantity": 0.03
  },
  {
    "event_id": "c09aeb9ea0b58c84f4970725eea6ed9fa9e0762396ccc3aeacfbf56f404ba319",
    "schema_version": "1.0.0",
    "event_type": "agent_order",
    "source": "synthetic_agent",
    "symbol": "BTCUSDT",
    "exchange": "binance_usdm",
    "timestamp": "2024-05-01T00:00:00.520000Z",
    "sequence": 26,
    "scenario_id": "scenario-335-volatility_feedback",
    "agent_id": "agent-volatility_feedback",
    "order_id": "scenario-335-volatility_feedback-agent-volatility_feedback-26",
    "action": "new",
    "side": "buy",
    "price": 65434.309199999996,
    "quantity": 0.04,
    "remaining_quantity": 0.04
  },
  {
    "event_id": "93d7effef689eaf4ba8d328671feaa076205d9afd9b0f444a09c112b8b4cee34",
    "schema_version": "1.0.0",
    "event_type": "agent_order",
    "source": "synthetic_agent",
    "symbol": "BTCUSDT",
    "exchange": "binance_usdm",
    "timestamp": "2024-05-01T00:00:00.540000Z",
    "sequence": 27,
    "scenario_id": "scenario-335-volatility_feedback",
    "agent_id": "agent-volatility_feedback",
    "order_id": "scenario-335-volatility_feedback-agent-volatility_feedback-27",
    "action": "new",
    "side": "sell",
    "price": 65234.3841,
    "quantity": 0.05,
    "remaining_quantity": 0.05
  },
  {
    "event_id": "a8c8c22e1e4df56851ffc61e5c674b24889265f9eb5b2c009f3cfdbc944a119a",
    "schema_version": "1.0.0",
    "event_type": "agent_order",
    "source": "synthetic_agent",
    "symbol": "BTCUSDT",
    "exchange": "binance_usdm",
    "timestamp": "2024-05-01T00:00:00.560000Z",
    "sequence": 28,
    "scenario_id": "scenario-335-volatility_feedback",
    "agent_id": "agent-volatility_feedback",
    "order_id": "scenario-335-volatility_feedback-agent-volatility_feedback-28",
    "action": "new",
    "side": "buy",
    "price": 65436.9226,
    "quantity": 0.02,
    "remaining_quantity": 0.02
  },
  {
    "event_id": "423dfa3aedef29c5bd794e86d27b71d2523c591a0e5d4947bf0220b3d5580b15",
    "schema_version": "1.0.0",
    "event_type": "agent_order",
    "source": "synthetic_agent",
    "symbol": "BTCUSDT",
    "exchange": "binance_usdm",
    "timestamp": "2024-05-01T00:00:00.580000Z",
    "sequence": 29,
    "scenario_id": "scenario-335-volatility_feedback",
    "agent_id": "agent-volatility_feedback",
    "order_id": "scenario-335-volatility_feedback-agent-volatility_feedback-29",
    "action": "new",
    "side": "sell",
    "price": 65231.7707,
    "quantity": 0.03,
    "remaining_quantity": 0.03
  }
]