[
  {
    "event_id": "9da4e60874af50aac173f82511b2eb433f3fb655d3e792a1d2258bfe32795a40",
    "schema_version": "1.0.0",
    "event_type": "agent_order",
    "source": "synthetic_agent",
    "symbol": "BTCUSDT",
    "exchange": "binance_usdm",
    "timestamp": "2024-05-01T00:00:00Z",
    "sequence": 0,
    "scenario_id": "scenario-051-spoofing_layering",
    "agent_id": "agent-spoofing_layering",
    "order_id": "scenario-051-spoofing_layering-agent-spoofing_layering-0",
    "action": "new",
    "side": "sell",
    "price": 65083.525499999996,
    "quantity": 0.5,
    "remaining_quantity": 0.5
  },
  {
    "event_id": "6a9beb76d62a4a95d54b474f51302991bcd627f341dbfeea231eb1d066e97ae9",
    "schema_version": "1.0.0",
    "event_type": "agent_order",
    "source": "synthetic_agent",
    "symbol": "BTCUSDT",
    "exchange": "binance_usdm",
    "timestamp": "2024-05-01T00:00:00.050000Z",
    "sequence": 1,
    "scenario_id": "scenario-051-spoofing_layering",
    "agent_id": "agent-spoofing_layering",
    "order_id": "scenario-051-spoofing_layering-agent-spoofing_layering-1",
    "action": "new",
    "side": "sell",
    "price": 65084.17601,
    "quantity": 0.5,
    "remaining_quantity": 0.5
  },
  {
    "event_id": "0c7997f1d1a3793743b7f15133df305d685624a2149f9f97862efec79b5815c0",
    "schema_version": "1.0.0",
    "event_type": "agent_order",
    "source": "synthetic_agent",
    "symbol": "BTCUSDT",
    "exchange": "binance_usdm",
    "timestamp": "2024-05-01T00:00:00.100000Z",
    "sequence": 2,
    "scenario_id": "scenario-051-spoofing_layering",
    "agent_id": "agent-spoofing_layering",
    "order_id": "scenario-051-spoofing_layering-agent-spoofing_layering-2",
    "action": "new",
    "side": "sell",
    "price": 65084.82651999999,
    "quantity": 0.5,
    "remaining_quantity": 0.5
  },
  {
    "event_id": "f8861f9c91f45d02b266d1632955873fba4a32a16b3b665faa0f9622fa8f186f",
    "schema_version": "1.0.0",
    "event_type": "agent_order",
    "source": "synthetic_agent",
    "symbol": "BTCUSDT",
    "exchange": "binance_usdm",
    "timestamp": "2024-05-01T00:00:00.150000Z",
    "sequence": 3,
    "scenario_id": "scenario-051-spoofing_layering",
    "agent_id": "agent-spoofing_layering",
    "order_id": "scenario-051-spoofing_layering-agent-spoofing_layering-3",
    "action": "new",
    "side": "sell",
    "price": 65085.477029999995,
    "quantity": 0.5,
    "remaining_quantity": 0.5
  },
  {
    "event_id": "76377de0d4373410a9f79a272fa3035a9671d01ce410393a2cfbfe13f8b02ce0",
    "schema_version": "1.0.0",
    "event_type": "agent_order",
    "source": "synthetic_agent",
    "symbol": "BTCUSDT",
    "exchange": "binance_usdm",
    "timestamp": "2024-05-01T00:00:00.200000Z",
    "sequence": 4,
    "scenario_id": "scenario-051-spoofing_layering",
    "agent_id": "agent-spoofing_layering",
    "order_id": "scenario-051-spoofing_layering-agent-spoofing_layering-4",
    "action": "new",
    "side": "sell",
    "price": 65086.12754,
    "quantity": 0.5,
    "remaining_quantity": 0.5
  },
  {
    "event_id": "07580f55e898eb81308e48f57d38c5daad82f936c9a90a60468a40a43258c2a9",
    "schema_version": "1.0.0",
    "event_type": "agent_order",
    "source": "synthetic_agent",
    "symbol": "BTCUSDT",
    "exchange": "binance_usdm",
    "timestamp": "2024-05-01T00:00:00.250000Z",
    "sequence": 5,
    "scenario_id": "scenario-051-spoofing_layering",
    "agent_id": "agent-spoofing_layering",
    "order_id": "scenario-051-spoofing_layering-agent-spoofing_layering-5",
    "action": "new",
    "side": "sell",
    "price": 65086.77805,
    "quantity": 0.5,
    "remaining_quantity": 0.5
  },
  {
    "event_id": "fcfc37dd157620b259626baf3377daf3815836afe817fabafa1c75bef3e6d7dc",
    "schema_version": "1.0.0",
    "event_type": "agent_order",
    "source": "synthetic_agent",
    "symbol": "BTCUSDT",
    "exchange": "binance_usdm",
    "timestamp": "2024-05-01T00:00:00.300000Z",
    "sequence": 6,
    "scenario_id": "scenario-051-spoofing_layering",
    "agent_id": "agent-spoofing_layering",
    "order_id": "scenario-051-spoofing_layering-agent-spoofing_layering-6",
    "action": "new",
    "side": "sell",
    "price": 65087.42855999999,
    "quantity": 0.5,
    "remaining_quantity": 0.5
  },
  {
    "event_id": "61e01df80beb211c5691fd1c20bf7e37cfa265513503997476baeddb1a01cb4d",
    "schema_version": "1.0.0",
    "event_type": "agent_order",
    "source": "synthetic_agent",
    "symbol": "BTCUSDT",
    "exchange": "binance_usdm",
    "timestamp": "2024-05-01T00:00:00.350000Z",
    "sequence": 7,
    "scenario_id": "scenario-051-spoofing_layering",
    "agent_id": "agent-spoofing_layering",
    "order_id": "scenario-051-spoofing_layering-agent-spoofing_layering-7",
    "action": "new",
    "side": "sell",
    "price": 65088.07907,
    "quantity": 0.5,
    "remaining_quantity": 0.5
  },
  {
    "event_id": "3f28597702b2e0cb0ae8265f626308c139bd25afa673856670e0db4cc1acdf7a",
    "schema_version": "1.0.0",
    "event_type": "agent_order",
    "source": "synthetic_agent",
    "symbol": "BTCUSDT",
    "exchange": "binance_usdm",
    "timestamp": "2024-05-01T00:00:00.400000Z",
    "sequence": 8,
    "scenario_id": "scenario-051-spoofing_layering",
    "agent_id": "agent-spoofing_layering",
    "order_id": "scenario-051-spoofing_layering-agent-spoofing_layering-8",
    "action": "new",
    "side": "sell",
    "price": 65088.72958,
    "quantity": 0.5,
    "remaining_quantity": 0.5
  },
  {
    "event_id": "5aac628c3a8de2837757773fc5cc20da3edfc232dd65a2033f5fc32d75fff261",
    "schema_version": "1.0.0",
    "event_type": "agent_order",
    "source": "synthetic_agent",
    "symbol": "BTCUSDT",
    "exchange": "binance_usdm",
    "timestamp": "2024-05-01T00:00:00.450000Z",
    "sequence": 9,
    "scenario_id": "scenario-051-spoofing_layering",
    "agent_id": "agent-spoofing_layering",
    "order_id": "scenario-051-spoofing_layering-agent-spoofing_layering-9",
    "action": "new",
    "side": "sell",
    "price": 65089.38008999999,
    "quantity": 0.5,
    "remaining_quantity": 0.5
  },
  {
    "event_id": "3f026e6e18abc406bea84582aa0d2e16fab42e40a98fbe5cf73447bd6c33ff55",
    "schema_version": "1.0.0",
    "event_type": "agent_order",
    "source": "synthetic_agent",
    "symbol": "BTCUSDT",
    "exchange": "binance_usdm",
    "timestamp": "2024-05-01T00:00:00.500000Z",
    "sequence": 10,
    "scenario_id": "scenario-051-spoofing_layering",
    "agent_id": "agent-spoofing_layering",
    "order_id": "scenario-051-spoofing_layering-agent-spoofing_layering-10",
    "action": "new",
    "side": "sell",
    "price": 65090.0306,
    "quantity": 0.5,
    "remaining_quantity": 0.5
  },
  {
    "event_id": "1c152bc937e57eb2c461fc21d25b142147c7d160d639f9b019501cc0be22d7a6",
    "schema_version": "1.0.0",
    "event_type": "agent_order",
    "source": "synthetic_agent",
    "symbol": "BTCUSDT",
    "exchange": "binance_usdm",
    "timestamp": "2024-05-01T00:00:00.550000Z",
    "sequence": 11,
    "scenario_id": "scenario-051-spoofing_layering",
    "agent_id": "agent-spoofing_layering",
    "order_id": "scenario-051-spoofing_layering-agent-spoofing_layering-11",
    "action": "new",
    "side": "sell",
    "price": 65090.68111,
    "quantity": 0.5,
    "remaining_quantity": 0.5
  },
  {
    "event_id": "ec1bf2a67c311467e54d0f8c1175b96a6a0dfa4556ccfec656fb8e7c33865b39",
    "schema_version": "1.0.0",
    "event_type": "agent_order",
    "source": "synthetic_agent",
    "symbol": "BTCUSDT",
    "exchange": "binance_usdm",
    "timestamp": "2024-05-01T00:00:00.600000Z",
    "sequence": 12,
    "scenario_id": "scenario-051-spoofing_layering",
    "agent_id": "agent-spoofing_layering",
    "order_id": "scenario-051-spoofing_layering-agent-spoofing_layering-12",
    "action": "new",
    "side": "sell",
    "price": 65091.33161999999,
    "quantity": 0.5,
    "remaining_quantity": 0.5
  },
  {
    "event_id": "a6d603a7cb96fd9b3be1a17ecbeebf51ecfef68b8c3037f2be5194cb76a4e153",
    "schema_version": "1.0.0",
    "event_type": "agent_order",
    "source": "synthetic_agent",
    "symbol": "BTCUSDT",
    "exchange": "binance_usdm",
    "timestamp": "2024-05-01T00:00:00.650000Z",
    "sequence": 13,
    "scenario_id": "scenario-051-spoofing_layering",
    "agent_id": "agent-spoofing_layering",
    "order_id": "scenario-051-spoofing_layering-agent-spoofing_layering-13",
    "action": "new",
    "side": "sell",
    "price": 65091.98213,
    "quantity": 0.5,
    "remaining_quantity": 0.5
  },
  {
    "event_id": "091e049ab980455f4b5f5c37ca730b78acc3440b6bcbf75c20c1e2513386ee27",
    "schema_version": "1.0.0",
    "event_type": "agent_order",
    "source": "synthetic_agent",
    "symbol": "BTCUSDT",
    "exchange": "binance_usdm",
    "timestamp": "2024-05-01T00:00:00.700000Z",
    "sequence": 14,
    "scenario_id": "scenario-051-spoofing_layering",
    "agent_id": "agent-spoofing_layering",
    "order_id": "scenario-051-spoofing_layering-agent-spoofing_layering-14",
    "action": "new",
    "side": "sell",
    "price": 65092.632639999996,
    "quantity": 0.5,
    "remaining_quantity": 0.5
  },
  {
    "event_id": "b6fa1501d0f1ff1c25f265e30f10b051d7a97ccd8a51e2fd3d8e42593ddb6caf",
    "schema_version": "1.0.0",
    "event_type": "agent_order",
    "source": "synthetic_agent",
    "symbol": "BTCUSDT",
    "exchange": "binance_usdm",
    "timestamp": "2024-05-01T00:00:00.750000Z",
    "sequence": 15,
    "scenario_id": "scenario-051-spoofing_layering",
    "agent_id": "agent-spoofing_layering",
    "order_id": "scenario-051-spoofing_layering-agent-spoofing_layering-15",
    "action": "new",
    "side": "sell",
    "price": 65093.28315,
    "quantity": 0.5,
    "remaining_quantity": 0.5
  },
  {
    "event_id": "28e6efad7de1f6487e4b7bc769fad3855a5b07a60ffbb81bef4956e550c4027d",
    "schema_version": "1.0.0",
    "event_type": "agent_order",
    "source": "synthetic_agent",
    "symbol": "BTCUSDT",
    "exchange": "binance_usdm",
    "timestamp": "2024-05-01T00:00:00.800000Z",
    "sequence": 16,
    "scenario_id": "scenario-051-spoofing_layering",
    "agent_id": "agent-spoofing_layering",
    "order_id": "scenario-051-spoofing_layering-agent-spoofing_layering-16",
    "action": "new",
    "side": "sell",
    "price": 65093.933659999995,
    "quantity": 0.5,
    "remaining_quantity": 0.5
  },
  {
    "event_id": "4464d4bc622a14a7cc438e83447aab5fa316d6dc17084854fd0406f6f4038c45",
    "schema_version": "1.0.0",
    "event_type": "agent_order",
    "source": "synthetic_agent",
    "symbol": "BTCUSDT",
    "exchange": "binance_usdm",
    "timestamp": "2024-05-01T00:00:00.850000Z",
    "sequence": 17,
    "scenario_id": "scenario-051-spoofing_layering",
    "agent_id": "agent-spoofing_layering",
    "order_id": "scenario-051-spoofing_layering-agent-spoofing_layering-17",
    "action": "new",
    "side": "sell",
    "price": 65094.584169999995,
    "quantity": 0.5,
    "remaining_quantity": 0.5
  },
  {
    "event_id": "11b1d32164a9dfbd0a63921fee1c4af34a485ec9fccfc3ac275af013182f6095",
    "schema_version": "1.0.0",
    "event_type": "agent_order",
    "source": "synthetic_agent",
    "symbol": "BTCUSDT",
    "exchange": "binance_usdm",
    "timestamp": "2024-05-01T00:00:00.900000Z",
    "sequence": 18,
    "scenario_id": "scenario-051-spoofing_layering",
    "agent_id": "agent-spoofing_layering",
    "order_id": "scenario-051-spoofing_layering-agent-spoofing_layering-18",
    "action": "new",
    "side": "sell",
    "price": 65095.23468,
    "quantity": 0.5,
    "remaining_quantity": 0.5
  },
  {
    "event_id": "c92ab8e765d3bb2f93c308125208aec2e2c20841b2d4b22799276f845c476d7b",
    "schema_version": "1.0.0",
    "event_type": "agent_order",
    "source": "synthetic_agent",
    "symbol": "BTCUSDT",
    "exchange": "binance_usdm",
    "timestamp": "2024-05-01T00:00:00.950000Z",
    "sequence": 19,
    "scenario_id": "scenario-051-spoofing_layering",
    "agent_id": "agent-spoofing_layering",
    "order_id": "scenario-051-spoofing_layering-agent-spoofing_layering-19",
    "action": "new",
    "side": "sell",
    "price": 65095.88518999999,
    "quantity": 0.5,
    "remaining_quantity": 0.5
  },
  {
    "event_id": "c2e7d895c519e9dcde1eb14bdcdac4c535cff337efd19815de868ae8f152424d",
    "schema_version": "1.0.0",
    "event_type": "agent_order",
    "source": "synthetic_agent",
    "symbol": "BTCUSDT",
    "exchange": "binance_usdm",
    "timestamp": "2024-05-01T00:00:01Z",
    "sequence": 20,
    "scenario_id": "scenario-051-spoofing_layering",
    "agent_id": "agent-spoofing_layering",
    "order_id": "scenario-051-spoofing_layering-agent-spoofing_layering-20",
    "action": "new",
    "side": "sell",
    "price": 65096.53569999999,
    "quantity": 0.5,
    "remaining_quantity": 0.5
  },
  {
    "event_id": "9763754538f78e1fc5c129638a3964d36b2ce1590318419baa311868fa140ab6",
    "schema_version": "1.0.0",
    "event_type": "agent_order",
    "source": "synthetic_agent",
    "symbol": "BTCUSDT",
    "exchange": "binance_usdm",
    "timestamp": "2024-05-01T00:00:01.050000Z",
    "sequence": 21,
    "scenario_id": "scenario-051-spoofing_layering",
    "agent_id": "agent-spoofing_layering",
    "order_id": "scenario-051-spoofing_layering-agent-spoofing_layering-21",
    "action": "new",
    "side": "sell",
    "price": 65097.18621,
    "quantity": 0.5,
    "remaining_quantity": 0.5
  },
  {
    "event_id": "c6ca72ea1f80c3924a36c504f45658ad88b8e67f5947bfbe638b82f6daa7ad3d",
    "schema_version": "1.0.0",
    "event_type": "agent_order",
    "source": "synthetic_agent",
    "symbol": "BTCUSDT",
    "exchange": "binance_usdm",
    "timestamp": "2024-05-01T00:00:01.100000Z",
    "sequence": 22,
    "scenario_id": "scenario-051-spoofing_layering",
    "agent_id": "agent-spoofing_layering",
    "order_id": "scenario-051-spoofing_layering-agent-spoofing_layering-22",
    "action": "new",
    "side": "sell",
    "price": 65097.83672000001,
    "quantity": 0.5,
    "remaining_quantity": 0.5
  },
  {
    "event_id": "ec872f50764778272ab8e241d5ee63ff021718253da8a2d6592604e96d03671c",
    "schema_version": "1.0.0",
    "event_type": "agent_order",
    "source": "synthetic_agent",
    "symbol": "BTCUSDT",
    "exchange": "binance_usdm",
    "timestamp": "2024-05-01T00:00:01.150000Z",
    "sequence": 23,
    "scenario_id": "scenario-051-spoofing_layering",
    "agent_id": "agent-spoofing_layering",
    "order_id": "scenario-051-spoofing_layering-agent-spoofing_layering-23",
    "action": "new",
    "side": "sell",
    "price": 65098.48722999999,
    "quantity": 0.5,
    "remaining_quantity": 0.5
  },
  {
    "event_id": "b34ce8454e6ce876fd7a4693af58ae88d3acdd54630d04497e2e492f21e361cc",
    "schema_version": "1.0.0",
    "event_type": "agent_order",
    "source": "synthetic_agent",
    "symbol": "BTCUSDT",
    "exchange": "binance_usdm",
    "timestamp": "2024-05-01T00:00:01.200000Z",
    "sequence": 24,
    "scenario_id": "scenario-051-spoofing_layering",
    "agent_id": "agent-spoofing_layering",
    "order_id": "scenario-051-spoofing_layering-agent-spoofing_layering-24",
    "action": "new",
    "side": "sell",
    "price": 65099.13774,
    "quantity": 0.5,
    "remaining_quantity": 0.5
  },
  {
    "event_id": "8f498bb47262751df1eb28e208d71b90fc1fff85ad4a5914c4fe5fe2b03d3d6d",
    "schema_version": "1.0.0",
    "event_type": "agent_order",
    "source": "synthetic_agent",
    "symbol": "BTCUSDT",
    "exchange": "binance_usdm",
    "timestamp": "2024-05-01T00:00:01.250000Z",
    "sequence": 25,
    "scenario_id": "scenario-051-spoofing_layering",
    "agent_id": "agent-spoofing_layering",
    "order_id": "scenario-051-spoofing_layering-agent-spoofing_layering-25",
    "action": "new",
    "side": "sell",
    "price": 65099.788250000005,
    "quantity": 0.5,
    "remaining_quantity": 0.5
  },
  {
    "event_id": "e371e414c3aafede927ca1d708da3ec844572b7b92ac22366d6413b98fb5b966",
    "schema_version": "1.0.0",
    "event_type": "agent_order",
    "source": "synthetic_agent",
    "symbol": "BTCUSDT",
    "exchange": "binance_usdm",
    "timestamp": "2024-05-01T00:00:01.300000Z",
    "sequence": 26,
    "scenario_id": "scenario-051-spoofing_layering",
    "agent_id": "agent-spoofing_layering",
    "order_id": "scenario-051-spoofing_layering-agent-spoofing_layering-26",
    "action": "new",
    "side": "sell",
    "price": 65100.43875999999,
    "quantity": 0.5,
    "remaining_quantity": 0.5
  },
  {
    "event_id": "1fc2acc017c0357f522c5912fe260dcc9f819fd09d1e8ab83fd896c91be72416",
    "schema_version": "1.0.0",
    "event_type": "agent_order",
    "source": "synthetic_agent",
    "symbol": "BTCUSDT",
    "exchange": "binance_usdm",
    "timestamp": "2024-05-01T00:00:01.350000Z",
    "sequence": 27,
    "scenario_id": "scenario-051-spoofing_layering",
    "agent_id": "agent-spoofing_layering",
    "order_id": "scenario-051-spoofing_layering-agent-spoofing_layering-27",
    "action": "new",
    "side": "sell",
    "price": 65101.08927,
    "quantity": 0.5,
    "remaining_quantity": 0.5
  },
  {
    "event_id": "9762a6e4c9c77b9e6c8c466ee5421b5fe525f76e58e91b12e2ebc21a3c9f8d4d",
    "schema_version": "1.0.0",
    "event_type": "agent_order",
    "source": "synthetic_agent",
    "symbol": "BTCUSDT",
    "exchange": "binance_usdm",
    "timestamp": "2024-05-01T00:00:01.400000Z",
    "sequence": 28,
    "scenario_id": "scenario-051-spoofing_layering",
    "agent_id": "agent-spoofing_layering",
    "order_id": "scenario-051-spoofing_layering-agent-spoofing_layering-28",
    "action": "new",
    "side": "sell",
    "price": 65101.73978,
    "quantity": 0.5,
    "remaining_quantity": 0.5
  },
  {
    "event_id": "98bd39ceb84d8ea72a8a415c32de5d9fa94c6f775b48cc04efe75e045ffe99c9",
    "schema_version": "1.0.0",
    "event_type": "agent_order",
    "source": "synthetic_agent",
    "symbol": "BTCUSDT",
    "exchange": "binance_usdm",
    "timestamp": "2024-05-01T00:00:01.450000Z",
    "sequence": 29,
    "scenario_id": "scenario-051-spoofing_layering",
    "agent_id": "agent-spoofing_layering",
    "order_id": "scenario-051-spoofing_layering-agent-spoofing_layering-29",
    "action": "new",
    "side": "sell",
    "price": 65102.39028999999,
    "quantity": 0.5,
    "remaining_quantity": 0.5
  }
]