[
  {
    "event_id": "1eee18bdc0e4bd9a0eb674ee3912732c7db95e12dbae68306393f1844fc84759",
    "schema_version": "1.0.0",
    "event_type": "agent_order",
    "source": "synthetic_agent",
    "symbol": "BTCUSDT",
    "exchange": "binance_usdm",
    "timestamp": "2024-05-01T00:00:00Z",
    "sequence": 0,
    "scenario_id": "scenario-493-twap_execution",
    "agent_id": "agent-twap_execution",
    "order_id": "scenario-493-twap_execution-agent-twap_execution-0",
    "action": "new",
    "side": "buy",
    "price": 65460.253500000006,
    "quantity": 0.005,
    "remaining_quantity": 0.005
  },
  {
    "event_id": "3acada6f55e105bb5a2466db647a90f19999099fb6e2e091f7446790eb73e39b",
    "schema_version": "1.0.0",
    "event_type": "agent_order",
    "source": "synthetic_agent",
    "symbol": "BTCUSDT",
    "exchange": "binance_usdm",
    "timestamp": "2024-05-01T00:00:01Z",
    "sequence": 1,
    "scenario_id": "scenario-493-twap_execution",
    "agent_id": "agent-twap_execution",
    "order_id": "scenario-493-twap_execution-agent-twap_execution-1",
    "action": "new",
    "side": "buy",
    "price": 65460.253500000006,
    "quantity": 0.005,
    "remaining_quantity": 0.005
  },
  {
    "event_id": "11e531f8d6b408199c582748afba311b385ddc3843c3e4eaee28a182ac2b0ee2",
    "schema_version": "1.0.0",
    "event_type": "agent_order",
    "source": "synthetic_agent",
    "symbol": "BTCUSDT",
    "exchange": "binance_usdm",
    "timestamp": "2024-05-01T00:00:02Z",
    "sequence": 2,
    "scenario_id": "scenario-493-twap_execution",
    "agent_id": "agent-twap_execution",
    "order_id": "scenario-493-twap_execution-agent-twap_execution-2",
    "action": "new",
    "side": "buy",
    "price": 65460.253500000006,
    "quantity": 0.005,
    "remaining_quantity": 0.005
  },
  {
    "event_id": "5c5b04fba9807fc5d430a5e3e4257cf0f6405dbe3817f8445150f5ff4a9825c3",
    "schema_version": "1.0.0",
    "event_type": "agent_order",
    "source": "synthetic_agent",
    "symbol": "BTCUSDT",
    "exchange": "binance_usdm",
    "timestamp": "2024-05-01T00:00:03Z",
    "sequence": 3,
    "scenario_id": "scenario-493-twap_execution",
    "agent_id": "agent-twap_execution",
    "order_id": "scenario-493-twap_execution-agent-twap_execution-3",
    "action": "new",
    "side": "buy",
    "price": 65460.253500000006,
    "quantity": 0.005,
    "remaining_quantity": 0.005
  },
  {
    "event_id": "dcd6a37481643b58f972ec24ec1d71bc35fb90a82c35697978c359f03efb2f77",
    "schema_version": "1.0.0",
    "event_type": "agent_order",
    "source": "synthetic_agent",
    "symbol": "BTCUSDT",
    "exchange": "binance_usdm",
    "timestamp": "2024-05-01T00:00:04Z",
    "sequence": 4,
    "scenario_id": "scenario-493-twap_execution",
    "agent_id": "agent-twap_execution",
    "order_id": "scenario-493-twap_execution-agent-twap_execution-4",
    "action": "new",
    "side": "buy",
    "price": 65460.253500000006,
    "quantity": 0.005,
    "remaining_quantity": 0.005
  },
  {
    "event_id": "b2cd92fb543ac349e4b8161c00680043dba9f2bb0d426eef99ca1ad17ca6a6ac",
    "schema_version": "1.0.0",
    "event_type": "agent_order",
    "source": "synthetic_agent",
    "symbol": "BTCUSDT",
    "exchange": "binance_usdm",
    "timestamp": "2024-05-01T00:00:05Z",
    "sequence": 5,
    "scenario_id": "scenario-493-twap_execution",
    "agent_id": "agent-twap_execution",
    "order_id": "scenario-493-twap_execution-agent-twap_execution-5",
    "action": "new",
    "side": "buy",
    "price": 65460.253500000006,
    "quantity": 0.005,
    "remaining_quantity": 0.005
  },
  {
    "event_id": "812eb5a6282d87174ec83694d55f46a11ffab5d386525f38939c37b1f046fa9f",
    "schema_version": "1.0.0",
    "event_type": "agent_order",
    "source": "synthetic_agent",
    "symbol": "BTCUSDT",
    "exchange": "binance_usdm",
    "timestamp": "2024-05-01T00:00:06Z",
    "sequence": 6,
    "scenario_id": "scenario-493-twap_execution",
    "agent_id": "agent-twap_execution",
    "order_id": "scenario-493-twap_execution-agent-twap_execution-6",
    "action": "new",
    "side": "buy",
    "price": 65460.253500000006,
    "quantity": 0.005,
    "remaining_quantity": 0.005
  },
  {
    "event_id": "f221b3b784fd770eb1eb5ffb9ba2068919451ca3bf1a4ab958f12fd585835e51",
    "schema_version": "1.0.0",
    "event_type": "agent_order",
    "source": "synthetic_agent",
    "symbol": "BTCUSDT",
    "exchange": "binance_usdm",
    "timestamp": "2024-05-01T00:00:07Z",
    "sequence": 7,
    "scenario_id": "scenario-493-twap_execution",
    "agent_id": "agent-twap_execution",
    "order_id": "scenario-493-twap_execution-agent-twap_execution-7",
    "action": "new",
    "side": "buy",
    "price": 65460.253500000006,
    "quantity": 0.005,
    "remaining_quantity": 0.005
  },
  {
    "event_id": "3c53786a5de94548e09a0de925138e028348c595a529314bc63d98f7571e121a",
    "schema_version": "1.0.0",
    "event_type": "agent_order",
    "source": "synthetic_agent",
    "symbol": "BTCUSDT",
    "exchange": "binance_usdm",
    "timestamp": "2024-05-01T00:00:08Z",
    "sequence": 8,
    "scenario_id": "scenario-493-twap_execution",
    "agent_id": "agent-twap_execution",
    "order_id": "scenario-493-twap_execution-agent-twap_execution-8",
    "action": "new",
    "side": "buy",
    "price": 65460.253500000006,
    "quantity": 0.005,
    "remaining_quantity": 0.005
  },
  {
    "event_id": "6820d6e85cee6d58aa9f1fb94916b8cca084f1f5a651e2f85c116dde6e95781b",
    "schema_version": "1.0.0",
    "event_type": "agent_order",
    "source": "synthetic_agent",
    "symbol": "BTCUSDT",
    "exchange": "binance_usdm",
    "timestamp": "2024-05-01T00:00:09Z",
    "sequence": 9,
    "scenario_id": "scenario-493-twap_execution",
    "agent_id": "agent-twap_execution",
    "order_id": "scenario-493-twap_execution-agent-twap_execution-9",
    "action": "new",
    "side": "buy",
    "price": 65460.253500000006,
    "quantity": 0.005,
    "remaining_quantity": 0.005
  },
  {
    "event_id": "eb6326c8d49b8606cbc7d8d80cca29ee7eaf4ddd45b9a7fc68f3ac1edeed4e38",
    "schema_version": "1.0.0",
    "event_type": "agent_order",
    "source": "synthetic_agent",
    "symbol": "BTCUSDT",
    "exchange": "binance_usdm",
    "timestamp": "2024-05-01T00:00:10Z",
    "sequence": 10,
    "scenario_id": "scenario-493-twap_execution",
    "agent_id": "agent-twap_execution",
    "order_id": "scenario-493-twap_execution-agent-twap_execution-10",
    "action": "new",
    "side": "buy",
    "price": 65460.253500000006,
    "quantity": 0.005,
    "remaining_quantity": 0.005
  },
  {
    "event_id": "a4581eb3208df3b9fe6fe891962ffed34ec898091422cff738af052ed31f7fb8",
    "schema_version": "1.0.0",
    "event_type": "agent_order",
    "source": "synthetic_agent",
    "symbol": "BTCUSDT",
    "exchange": "binance_usdm",
    "timestamp": "2024-05-01T00:00:11Z",
    "sequence": 11,
    "scenario_id": "scenario-493-twap_execution",
    "agent_id": "agent-twap_execution",
    "order_id": "scenario-493-twap_execution-agent-twap_execution-11",
    "action": "new",
    "side": "buy",
    "price": 65460.253500000006,
    "quantity": 0.005,
    "remaining_quantity": 0.005
  },
  {
    "event_id": "9b63d09bed7def7385c6c81bc0032b09f72309e8522843e49b586ff7e843a950",
    "schema_version": "1.0.0",
    "event_type": "agent_order",
    "source": "synthetic_agent",
    "symbol": "BTCUSDT",
    "exchange": "binance_usdm",
    "timestamp": "2024-05-01T00:00:12Z",
    "sequence": 12,
    "scenario_id": "scenario-493-twap_execution",
    "agent_id": "agent-twap_execution",
    "order_id": "scenario-493-twap_execution-agent-twap_execution-12",
    "action": "new",
    "side": "buy",
    "price": 65460.253500000006,
    "quantity": 0.005,
    "remaining_quantity": 0.005
  },
  {
    "event_id": "8372e4819871dbb5c77cf1967619a20fafa432d53e2d39ebdf8468b629cddc06",
    "schema_version": "1.0.0",
    "event_type": "agent_order",
    "source": "synthetic_agent",
    "symbol": "BTCUSDT",
    "exchange": "binance_usdm",
    "timestamp": "2024-05-01T00:00:13Z",
    "sequence": 13,
    "scenario_id": "scenario-493-twap_execution",
    "agent_id": "agent-twap_execution",
    "order_id": "scenario-493-twap_execution-agent-twap_execution-13",
    "action": "new",
    "side": "buy",
    "price": 65460.253500000006,
    "quantity": 0.005,
    "remaining_quantity": 0.005
  },
  {
    "event_id": "531d7e3306db3f8eef53e30073f5a477213063ba2d96f0908bc367b027a222b8",
    "schema_version": "1.0.0",
    "event_type": "agent_order",
    "source": "synthetic_agent",
    "symbol": "BTCUSDT",
    "exchange": "binance_usdm",
    "timestamp": "2024-05-01T00:00:14Z",
    "sequence": 14,
    "scenario_id": "scenario-493-twap_execution",
    "agent_id": "agent-twap_execution",
    "order_id": "scenario-493-twap_execution-agent-twap_execution-14",
    "action": "new",
    "side": "buy",
    "price": 65460.253500000006,
    "quantity": 0.005,
    "remaining_quantity": 0.005
  },
  {
    "event_id": "cb999a052ce861cc59801055892e1fc742baa3631fc8db90fd0a806abf12ff47",
    "schema_version": "1.0.0",
    "event_type": "agent_order",
    "source": "synthetic_agent",
    "symbol": "BTCUSDT",
    "exchange": "binance_usdm",
    "timestamp": "2024-05-01T00:00:15Z",
    "sequence": 15,
    "scenario_id": "scenario-493-twap_execution",
    "agent_id": "agent-twap_execution",
    "order_id": "scenario-493-twap_execution-agent-twap_execution-15",
    "action": "new",
    "side": "buy",
    "price": 65460.253500000006,
    "quantity": 0.005,
    "remaining_quantity": 0.005
  },
  {
    "event_id": "da6ee79d9776b69b75ad4cb47c559a5b98492d248f477d5d04f1bc0b8aeea077",
    "schema_version": "1.0.0",
    "event_type": "agent_order",
    "source": "synthetic_agent",
    "symbol": "BTCUSDT",
    "exchange": "binance_usdm",
    "timestamp": "2024-05-01T00:00:16Z",
    "sequence": 16,
    "scenario_id": "scenario-493-twap_execution",
    "agent_id": "agent-twap_execution",
    "order_id": "scenario-493-twap_execution-agent-twap_execution-16",
    "action": "new",
    "side": "buy",
    "price": 65460.253500000006,
    "quantity": 0.005,
    "remaining_quantity": 0.005
  },
  {
    "event_id": "937ef6ffa4dea9ab3558c2e0222de2856885b4079ecfaf568015737ac706584f",
    "schema_version": "1.0.0",
    "event_type": "agent_order",
    "source": "synthetic_agent",
    "symbol": "BTCUSDT",
    "exchange": "binance_usdm",
    "timestamp": "2024-05-01T00:00:17Z",
    "sequence": 17,
    "scenario_id": "scenario-493-twap_execution",
    "agent_id": "agent-twap_execution",
    "order_id": "scenario-493-twap_execution-agent-twap_execution-17",
    "action": "new",
    "side": "buy",
    "price": 65460.253500000006,
    "quantity": 0.005,
    "remaining_quantity": 0.005
  },
  {
    "event_id": "c0392fdda6a90ed40ef5b4f33e75a89e14440246043147f054d7cf167af22fe2",
    "schema_version": "1.0.0",
    "event_type": "agent_order",
    "source": "synthetic_agent",
    "symbol": "BTCUSDT",
    "exchange": "binance_usdm",
    "timestamp": "2024-05-01T00:00:18Z",
    "sequence": 18,
    "scenario_id": "scenario-493-twap_execution",
    "agent_id": "agent-twap_execution",
    "order_id": "scenario-493-twap_execution-agent-twap_execution-18",
    "action": "new",
    "side": "buy",
    "price": 65460.253500000006,
    "quantity": 0.005,
    "remaining_quantity": 0.005
  },
  {
    "event_id": "2cfe3cd8bb1850b10877fd4bff40234ef7f4c1c6181865f7a7735ca874a8a5d5",
    "schema_version": "1.0.0",
    "event_type": "agent_order",
    "source": "synthetic_agent",
    "symbol": "BTCUSDT",
    "exchange": "binance_usdm",
    "timestamp": "2024-05-01T00:00:19Z",
    "sequence": 19,
    "scenario_id": "scenario-493-twap_execution",
    "agent_id": "agent-twap_execution",
    "order_id": "scenario-493-twap_execution-agent-twap_execution-19",
    "action": "new",
    "side": "buy",
    "price": 65460.253500000006,
    "quantity": 0.005,
    "remaining_quantity": 0.005
  },
  {
    "event_id": "8154e2aecb36da37d31633a59582e4113d459921026a9c4b75c28388f25efcf8",
    "schema_version": "1.0.0",
    "event_type": "agent_order",
    "source": "synthetic_agent",
    "symbol": "BTCUSDT",
    "exchange": "binance_usdm",
    "timestamp": "2024-05-01T00:00:20Z",
    "sequence": 20,
    "scenario_id": "scenario-493-twap_execution",
    "agent_id": "agent-twap_execution",
    "order_id": "scenario-493-twap_execution-agent-twap_execution-20",
    "action": "new",
    "side": "buy",
    "price": 65460.253500000006,
    "quantity": 0.005,
    "remaining_quantity": 0.005
  },
  {
    "event_id": "577fa7f9c909fb2548490f32137f50dc13818feb46807a1b4484e6c0f8041a70",
    "schema_version": "1.0.0",
    "event_type": "agent_order",
    "source": "synthetic_agent",
    "symbol": "BTCUSDT",
    "exchange": "binance_usdm",
    "timestamp": "2024-05-01T00:00:21Z",
    "sequence": 21,
    "scenario_id": "scenario-493-twap_execution",
    "agent_id": "agent-twap_execution",
    "order_id": "scenario-493-twap_execution-agent-twap_execution-21",
    "action": "new",
    "side": "buy",
    "price": 65460.253500000006,
    "quantity": 0.005,
    "remaining_quantity": 0.005
  },
  {
    "event_id": "47be7b273d16708d2d6842cbebd530c904cfdeecd30c2eedf6fb957c24c1ebd5",
    "schema_version": "1.0.0",
    "event_type": "agent_order",
    "source": "synthetic_agent",
    "symbol": "BTCUSDT",
    "exchange": "binance_usdm",
    "timestamp": "2024-05-01T00:00:22Z",
    "sequence": 22,
    "scenario_id": "scenario-493-twap_execution",
    "agent_id": "agent-twap_execution",
    "order_id": "scenario-493-twap_execution-agent-twap_execution-22",
    "action": "new",
    "side": "buy",
    "price": 65460.253500000006,
    "quantity": 0.005,
    "remaining_quantity": 0.005
  },
  {
    "event_id": "434188a90805e54a0d84d22b1e3861f8a01577ad127aa32c190f1cbd608faf4e",
    "schema_version": "1.0.0",
    "event_type": "agent_order",
    "source": "synthetic_agent",
    "symbol": "BTCUSDT",
    "exchange": "binance_usdm",
    "timestamp": "2024-05-01T00:00:23Z",
    "sequence": 23,
    "scenario_id": "scenario-493-twap_execution",
    "agent_id": "agent-twap_execution",
    "order_id": "scenario-493-twap_execution-agent-twap_execution-23",
    "action": "new",
    "side": "buy",
    "price": 65460.253500000006,
    "quantity": 0.005,
    "remaining_quantity": 0.005
  },
  {
    "event_id": "6afdee9032f4abcb52ec4e15d4cc1abeb42420ee84ccd35d1606a07502120f9c",
    "schema_version": "1.0.0",
    "event_type": "agent_order",
    "source": "synthetic_agent",
    "symbol": "BTCUSDT",
    "exchange": "binance_usdm",
    "timestamp": "2024-05-01T00:00:24Z",
    "sequence": 24,
    "scenario_id": "scenario-493-twap_execution",
    "agent_id": "agent-twap_execution",
    "order_id": "scenario-493-twap_execution-agent-twap_execution-24",
    "action": "new",
    "side": "buy",
    "price": 65460.253500000006,
    "quantity": 0.005,
    "remaining_quantity": 0.005
  },
  {
    "event_id": "3845bcba1fe4d28baec9da273c1dce30c0916ad828939dd8f75a6c4146a1471d",
    "schema_version": "1.0.0",
    "event_type": "agent_order",
    "source": "synthetic_agent",
    "symbol": "BTCUSDT",
    "exchange": "binance_usdm",
    "timestamp": "2024-05-01T00:00:25Z",
    "sequence": 25,
    "scenario_id": "scenario-493-twap_execution",
    "agent_id": "agent-twap_execution",
    "order_id": "scenario-493-twap_execution-agent-twap_execution-25",
    "action": "new",
    "side": "buy",
    "price": 65460.253500000006,
    "quantity": 0.005,
    "remaining_quantity": 0.005
  },
  {
    "event_id": "deeefc43f5b8177da58642f3f8e48356364149c398bea7f3bff4565934236128",
    "schema_version": "1.0.0",
    "event_type": "agent_order",
    "source": "synthetic_agent",
    "symbol": "BTCUSDT",
    "exchange": "binance_usdm",
    "timestamp": "2024-05-01T00:00:26Z",
    "sequence": 26,
    "scenario_id": "scenario-493-twap_execution",
    "agent_id": "agent-twap_execution",
    "order_id": "scenario-493-twap_execution-agent-twap_execution-26",
    "action": "new",
    "side": "buy",
    "price": 65460.253500000006,
    "quantity": 0.005,
    "remaining_quantity": 0.005
  },
  {
    "event_id": "7c8b4773cd6b27981d74dfebe2df746784f69842362c6cc82061f7538d3ffdb3",
    "schema_version": "1.0.0",
    "event_type": "agent_order",
    "source": "synthetic_agent",
    "symbol": "BTCUSDT",
    "exchange": "binance_usdm",
    "timestamp": "2024-05-01T00:00:27Z",
    "sequence": 27,
    "scenario_id": "scenario-493-twap_execution",
    "agent_id": "agent-twap_execution",
    "order_id": "scenario-493-twap_execution-agent-twap_execution-27",
    "action": "new",
    "side": "buy",
    "price": 65460.253500000006,
    "quantity": 0.005,
    "remaining_quantity": 0.005
  },
  {
    "event_id": "20e0582793f639f314baf547a0c052e92311718b106739dc022d7b6c77165911",
    "schema_version": "1.0.0",
    "event_type": "agent_order",
    "source": "synthetic_agent",
    "symbol": "BTCUSDT",
    "exchange": "binance_usdm",
    "timestamp": "2024-05-01T00:00:28Z",
    "sequence": 28,
    "scenario_id": "scenario-493-twap_execution",
    "agent_id": "agent-twap_execution",
    "order_id": "scenario-493-twap_execution-agent-twap_execution-28",
    "action": "new",
    "side": "buy",
    "price": 65460.253500000006,
    "quantity": 0.005,
    "remaining_quantity": 0.005
  },
  {
    "event_id": "bf32cbfeec444a9120e0e3a7babce1358d4ad9714ec51a35cbdbe89d0a04f4f6",
    "schema_version": "1.0.0",
    "event_type": "agent_order",
    "source": "synthetic_agent",
    "symbol": "BTCUSDT",
    "exchange": "binance_usdm",
    "timestamp": "2024-05-01T00:00:29Z",
    "sequence": 29,
    "scenario_id": "scenario-493-twap_execution",
    "agent_id": "agent-twap_execution",
    "order_id": "scenario-493-twap_execution-agent-twap_execution-29",
    "action": "new",
    "side": "buy",
    "price": 65460.253500000006,
    "quantity": 0.005,
    "remaining_quantity": 0.005
  }
]