[
  {
    "event_id": "f0517c566cb6de241e90d7a538f5439838131cf3e06fbe8b334bb90490fc16a5",
    "schema_version": "1.0.0",
    "event_type": "agent_order",
    "source": "synthetic_agent",
    "symbol": "BTCUSDT",
    "exchange": "binance_usdm",
    "timestamp": "2024-05-01T00:00:00Z",
    "sequence": 0,
    "scenario_id": "scenario-479-volatility_feedback",
    "agent_id": "agent-volatility_feedback",
    "order_id": "scenario-479-volatility_feedback-agent-volatility_feedback-0",
    "action": "new",
    "side": "buy",
    "price": 65544.47899999999,
    "quantity": 0.02,
    "remaining_quantity": 0.02
  },
  {
    "event_id": "d8f9764976826fa4d8ab0e4b912b230ba2edccea18ea8b44a61cb20b12406bd6",
    "schema_version": "1.0.0",
    "event_type": "agent_order",
    "source": "synthetic_agent",
    "symbol": "BTCUSDT",
    "exchange": "binance_usdm",
    "timestamp": "2024-05-01T00:00:00.020000Z",
    "sequence": 1,
    "scenario_id": "scenario-479-volatility_feedback",
    "agent_id": "agent-volatility_feedback",
    "order_id": "scenario-479-volatility_feedback-agent-volatility_feedback-1",
    "action": "new",
    "side": "sell",
    "price": 65412.21142,
    "quantity": 0.03,
    "remaining_quantity": 0.03
  },
  {
    "event_id": "867c3b1c4fc86f3989221678e1fcc6a85e25e27d3377be388d1638f8ab76056b",
    "schema_version": "1.0.0",
    "event_type": "agent_order",
    "source": "synthetic_agent",
    "symbol": "BTCUSDT",
    "exchange": "binance_usdm",
    "timestamp": "2024-05-01T00:00:00.040000Z",
    "sequence": 2,
    "scenario_id": "scenario-479-volatility_feedback",
    "agent_id": "agent-volatility_feedback",
    "order_id": "scenario-479-volatility_feedback-agent-volatility_feedback-2",
    "action": "new",
    "side": "buy",
    "price": 65547.09816,
    "quantity": 0.04,
    "remaining_quantity": 0.04
  },
  {
    "event_id": "be7650b2658aa8c78c83635a356ef3674fd47982b12a3c5272bd7c5a9d69b74d",
    "schema_version": "1.0.0",
    "event_type": "agent_order",
    "source": "synthetic_agent",
    "symbol": "BTCUSDT",
    "exchange": "binance_usdm",
    "timestamp": "2024-05-01T00:00:00.060000Z",
    "sequence": 3,
    "scenario_id": "scenario-479-volatility_feedback",
    "agent_id": "agent-volatility_feedback",
    "order_id": "scenario-479-volatility_feedback-agent-volatility_feedback-3",
    "action": "new",
    "side": "sell",
    "price": 65409.592260000005,
    "quantity": 0.05,
    "remaining_quantity": 0.05
  },
  {
    "event_id": "a718c478f9d439c1688782aa9ed8eb43939d5f3f86e86cbcbb05ec7b401ba10c",
    "schema_version": "1.0.0",
    "event_type": "agent_order",
    "source": "synthetic_agent",
    "symbol": "BTCUSDT",
    "exchange": "binance_usdm",
    "timestamp": "2024-05-01T00:00:00.080000Z",
    "sequence": 4,
    "scenario_id": "scenario-479-volatility_feedback",
    "agent_id": "agent-volatility_feedback",
    "order_id": "scenario-479-volatility_feedback-agent-volatility_feedback-4",
    "action": "new",
    "side": "buy",
    "price": 65549.71732,
    "quantity": 0.02,
    "remaining_quantity": 0.02
  },
  {
    "event_id": "7f638f1afa4a1c2b3b8fed20b12d7e908136f794d958bbb7a86a6a4424a03407",
    "schema_version": "1.0.0",
    "event_type": "agent_order",
    "source": "synthetic_agent",
    "symbol": "BTCUSDT",
    "exchange": "binance_usdm",
    "timestamp": "2024-05-01T00:00:00.100000Z",
    "sequence": 5,
    "scenario_id": "scenario-479-volatility_feedback",
    "agent_id": "agent-volatility_feedback",
    "order_id": "scenario-479-volatility_feedback-agent-volatility_feedback-5",
    "action": "new",
    "side": "sell",
    "price": 65406.9731,
    "quantity": 0.03,
    "remaining_quantity": 0.03
  },
  {
    "event_id": "ef649b3fa39a3979aeb180f340a8f0bfc7fe623e9a2b187f3b972ef4581fa331",
    "schema_version": "1.0.0",
    "event_type": "agent_order",
    "source": "synthetic_agent",
    "symbol": "BTCUSDT",
    "exchange": "binance_usdm",
    "timestamp": "2024-05-01T00:00:00.120000Z",
    "sequence": 6,
    "scenario_id": "scenario-479-volatility_feedback",
    "agent_id": "agent-volatility_feedback",
    "order_id": "scenario-479-volatility_feedback-agent-volatility_feedback-6",
    "action": "new",
    "side": "buy",
    "price": 65552.33648,
    "quantity": 0.04,
    "remaining_quantity": 0.04
  },
  {
    "event_id": "a2cb7108ad8eca6c19061d762be33398ea7ed6dea5b13d562d01459a4abd9b1e",
    "schema_version": "1.0.0",
    "event_type": "agent_order",
    "source": "synthetic_agent",
    "symbol": "BTCUSDT",
    "exchange": "binance_usdm",
    "timestamp": "2024-05-01T00:00:00.140000Z",
    "sequence": 7,
    "scenario_id": "scenario-479-volatility_feedback",
    "agent_id": "agent-volatility_feedback",
    "order_id": "scenario-479-volatility_feedback-agent-volatility_feedback-7",
    "action": "new",
    "side": "sell",
    "price": 65404.35394,
    "quantity": 0.05,
    "remaining_quantity": 0.05
  },
  {
    "event_id": "53c721f0524afb5fe5f08c6981cc16c0ce4dd26728d366e7d9e2b9057f832181",
    "schema_version": "1.0.0",
    "event_type": "agent_order",
    "source": "synthetic_agent",
    "symbol": "BTCUSDT",
    "exchange": "binance_usdm",
    "timestamp": "2024-05-01T00:00:00.160000Z",
    "sequence": 8,
    "scenario_id": "scenario-479-volatility_feedback",
    "agent_id": "agent-volatility_feedback",
    "order_id": "scenario-479-volatility_feedback-agent-volatility_feedback-8",
    "action": "new",
    "side": "buy",
    "price": 65554.95564,
    "quantity": 0.02,
    "remaining_quantity": 0.02
  },
  {
    "event_id": "1118be0f9297b802349be802c4c26ac46cf446f9aa08b570d8f46560f67d7f2a",
    "schema_version": "1.0.0",
    "event_type": "agent_order",
    "source": "synthetic_agent",
    "symbol": "BTCUSDT",
    "exchange": "binance_usdm",
    "timestamp": "2024-05-01T00:00:00.180000Z",
    "sequence": 9,
    "scenario_id": "scenario-479-volatility_feedback",
    "agent_id": "agent-volatility_feedback",
    "order_id": "scenario-479-volatility_feedback-agent-volatility_feedback-9",
    "action": "new",
    "side": "sell",
    "price": 65401.734780000006,
    "quantity": 0.03,
    "remaining_quantity": 0.03
  },
  {
    "event_id": "c975ff6e7d89cb431c51ff802577a0b1693edf2646b9e383913252421112f7bd",
    "schema_version": "1.0.0",
    "event_type": "agent_order",
    "source": "synthetic_agent",
    "symbol": "BTCUSDT",
    "exchange": "binance_usdm",
    "timestamp": "2024-05-01T00:00:00.200000Z",
    "sequence": 10,
    "scenario_id": "scenario-479-volatility_feedback",
    "agent_id": "agent-volatility_feedback",
    "order_id": "scenario-479-volatility_feedback-agent-volatility_feedback-10",
    "action": "new",
    "side": "buy",
    "price": 65557.5748,
    "quantity": 0.04,
    "remaining_quantity": 0.04
  },
  {
    "event_id": "d4d53adb90deb88003f13d7014bf44d2e801be7ca643d1e0a8fa2d8b56064e34",
    "schema_version": "1.0.0",
    "event_type": "agent_order",
    "source": "synthetic_agent",
    "symbol": "BTCUSDT",
    "exchange": "binance_usdm",
    "timestamp": "2024-05-01T00:00:00.220000Z",
    "sequence": 11,
    "scenario_id": "scenario-479-volatility_feedback",
    "agent_id": "agent-volatility_feedback",
    "order_id": "scenario-479-volatility_feedback-agent-volatility_feedback-11",
    "action": "new",
    "side": "sell",
    "price": 65399.11562,
    "quantity": 0.05,
    "remaining_quantity": 0.05
  },
  {
    "event_id": "d2e29f036cca052a55ca7a62c53dda2bd6fef7b88ab31238bb993553f4111838",
    "schema_version": "1.0.0",
    "event_type": "agent_order",
    "source": "synthetic_agent",
    "symbol": "BTCUSDT",
    "exchange": "binance_usdm",
    "timestamp": "2024-05-01T00:00:00.240000Z",
    "sequence": 12,
    "scenario_id": "scenario-479-volatility_feedback",
    "agent_id": "agent-volatility_feedback",
    "order_id": "scenario-479-volatility_feedback-agent-volatility_feedback-12",
    "action": "new",
    "side": "buy",
    "price": 65560.19395999999,
    "quantity": 0.02,
    "remaining_quantity": 0.02
  },
  {
    "event_id": "3e473f3d97bd1031098586a2319d7be103d3c8ea1cf4bd5e89a3ab2c6560b223",
    "schema_version": "1.0.0",
    "event_type": "agent_order",
    "source": "synthetic_agent",
    "symbol": "BTCUSDT",
    "exchange": "binance_usdm",
    "timestamp": "2024-05-01T00:00:00.260000Z",
    "sequence": 13,
    "scenario_id": "scenario-479-volatility_feedback",
    "agent_id": "agent-volatility_feedback",
    "order_id": "scenario-479-volatility_feedback-agent-volatility_feedback-13",
    "action": "new",
    "side": "sell",
    "price": 65396.496459999995,
    "quantity": 0.03,
    "remaining_quantity": 0.03
  },
  {
    "event_id": "943000ccbb04b53de1ad8f1181be6dc9680c9803d87afaee710e20f84b3c1fe6",
    "schema_version": "1.0.0",
    "event_type": "agent_order",
    "source": "synthetic_agent",
    "symbol": "BTCUSDT",
    "exchange": "binance_usdm",
    "timestamp": "2024-05-01T00:00:00.280000Z",
    "sequence": 14,
    "scenario_id": "scenario-479-volatility_feedback",
    "agent_id": "agent-volatility_feedback",
    "order_id": "scenario-479-volatility_feedback-agent-volatility_feedback-14",
    "action": "new",
    "side": "buy",
    "price": 65562.81311999999,
    "quantity": 0.04,
    "remaining_quantity": 0.04
  },
  {
    "event_id": "65e22b4dd25d7f274cf4933590ef3e01b1c6476a3154d1b0d869fe126fa465f3",
    "schema_version": "1.0.0",
    "event_type": "agent_order",
    "source": "synthetic_agent",
    "symbol": "BTCUSDT",
    "exchange": "binance_usdm",
    "timestamp": "2024-05-01T00:00:00.300000Z",
    "sequence": 15,
    "scenario_id": "scenario-479-volatility_feedback",
    "agent_id": "agent-volatility_feedback",
    "order_id": "scenario-479-volatility_feedback-agent-volatility_feedback-15",
    "action": "new",
    "side": "sell",
    "price": 65393.8773,
    "quantity": 0.05,
    "remaining_quantity": 0.05
  },
  {
    "event_id": "fbc99a7c304d85bc52a3d4468691ce4d2ca814132d854531fd28e1a3a292b16d",
    "schema_version": "1.0.0",
    "event_type": "agent_order",
    "source": "synthetic_agent",
    "symbol": "BTCUSDT",
    "exchange": "binance_usdm",
    "timestamp": "2024-05-01T00:00:00.320000Z",
    "sequence": 16,
    "scenario_id": "scenario-479-volatility_feedback",
    "agent_id": "agent-volatility_feedback",
    "order_id": "scenario-479-volatility_feedback-agent-volatility_feedback-16",
    "action": "new",
    "side": "buy",
    "price": 65565.43228,
    "quantity": 0.02,
    "remaining_quantity": 0.02
  },
  {
    "event_id": "9837c388e7e846dc0925f6478f0a91a557e3bfef7c90ba5c00578e4bbc30d3e6",
    "schema_version": "1.0.0",
    "event_type": "agent_order",
    "source": "synthetic_agent",
    "symbol": "BTCUSDT",
    "exchange": "binance_usdm",
    "timestamp": "2024-05-01T00:00:00.340000Z",
    "sequence": 17,
    "scenario_id": "scenario-479-volatility_feedback",
    "agent_id": "agent-volatility_feedback",
    "order_id": "scenario-479-volatility_feedback-agent-volatility_feedback-17",
    "action": "new",
    "side": "sell",
    "price": 65391.25814,
    "quantity": 0.03,
    "remaining_quantity": 0.03
  },
  {
    "event_id": "07dbb6e956ddecce699b1bde08c86277cbd654a92fd059f3c2bcaa0fd43b2a8e",
    "schema_version": "1.0.0",
    "event_type": "agent_order",
    "source": "synthetic_agent",
    "symbol": "BTCUSDT",
    "exchange": "binance_usdm",
    "timestamp": "2024-05-01T00:00:00.360000Z",
    "sequence": 18,
    "scenario_id": "scenario-479-volatility_feedback",
    "agent_id": "agent-volatility_feedback",
    "order_id": "scenario-479-volatility_feedback-agent-volatility_feedback-18",
    "action": "new",
    "side": "buy",
    "price": 65568.05144,
    "quantity": 0.04,
    "remaining_quantity": 0.04
  },
  {
    "event_id": "94e41f8be4941acb25859916805d308f98e290ea6c5fd65020748b5705c62d23",
    "schema_version": "1.0.0",
    "event_type": "agent_order",
    "source": "synthetic_agent",
    "symbol": "BTCUSDT",
    "exchange": "binance_usdm",
    "timestamp": "2024-05-01T00:00:00.380000Z",
    "sequence": 19,
    "scenario_id": "scenario-479-volatility_feedback",
    "agent_id": "agent-volatility_feedback",
    "order_id": "scenario-479-volatility_feedback-agent-volatility_feedback-19",
    "action": "new",
    "side": "sell",
    "price": 65388.638979999996,
    "quantity": 0.05,
    "remaining_quantity": 0.05
  },
  {
    "event_id": "028d7cf881578b6048e13fbab089ab0a1205b78a308a03066e09a25d0f7faca6",
    "schema_version": "1.0.0",
    "event_type": "agent_order",
    "source": "synthetic_agent",
    "symbol": "BTCUSDT",
    "exchange": "binance_usdm",
    "timestamp": "2024-05-01T00:00:00.400000Z",
    "sequence": 20,
    "scenario_id": "scenario-479-volatility_feedback",
    "agent_id": "agent-volatility_feedback",
    "order_id": "scenario-479-volatility_feedback-agent-volatility_feedback-20",
    "action": "new",
    "side": "buy",
    "price": 65570.6706,
    "quantity": 0.02,
    "remaining_quantity": 0.02
  },
  {
    "event_id": "fa844fe54eac029d84e2a87f57aa94f6013e5d26eced59f5369cd4c1e5120652",
    "schema_version": "1.0.0",
    "event_type": "agent_order",
    "source": "synthetic_agent",
    "symbol": "BTCUSDT",
    "exchange": "binance_usdm",
    "timestamp": "2024-05-01T00:00:00.420000Z",
    "sequence": 21,
    "scenario_id": "scenario-479-volatility_feedback",
    "agent_id": "agent-volatility_feedback",
    "order_id": "scenario-479-volatility_feedback-agent-volatility_feedback-21",
    "action": "new",
    "side": "sell",
    "price": 65386.01982,
    "quantity": 0.03,
    "remaining_quantity": 0.03
  },
  {
    "event_id": "7d248d49f7979b989409863f4188becc4ed53652d001824741524d73bb1b91cc",
    "schema_version": "1.0.0",
    "event_type": "agent_order",
    "source": "synthetic_agent",
    "symbol": "BTCUSDT",
    "exchange": "binance_usdm",
    "timestamp": "2024-05-01T00:00:00.440000Z",
    "sequence": 22,
    "scenario_id": "scenario-479-volatility_feedback",
    "agent_id": "agent-volatility_feedback",
    "order_id": "scenario-479-volatility_feedback-agent-volatility_feedback-22",
    "action": "new",
    "side": "buy",
    "price": 65573.28976000001,
    "quantity": 0.04,
    "remaining_quantity": 0.04
  },
  {
    "event_id": "bac73281f9777dce0ecd0ba17ed9f7a0ff14940843fc3d990246c0fe0ff777b8",
    "schema_version": "1.0.0",
    "event_type": "agent_order",
    "source": "synthetic_agent",
    "symbol": "BTCUSDT",
    "exchange": "binance_usdm",
    "timestamp": "2024-05-01T00:00:00.460000Z",
    "sequence": 23,
    "scenario_id": "scenario-479-volatility_feedback",
    "agent_id": "agent-volatility_feedback",
    "order_id": "scenario-479-volatility_feedback-agent-volatility_feedback-23",
    "action": "new",
    "side": "sell",
    "price": 65383.40066,
    "quantity": 0.05,
    "remaining_quantity": 0.05
  },
  {
    "event_id": "3da10e334b685b9251ac7e2508639f6bcaa98afd1a0dce99609db3d4da0d12e4",
    "schema_version": "1.0.0",
    "event_type": "agent_order",
    "source": "synthetic_agent",
    "symbol": "BTCUSDT",
    "exchange": "binance_usdm",
    "timestamp": "2024-05-01T00:00:00.480000Z",
    "sequence": 24,
    "scenario_id": "scenario-479-volatility_feedback",
    "agent_id": "agent-volatility_feedback",
    "order_id": "scenario-479-volatility_feedback-agent-volatility_feedback-24",
    "action": "new",
    "side": "buy",
    "price": 65575.90892,
    "quantity": 0.02,
    "remaining_quantity": 0.02
  },
  {
    "event_id": "048605757736178f7d8197fd560c248b92344aff3bfe3ec5a3e47d39c841a776",
    "schema_version": "1.0.0",
    "event_type": "agent_order",
    "source": "synthetic_agent",
    "symbol": "BTCUSDT",
    "exchange": "binance_usdm",
    "timestamp": "2024-05-01T00:00:00.500000Z",
    "sequence": 25,
    "scenario_id": "scenario-479-volatility_feedback",
    "agent_id": "agent-volatility_feedback",
    "order_id": "scenario-479-volatility_feedback-agent-volatility_feedback-25",
    "action": "new",
    "side": "sell",
    "price": 65380.781500000005,
    "quantity": 0.03,
    "remaining_quantity": 0.03
  },
  {
    "event_id": "79ca306eff36ba3b64cc5d851856e0862f42ef67c8be4a2914f7197a6ccc44c4",
    "schema_version": "1.0.0",
    "event_type": "agent_order",
    "source": "synthetic_agent",
    "symbol": "BTCUSDT",
    "exchange": "binance_usdm",
    "timestamp": "2024-05-01T00:00:00.520000Z",
    "sequence": 26,
    "scenario_id": "scenario-479-volatility_feedback",
    "agent_id": "agent-volatility_feedback",
    "order_id": "scenario-479-volatility_feedback-agent-volatility_feedback-26",
    "action": "new",
    "side": "buy",
    "price": 65578.52808,
    "quantity": 0.04,
    "remaining_quantity": 0.04
  },
  {
    "event_id": "35e7d00074eeaba7e29653db59c21128a244d1628db9e6221f3c9579d005db56",
    "schema_version": "1.0.0",
    "event_type": "agent_order",
    "source": "synthetic_agent",
    "symbol": "BTCUSDT",
    "exchange": "binance_usdm",
    "timestamp": "2024-05-01T00:00:00.540000Z",
    "sequence": 27,
    "scenario_id": "scenario-479-volatility_feedback",
    "agent_id": "agent-volatility_feedback",
    "order_id": "scenario-479-volatility_feedback-agent-volatility_feedback-27",
    "action": "new",
    "side": "sell",
    "price": 65378.16234,
    "quantity": 0.05,
    "remaining_quantity": 0.05
  },
  {
    "event_id": "50ed5b9e997152f64ca12cca8b263912bea86c99db97402e818bf219a8e8a108",
    "schema_version": "1.0.0",
    "event_type": "agent_order",
    "source": "synthetic_agent",
    "symbol": "BTCUSDT",
    "exchange": "binance_usdm",
    "timestamp": "2024-05-01T00:00:00.560000Z",
    "sequence": 28,
    "scenario_id": "scenario-479-volatility_feedback",
    "agent_id": "agent-volatility_feedback",
    "order_id": "scenario-479-volatility_feedback-agent-volatility_feedback-28",
    "action": "new",
    "side": "buy",
    "price": 65581.14724,
    "quantity": 0.02,
    "remaining_quantity": 0.02
  },
  {
    "event_id": "5eb21261b318e7552e69eb382dc51150be5bce3ea63fb7c370d642cb5ca512b9",
    "schema_version": "1.0.0",
    "event_type": "agent_order",
    "source": "synthetic_agent",
    "symbol": "BTCUSDT",
    "exchange": "binance_usdm",
    "timestamp": "2024-05-01T00:00:00.580000Z",
    "sequence": 29,
    "scenario_id": "scenario-479-volatility_feedback",
    "agent_id": "agent-volatility_feedback",
    "order_id": "scenario-479-volatility_feedback-agent-volatility_feedback-29",
    "action": "new",
    "side": "sell",
    "price": 65375.54318,
    "quantity": 0.03,
    "remaining_quantity": 0.03
  }
]