[
  {
    "event_id": "a3062629f9940a372fbd82a2990f4fa153684b22894507669b9e6c154c1ae80d",
    "schema_version": "1.0.0",
    "event_type": "agent_order",
    "source": "synthetic_agent",
    "symbol": "BTCUSDT",
    "exchange": "binance_usdm",
    "timestamp": "2024-05-01T00:00:00Z",
    "sequence": 0,
    "scenario_id": "scenario-557-momentum_ignition",
    "agent_id": "agent-momentum_ignition",
    "order_id": "scenario-557-momentum_ignition-agent-momentum_ignition-0",
    "action": "new",
    "side": "buy",
    "price": 65622.55699999999,
    "quantity": 0.08,
    "remaining_quantity": 0.08
  },
  {
    "event_id": "4adfd1131739d103b90458d139b48a52b0ef5d234f6db9824da332c321423126",
    "schema_version": "1.0.0",
    "event_type": "agent_order",
    "source": "synthetic_agent",
    "symbol": "BTCUSDT",
    "exchange": "binance_usdm",
    "timestamp": "2024-05-01T00:00:00.080000Z",
    "sequence": 1,
    "scenario_id": "scenario-557-momentum_ignition",
    "agent_id": "agent-momentum_ignition",
    "order_id": "scenario-557-momentum_ignition-agent-momentum_ignition-1",
    "action": "new",
    "side": "buy",
    "price": 65623.86813999999,
    "quantity": 0.08,
    "remaining_quantity": 0.08
  },
  {
    "event_id": "b0babd56c11293dba474016bc1807e9290c03a9a8735887ddf2b0ce4e18be82f",
    "schema_version": "1.0.0",
    "event_type": "agent_order",
    "source": "synthetic_agent",
    "symbol": "BTCUSDT",
    "exchange": "binance_usdm",
    "timestamp": "2024-05-01T00:00:00.160000Z",
    "sequence": 2,
    "scenario_id": "scenario-557-momentum_ignition",
    "agent_id": "agent-momentum_ignition",
    "order_id": "scenario-557-momentum_ignition-agent-momentum_ignition-2",
    "action": "new",
    "side": "buy",
    "price": 65625.17928,
    "quantity": 0.08,
    "remaining_quantity": 0.08
  },
  {
    "event_id": "5bf2973957cb21bcf4ee6c5cb13b875ae0b08043e6c9face03d3adbd6b1450c7",
    "schema_version": "1.0.0",
    "event_type": "agent_order",
    "source": "synthetic_agent",
    "symbol": "BTCUSDT",
    "exchange": "binance_usdm",
    "timestamp": "2024-05-01T00:00:00.240000Z",
    "sequence": 3,
    "scenario_id": "scenario-557-momentum_ignition",
    "agent_id": "agent-momentum_ignition",
    "order_id": "scenario-557-momentum_ignition-agent-momentum_ignition-3",
    "action": "new",
    "side": "buy",
    "price": 65626.49041999999,
    "quantity": 0.08,
    "remaining_quantity": 0.08
  },
  {
    "event_id": "ce63927df2876d790a8663e5752a4c4c484f8b10e79ec9f98e25bbaf5cd5d9c9",
    "schema_version": "1.0.0",
    "event_type": "agent_order",
    "source": "synthetic_agent",
    "symbol": "BTCUSDT",
    "exchange": "binance_usdm",
    "timestamp": "2024-05-01T00:00:00.320000Z",
    "sequence": 4,
    "scenario_id": "scenario-557-momentum_ignition",
    "agent_id": "agent-momentum_ignition",
    "order_id": "scenario-557-momentum_ignition-agent-momentum_ignition-4",
    "action": "new",
    "side": "buy",
    "price": 65627.80155999999,
    "quantity": 0.08,
    "remaining_quantity": 0.08
  },
  {
    "event_id": "63caaa3def251461eedbd02c33e8a7a72d41a159b21ec06a5576500bf3112959",
    "schema_version": "1.0.0",
    "event_type": "agent_order",
    "source": "synthetic_agent",
    "symbol": "BTCUSDT",
    "exchange": "binance_usdm",
    "timestamp": "2024-05-01T00:00:00.400000Z",
    "sequence": 5,
    "scenario_id": "scenario-557-momentum_ignition",
    "agent_id": "agent-momentum_ignition",
    "order_id": "scenario-557-momentum_ignition-agent-momentum_ignition-5",
    "action": "new",
    "side": "buy",
    "price": 65629.1127,
    "quantity": 0.08,
    "remaining_quantity": 0.08
  },
  {
    "event_id": "9777ac260bd5cdb1f21b4c48bb43e2c5968aeb253a8bcf39b62693101f0a0707",
    "schema_version": "1.0.0",
    "event_type": "agent_order",
    "source": "synthetic_agent",
    "symbol": "BTCUSDT",
    "exchange": "binance_usdm",
    "timestamp": "2024-05-01T00:00:00.480000Z",
    "sequence": 6,
    "scenario_id": "scenario-557-momentum_ignition",
    "agent_id": "agent-momentum_ignition",
    "order_id": "scenario-557-momentum_ignition-agent-momentum_ignition-6",
    "action": "new",
    "side": "buy",
    "price": 65630.42383999999,
    "quantity": 0.08,
    "remaining_quantity": 0.08
  },
  {
    "event_id": "78893796355e1f7f3668c9067f27d734077fa09837b89815d4371405b19dd68c",
    "schema_version": "1.0.0",
    "event_type": "agent_order",
    "source": "synthetic_agent",
    "symbol": "BTCUSDT",
    "exchange": "binance_usdm",
    "timestamp": "2024-05-01T00:00:00.560000Z",
    "sequence": 7,
    "scenario_id": "scenario-557-momentum_ignition",
    "agent_id": "agent-momentum_ignition",
    "order_id": "scenario-557-momentum_ignition-agent-momentum_ignition-7",
    "action": "new",
    "side": "buy",
    "price": 65631.73498,
    "quantity": 0.08,
    "remaining_quantity": 0.08
  },
  {
    "event_id": "ff16722f737866abf53eb9033cda7d1296337b1a8911af20d2d3cbd826c95dcb",
    "schema_version": "1.0.0",
    "event_type": "agent_order",
    "source": "synthetic_agent",
    "symbol": "BTCUSDT",
    "exchange": "binance_usdm",
    "timestamp": "2024-05-01T00:00:00.640000Z",
    "sequence": 8,
    "scenario_id": "scenario-557-momentum_ignition",
    "agent_id": "agent-momentum_ignition",
    "order_id": "scenario-557-momentum_ignition-agent-momentum_ignition-8",
    "action": "new",
    "side": "buy",
    "price": 65633.04611999998,
    "quantity": 0.08,
    "remaining_quantity": 0.08
  },
  {
    "event_id": "d8aa092ce75e1566766b780ae2fe41b34502413c658331a119500e2e6d2dc80c",
    "schema_version": "1.0.0",
    "event_type": "agent_order",
    "source": "synthetic_agent",
    "symbol": "BTCUSDT",
    "exchange": "binance_usdm",
    "timestamp": "2024-05-01T00:00:00.720000Z",
    "sequence": 9,
    "scenario_id": "scenario-557-momentum_ignition",
    "agent_id": "agent-momentum_ignition",
    "order_id": "scenario-557-momentum_ignition-agent-momentum_ignition-9",
    "action": "new",
    "side": "buy",
    "price": 65634.35726,
    "quantity": 0.08,
    "remaining_quantity": 0.08
  },
  {
    "event_id": "4c429daa350ba010596593bdd3fbb8e91647789a6071a642e4c197f9cfe6cf94",
    "schema_version": "1.0.0",
    "event_type": "agent_order",
    "source": "synthetic_agent",
    "symbol": "BTCUSDT",
    "exchange": "binance_usdm",
    "timestamp": "2024-05-01T00:00:00.800000Z",
    "sequence": 10,
    "scenario_id": "scenario-557-momentum_ignition",
    "agent_id": "agent-momentum_ignition",
    "order_id": "scenario-557-momentum_ignition-agent-momentum_ignition-10",
    "action": "new",
    "side": "buy",
    "price": 65635.6684,
    "quantity": 0.08,
    "remaining_quantity": 0.08
  },
  {
    "event_id": "f8c21705caa3add0366d81cc8aca9b6c7692bd0f8754f56d9a93d5a135aff0e0",
    "schema_version": "1.0.0",
    "event_type": "agent_order",
    "source": "synthetic_agent",
    "symbol": "BTCUSDT",
    "exchange": "binance_usdm",
    "timestamp": "2024-05-01T00:00:00.880000Z",
    "sequence": 11,
    "scenario_id": "scenario-557-momentum_ignition",
    "agent_id": "agent-momentum_ignition",
    "order_id": "scenario-557-momentum_ignition-agent-momentum_ignition-11",
    "action": "new",
    "side": "buy",
    "price": 65636.97954,
    "quantity": 0.08,
    "remaining_quantity": 0.08
  },
  {
    "event_id": "333b166af06ea7a3db3a1eff84916f9a45f458072a7251b2a64cbb2e665c7556",
    "schema_version": "1.0.0",
    "event_type": "agent_order",
    "source": "synthetic_agent",
    "symbol": "BTCUSDT",
    "exchange": "binance_usdm",
    "timestamp": "2024-05-01T00:00:00.960000Z",
    "sequence": 12,
    "scenario_id": "scenario-557-momentum_ignition",
    "agent_id": "agent-momentum_ignition",
    "order_id": "scenario-557-momentum_ignition-agent-momentum_ignition-12",
    "action": "new",
    "side": "buy",
    "price": 65638.29067999999,
    "quantity": 0.08,
    "remaining_quantity": 0.08
  },
  {
    "event_id": "dc6e1e7500f969e1abebb7676557b07e5842173eb306419013fcaefafb062844",
    "schema_version": "1.0.0",
    "event_type": "agent_order",
    "source": "synthetic_agent",
    "symbol": "BTCUSDT",
    "exchange": "binance_usdm",
    "timestamp": "2024-05-01T00:00:01.040000Z",
    "sequence": 13,
    "scenario_id": "scenario-557-momentum_ignition",
    "agent_id": "agent-momentum_ignition",
    "order_id": "scenario-557-momentum_ignition-agent-momentum_ignition-13",
    "action": "new",
    "side": "buy",
    "price": 65639.60181999998,
    "quantity": 0.08,
    "remaining_quantity": 0.08
  },
  {
    "event_id": "76aeeea3431cdd70279a10a8b7fef5550e2bbd89a78e8c82974253a5f05e8855",
    "schema_version": "1.0.0",
    "event_type": "agent_order",
    "source": "synthetic_agent",
    "symbol": "BTCUSDT",
    "exchange": "binance_usdm",
    "timestamp": "2024-05-01T00:00:01.120000Z",
    "sequence": 14,
    "scenario_id": "scenario-557-momentum_ignition",
    "agent_id": "agent-momentum_ignition",
    "order_id": "scenario-557-momentum_ignition-agent-momentum_ignition-14",
    "action": "new",
    "side": "buy",
    "price": 65640.91296,
    "quantity": 0.08,
    "remaining_quantity": 0.08
  },
  {
    "event_id": "bc97cea62af1c6bf583249dee6ce2f4996dca58b869bbcad974fbf2abd63f5a7",
    "schema_version": "1.0.0",
    "event_type": "agent_order",
    "source": "synthetic_agent",
    "symbol": "BTCUSDT",
    "exchange": "binance_usdm",
    "timestamp": "2024-05-01T00:00:01.200000Z",
    "sequence": 15,
    "scenario_id": "scenario-557-momentum_ignition",
    "agent_id": "agent-momentum_ignition",
    "order_id": "scenario-557-momentum_ignition-agent-momentum_ignition-15",
    "action": "new",
    "side": "buy",
    "price": 65642.22409999999,
    "quantity": 0.08,
    "remaining_quantity": 0.08
  },
  {
    "event_id": "01a8b8c5d03bec3614ac0c5d7190a6d97b8f806524ae526e8efb93d3fa14abd1",
    "schema_version": "1.0.0",
    "event_type": "agent_order",
    "source": "synthetic_agent",
    "symbol": "BTCUSDT",
    "exchange": "binance_usdm",
    "timestamp": "2024-05-01T00:00:01.280000Z",
    "sequence": 16,
    "scenario_id": "scenario-557-momentum_ignition",
    "agent_id": "agent-momentum_ignition",
    "order_id": "scenario-557-momentum_ignition-agent-momentum_ignition-16",
    "action": "new",
    "side": "buy",
    "price": 65643.53524,
    "quantity": 0.08,
    "remaining_quantity": 0.08
  },
  {
    "event_id": "cee9b78f6c34bcf2bb8b778c5b9a5fe9905ae86fbdb562d31b8d0a2fbb9bd93f",
    "schema_version": "1.0.0",
    "event_type": "agent_order",
    "source": "synthetic_agent",
    "symbol": "BTCUSDT",
    "exchange": "binance_usdm",
    "timestamp": "2024-05-01T00:00:01.360000Z",
    "sequence": 17,
    "scenario_id": "scenario-557-momentum_ignition",
    "agent_id": "agent-momentum_ignition",
    "order_id": "scenario-557-momentum_ignition-agent-momentum_ignition-17",
    "action": "new",
    "side": "buy",
    "price": 65644.84637999999,
    "quantity": 0.08,
    "remaining_quantity": 0.08
  },
  {
    "event_id": "ec5dbda74947384284aa483824e1ab35011edd71270d508ec64f6a83f0063b2c",
    "schema_version": "1.0.0",
    "event_type": "agent_order",
    "source": "synthetic_agent",
    "symbol": "BTCUSDT",
    "exchange": "binance_usdm",
    "timestamp": "2024-05-01T00:00:01.440000Z",
    "sequence": 18,
    "scenario_id": "scenario-557-momentum_ignition",
    "agent_id": "agent-momentum_ignition",
    "order_id": "scenario-557-momentum_ignition-agent-momentum_ignition-18",
    "action": "new",
    "side": "buy",
    "price": 65646.15752,
    "quantity": 0.08,
    "remaining_quantity": 0.08
  },
  {
    "event_id": "b17982219f7e4c31835798f1bcf4864ba5365d9c12d759d2c76d7efa9fca5f19",
    "schema_version": "1.0.0",
    "event_type": "agent_order",
    "source": "synthetic_agent",
    "symbol": "BTCUSDT",
    "exchange": "binance_usdm",
    "timestamp": "2024-05-01T00:00:01.520000Z",
    "sequence": 19,
    "scenario_id": "scenario-557-momentum_ignition",
    "agent_id": "agent-momentum_ignition",
    "order_id": "scenario-557-momentum_ignition-agent-momentum_ignition-19",
    "action": "new",
    "side": "buy",
    "price": 65647.46866,
    "quantity": 0.08,
    "remaining_quantity": 0.08
  },
  {
    "event_id": "28996c8a2caa0e5b41e9261b4c52ac067d90abd586faac53c812d4a147a37bd4",
    "schema_version": "1.0.0",
    "event_type": "agent_order",
    "source": "synthetic_agent",
    "symbol": "BTCUSDT",
    "exchange": "binance_usdm",
    "timestamp": "2024-05-01T00:00:01.600000Z",
    "sequence": 20,
    "scenario_id": "scenario-557-momentum_ignition",
    "agent_id": "agent-momentum_ignition",
    "order_id": "scenario-557-momentum_ignition-agent-momentum_ignition-20",
    "action": "new",
    "side": "buy",
    "price": 65648.77979999999,
    "quantity": 0.08,
    "remaining_quantity": 0.08
  },
  {
    "event_id": "b2636224e4532c42a70c68e01d644dfff30f70a539509424ae40d4ca39d1297a",
    "schema_version": "1.0.0",
    "event_type": "agent_order",
    "source": "synthetic_agent",
    "symbol": "BTCUSDT",
    "exchange": "binance_usdm",
    "timestamp": "2024-05-01T00:00:01.680000Z",
    "sequence": 21,
    "scenario_id": "scenario-557-momentum_ignition",
    "agent_id": "agent-momentum_ignition",
    "order_id": "scenario-557-momentum_ignition-agent-momentum_ignition-21",
    "action": "new",
    "side": "buy",
    "price": 65650.09094,
    "quantity": 0.08,
    "remaining_quantity": 0.08
  },
  {
    "event_id": "935caacc72e1d1864e4702f0f972eed0176c1eb52e9c80840817b3e033db823a",
    "schema_version": "1.0.0",
    "event_type": "agent_order",
    "source": "synthetic_agent",
    "symbol": "BTCUSDT",
    "exchange": "binance_usdm",
    "timestamp": "2024-05-01T00:00:01.760000Z",
    "sequence": 22,
    "scenario_id": "scenario-557-momentum_ignition",
    "agent_id": "agent-momentum_ignition",
    "order_id": "scenario-557-momentum_ignition-agent-momentum_ignition-22",
    "action": "new",
    "side": "buy",
    "price": 65651.40207999999,
    "quantity": 0.08,
    "remaining_quantity": 0.08
  },
  {
    "event_id": "d81a02a2406bb43f03bb8c90e342e09c1b26433ebb66d2bf1700a90e83e6a58a",
    "schema_version": "1.0.0",
    "event_type": "agent_order",
    "source": "synthetic_agent",
    "symbol": "BTCUSDT",
    "exchange": "binance_usdm",
    "timestamp": "2024-05-01T00:00:01.840000Z",
    "sequence": 23,
    "scenario_id": "scenario-557-momentum_ignition",
    "agent_id": "agent-momentum_ignition",
    "order_id": "scenario-557-momentum_ignition-agent-momentum_ignition-23",
    "action": "new",
    "side": "buy",
    "price": 65652.71321999999,
    "quantity": 0.08,
    "remaining_quantity": 0.08
  },
  {
    "event_id": "dccf4c1e96a5949e26d572c1dcb3a89a23f1ad3c5ae747d977b890da7839d2d0",
    "schema_version": "1.0.0",
    "event_type": "agent_order",
    "source": "synthetic_agent",
    "symbol": "BTCUSDT",
    "exchange": "binance_usdm",
    "timestamp": "2024-05-01T00:00:01.920000Z",
    "sequence": 24,
    "scenario_id": "scenario-557-momentum_ignition",
    "agent_id": "agent-momentum_ignition",
    "order_id": "scenario-557-momentum_ignition-agent-momentum_ignition-24",
    "action": "new",
    "side": "buy",
    "price": 65654.02436,
    "quantity": 0.08,
    "remaining_quantity": 0.08
  },
  {
    "event_id": "4bbca56e0716141b0953084a1e6106dc0a4c67be1c4ef88dde699cefc2a5552e",
    "schema_version": "1.0.0",
    "event_type": "agent_order",
    "source": "synthetic_agent",
    "symbol": "BTCUSDT",
    "exchange": "binance_usdm",
    "timestamp": "2024-05-01T00:00:02Z",
    "sequence": 25,
    "scenario_id": "scenario-557-momentum_ignition",
    "agent_id": "agent-momentum_ignition",
    "order_id": "scenario-557-momentum_ignition-agent-momentum_ignition-25",
    "action": "new",
    "side": "buy",
    "price": 65655.33549999999,
    "quantity": 0.08,
    "remaining_quantity": 0.08
  },
  {
    "event_id": "6530cd8b70157f6822f766db919eb115e3d5b0162a293763ddb8b5e0ccdb1684",
    "schema_version": "1.0.0",
    "event_type": "agent_order",
    "source": "synthetic_agent",
    "symbol": "BTCUSDT",
    "exchange": "binance_usdm",
    "timestamp": "2024-05-01T00:00:02.080000Z",
    "sequence": 26,
    "scenario_id": "scenario-557-momentum_ignition",
    "agent_id": "agent-momentum_ignition",
    "order_id": "scenario-557-momentum_ignition-agent-momentum_ignition-26",
    "action": "new",
    "side": "buy",
    "price": 65656.64663999999,
    "quantity": 0.08,
    "remaining_quantity": 0.08
  },
  {
    "event_id": "9e77f5e9780b09f03e043ac65350dd286c53b10a542fe9cbf83dd83745b4198d",
    "schema_version": "1.0.0",
    "event_type": "agent_order",
    "source": "synthetic_agent",
    "symbol": "BTCUSDT",
    "exchange": "binance_usdm",
    "timestamp": "2024-05-01T00:00:02.160000Z",
    "sequence": 27,
    "scenario_id": "scenario-557-momentum_ignition",
    "agent_id": "agent-momentum_ignition",
    "order_id": "scenario-557-momentum_ignition-agent-momentum_ignition-27",
    "action": "new",
    "side": "buy",
    "price": 65657.95778,
    "quantity": 0.08,
    "remaining_quantity": 0.08
  },
  {
    "event_id": "1b9f07e4c55547248af51789fbd5580f175e98faa73122bfea9ea0fa7a391ba5",
    "schema_version": "1.0.0",
    "event_type": "agent_order",
    "source": "synthetic_agent",
    "symbol": "BTCUSDT",
    "exchange": "binance_usdm",
    "timestamp": "2024-05-01T00:00:02.240000Z",
    "sequence": 28,
    "scenario_id": "scenario-557-momentum_ignition",
    "agent_id": "agent-momentum_ignition",
    "order_id": "scenario-557-momentum_ignition-agent-momentum_ignition-28",
    "action": "new",
    "side": "buy",
    "price": 65659.26891999999,
    "quantity": 0.08,
    "remaining_quantity": 0.08
  },
  {
    "event_id": "c070eb0e4fb6429111177c2f441898992d1ee5cc5ac79120ecc0549cdfd6e67c",
    "schema_version": "1.0.0",
    "event_type": "agent_order",
    "source": "synthetic_agent",
    "symbol": "BTCUSDT",
    "exchange": "binance_usdm",
    "timestamp": "2024-05-01T00:00:02.320000Z",
    "sequence": 29,
    "scenario_id": "scenario-557-momentum_ignition",
    "agent_id": "agent-momentum_ignition",
    "order_id": "scenario-557-momentum_ignition-agent-momentum_ignition-29",
    "action": "new",
    "side": "buy",
    "price": 65660.58006,
    "quantity": 0.08,
    "remaining_quantity": 0.08
  }
]