[
  {
    "event_id": "ab7292bb25d4f641ba255dd779fe89f9131704b270951516c29c4f07b9b88b61",
    "schema_version": "1.0.0",
    "event_type": "agent_order",
    "source": "synthetic_agent",
    "symbol": "BTCUSDT",
    "exchange": "binance_usdm",
    "timestamp": "2024-05-01T00:00:00Z",
    "sequence": 0,
    "scenario_id": "scenario-322-runaway_inventory",
    "agent_id": "agent-runaway_inventory",
    "order_id": "scenario-322-runaway_inventory-agent-runaway_inventory-0",
    "action": "new",
    "side": "buy",
    "price": 65322.0,
    "quantity": 0.01,
    "remaining_quantity": 0.01
  },
  {
    "event_id": "64c84f76f85b9908fc6dda29e565e97d602b8409afb5a322b34a2db51946a785",
    "schema_version": "1.0.0",
    "event_type": "agent_order",
    "source": "synthetic_agent",
    "symbol": "BTCUSDT",
    "exchange": "binance_usdm",
    "timestamp": "2024-05-01T00:00:00.070000Z",
    "sequence": 1,
    "scenario_id": "scenario-322-runaway_inventory",
    "agent_id": "agent-runaway_inventory",
    "order_id": "scenario-322-runaway_inventory-agent-runaway_inventory-1",
    "action": "new",
    "side": "buy",
    "price": 65323.95966,
    "quantity": 0.012,
    "remaining_quantity": 0.012
  },
  {
    "event_id": "fa82a7cb21e2ec259049cf0a7fe45ce4ed55576a26d0dac1b33b29a98b9a1d72",
    "schema_version": "1.0.0",
    "event_type": "agent_order",
    "source": "synthetic_agent",
    "symbol": "BTCUSDT",
    "exchange": "binance_usdm",
    "timestamp": "2024-05-01T00:00:00.140000Z",
    "sequence": 2,
    "scenario_id": "scenario-322-runaway_inventory",
    "agent_id": "agent-runaway_inventory",
    "order_id": "scenario-322-runaway_inventory-agent-runaway_inventory-2",
    "action": "new",
    "side": "buy",
    "price": 65325.91931999999,
    "quantity": 0.014,
    "remaining_quantity": 0.014
  },
  {
    "event_id": "6947562ba483d99b777d5e314a8b14461dcf8d2fc70f603030a66c087ba25b89",
    "schema_version": "1.0.0",
    "event_type": "agent_order",
    "source": "synthetic_agent",
    "symbol": "BTCUSDT",
    "exchange": "binance_usdm",
    "timestamp": "2024-05-01T00:00:00.210000Z",
    "sequence": 3,
    "scenario_id": "scenario-322-runaway_inventory",
    "agent_id": "agent-runaway_inventory",
    "order_id": "scenario-322-runaway_inventory-agent-runaway_inventory-3",
    "action": "new",
    "side": "buy",
    "price": 65327.878979999994,
    "quantity": 0.016,
    "remaining_quantity": 0.016
  },
  {
    "event_id": "afbee089dec4cd9e8647c4f9382f463269223a4cd6a7a05c648c0e68d950003f",
    "schema_version": "1.0.0",
    "event_type": "agent_order",
    "source": "synthetic_agent",
    "symbol": "BTCUSDT",
    "exchange": "binance_usdm",
    "timestamp": "2024-05-01T00:00:00.280000Z",
    "sequence": 4,
    "scenario_id": "scenario-322-runaway_inventory",
    "agent_id": "agent-runaway_inventory",
    "order_id": "scenario-322-runaway_inventory-agent-runaway_inventory-4",
    "action": "new",
    "side": "buy",
    "price": 65329.838639999994,
    "quantity": 0.018000000000000002,
    "remaining_quantity": 0.018000000000000002
  },
  {
    "event_id": "5f54ddaa11bcfea86e0db3bf26e902b4a0d2acf02748bd5c6bf2f6f0de24a5b3",
    "schema_version": "1.0.0",
    "event_type": "agent_order",
    "source": "synthetic_agent",
    "symbol": "BTCUSDT",
    "exchange": "binance_usdm",
    "timestamp": "2024-05-01T00:00:00.350000Z",
    "sequence": 5,
    "scenario_id": "scenario-322-runaway_inventory",
    "agent_id": "agent-runaway_inventory",
    "order_id": "scenario-322-runaway_inventory-agent-runaway_inventory-5",
    "action": "new",
    "side": "buy",
    "price": 65331.79830000001,
    "quantity": 0.02,
    "remaining_quantity": 0.02
  },
  {
    "event_id": "7be5edb44ec6132b4c18378016be71eb3a5f9897dca4642210b70b79db6f686a",
    "schema_version": "1.0.0",
    "event_type": "agent_order",
    "source": "synthetic_agent",
    "symbol": "BTCUSDT",
    "exchange": "binance_usdm",
    "timestamp": "2024-05-01T00:00:00.420000Z",
    "sequence": 6,
    "scenario_id": "scenario-322-runaway_inventory",
    "agent_id": "agent-runaway_inventory",
    "order_id": "scenario-322-runaway_inventory-agent-runaway_inventory-6",
    "action": "new",
    "side": "buy",
    "price": 65333.75796,
    "quantity": 0.022,
    "remaining_quantity": 0.022
  },
  {
    "event_id": "2a57caa2b7135ed3d96d7aeb5aab3c61935fa37c1e6b140e36dc341ba0a791e4",
    "schema_version": "1.0.0",
    "event_type": "agent_order",
    "source": "synthetic_agent",
    "symbol": "BTCUSDT",
    "exchange": "binance_usdm",
    "timestamp": "2024-05-01T00:00:00.490000Z",
    "sequence": 7,
    "scenario_id": "scenario-322-runaway_inventory",
    "agent_id": "agent-runaway_inventory",
    "order_id": "scenario-322-runaway_inventory-agent-runaway_inventory-7",
    "action": "new",
    "side": "buy",
    "price": 65335.71762,
    "quantity": 0.024,
    "remaining_quantity": 0.024
  },
  {
    "event_id": "956cd50af33d4a321bdbf36df9e6f3d86ee30560b82b1ce4a9f9e88d19da0c6f",
    "schema_version": "1.0.0",
    "event_type": "agent_order",
    "source": "synthetic_agent",
    "symbol": "BTCUSDT",
    "exchange": "binance_usdm",
    "timestamp": "2024-05-01T00:00:00.560000Z",
    "sequence": 8,
    "scenario_id": "scenario-322-runaway_inventory",
    "agent_id": "agent-runaway_inventory",
    "order_id": "scenario-322-runaway_inventory-agent-runaway_inventory-8",
    "action": "new",
    "side": "buy",
    "price": 65337.67728,
    "quantity": 0.026000000000000002,
    "remaining_quantity": 0.026000000000000002
  },
  {
    "event_id": "7fbd253430c87f68f967d9d352c13988a66d90180aac772dbd774d38df54ec01",
    "schema_version": "1.0.0",
    "event_type": "agent_order",
    "source": "synthetic_agent",
    "symbol": "BTCUSDT",
    "exchange": "binance_usdm",
    "timestamp": "2024-05-01T00:00:00.630000Z",
    "sequence": 9,
    "scenario_id": "scenario-322-runaway_inventory",
    "agent_id": "agent-runaway_inventory",
    "order_id": "scenario-322-runaway_inventory-agent-runaway_inventory-9",
    "action": "new",
    "side": "buy",
    "price": 65339.63694,
    "quantity": 0.028000000000000004,
    "remaining_quantity": 0.028000000000000004
  },
  {
    "event_id": "ea5d5648ecf325803071af4cdb647447b42b99436d5399cc3ddec820bd4f1470",
    "schema_version": "1.0.0",
    "event_type": "agent_order",
    "source": "synthetic_agent",
    "symbol": "BTCUSDT",
    "exchange": "binance_usdm",
    "timestamp": "2024-05-01T00:00:00.700000Z",
    "sequence": 10,
    "scenario_id": "scenario-322-runaway_inventory",
    "agent_id": "agent-runaway_inventory",
    "order_id": "scenario-322-runaway_inventory-agent-runaway_inventory-10",
    "action": "new",
    "side": "buy",
    "price": 65341.5966,
    "quantity": 0.03,
    "remaining_quantity": 0.03
  },
  {
    "event_id": "4d81daa57e1f44a9bed8d5580830112021a98d1c8fbec83b84911d068273808c",
    "schema_version": "1.0.0",
    "event_type": "agent_order",
    "source": "synthetic_agent",
    "symbol": "BTCUSDT",
    "exchange": "binance_usdm",
    "timestamp": "2024-05-01T00:00:00.770000Z",
    "sequence": 11,
    "scenario_id": "scenario-322-runaway_inventory",
    "agent_id": "agent-runaway_inventory",
    "order_id": "scenario-322-runaway_inventory-agent-runaway_inventory-11",
    "action": "new",
    "side": "buy",
    "price": 65343.55626,
    "quantity": 0.032,
    "remaining_quantity": 0.032
  },
  {
    "event_id": "68f42a8e8812a9d5bd98f05fdf97c719ae277cdaf2cf532df25a53ec49a66ef0",
    "schema_version": "1.0.0",
    "event_type": "agent_order",
    "source": "synthetic_agent",
    "symbol": "BTCUSDT",
    "exchange": "binance_usdm",
    "timestamp": "2024-05-01T00:00:00.840000Z",
    "sequence": 12,
    "scenario_id": "scenario-322-runaway_inventory",
    "agent_id": "agent-runaway_inventory",
    "order_id": "scenario-322-runaway_inventory-agent-runaway_inventory-12",
    "action": "new",
    "side": "buy",
    "price": 65345.51592,
    "quantity": 0.034,
    "remaining_quantity": 0.034
  },
  {
    "event_id": "834278db1711fae292ae69275ec08eeafdf2910275839f279073ab8626c15e59",
    "schema_version": "1.0.0",
    "event_type": "agent_order",
    "source": "synthetic_agent",
    "symbol": "BTCUSDT",
    "exchange": "binance_usdm",
    "timestamp": "2024-05-01T00:00:00.910000Z",
    "sequence": 13,
    "scenario_id": "scenario-322-runaway_inventory",
    "agent_id": "agent-runaway_inventory",
    "order_id": "scenario-322-runaway_inventory-agent-runaway_inventory-13",
    "action": "new",
    "side": "buy",
    "price": 65347.47557999999,
    "quantity": 0.036000000000000004,
    "remaining_quantity": 0.036000000000000004
  },
  {
    "event_id": "780a784e605c7e3197a348e83e551eae02909e5eb66e5f02a63ce6cf7db1b191",
    "schema_version": "1.0.0",
    "event_type": "agent_order",
    "source": "synthetic_agent",
    "symbol": "BTCUSDT",
    "exchange": "binance_usdm",
    "timestamp": "2024-05-01T00:00:00.980000Z",
    "sequence": 14,
    "scenario_id": "scenario-322-runaway_inventory",
    "agent_id": "agent-runaway_inventory",
    "order_id": "scenario-322-runaway_inventory-agent-runaway_inventory-14",
    "action": "new",
    "side": "buy",
    "price": 65349.435240000006,
    "quantity": 0.038,
    "remaining_quantity": 0.038
  },
  {
    "event_id": "237e4ada9045a607c10dcdc7a7b75b6b44f2961f9c06b6488c562a2e952f1a41",
    "schema_version": "1.0.0",
    "event_type": "agent_order",
    "source": "synthetic_agent",
    "symbol": "BTCUSDT",
    "exchange": "binance_usdm",
    "timestamp": "2024-05-01T00:00:01.050000Z",
    "sequence": 15,
    "scenario_id": "scenario-322-runaway_inventory",
    "agent_id": "agent-runaway_inventory",
    "order_id": "scenario-322-runaway_inventory-agent-runaway_inventory-15",
    "action": "new",
    "side": "buy",
    "price": 65351.39490000001,
    "quantity": 0.04,
    "remaining_quantity": 0.04
  },
  {
    "event_id": "d68af62d7905b85c7f558f90e302c6ac359e384886747fa3c9b81bad2e0140fa",
    "schema_version": "1.0.0",
    "event_type": "agent_order",
    "source": "synthetic_agent",
    "symbol": "BTCUSDT",
    "exchange": "binance_usdm",
    "timestamp": "2024-05-01T00:00:01.120000Z",
    "sequence": 16,
    "scenario_id": "scenario-322-runaway_inventory",
    "agent_id": "agent-runaway_inventory",
    "order_id": "scenario-322-runaway_inventory-agent-runaway_inventory-16",
    "action": "new",
    "side": "buy",
    "price": 65353.35456,
    "quantity": 0.042,
    "remaining_quantity": 0.042
  },
  {
    "event_id": "81fed8cc78c309d939bb5e4ddd52f0db02384dfcc1934d13a2d470b25f2c1dec",
    "schema_version": "1.0.0",
    "event_type": "agent_order",
    "source": "synthetic_agent",
    "symbol": "BTCUSDT",
    "exchange": "binance_usdm",
    "timestamp": "2024-05-01T00:00:01.190000Z",
    "sequence": 17,
    "scenario_id": "scenario-322-runaway_inventory",
    "agent_id": "agent-runaway_inventory",
    "order_id": "scenario-322-runaway_inventory-agent-runaway_inventory-17",
    "action": "new",
    "side": "buy",
    "price": 65355.31422,
    "quantity": 0.044000000000000004,
    "remaining_quantity": 0.044000000000000004
  },
  {
    "event_id": "f8a5f553d51075ec79ff94ced8c0a2b9dc42ea17938e8d9fc5d278e22204b82f",
    "schema_version": "1.0.0",
    "event_type": "agent_order",
    "source": "synthetic_agent",
    "symbol": "BTCUSDT",
    "exchange": "binance_usdm",
    "timestamp": "2024-05-01T00:00:01.260000Z",
    "sequence": 18,
    "scenario_id": "scenario-322-runaway_inventory",
    "agent_id": "agent-runaway_inventory",
    "order_id": "scenario-322-runaway_inventory-agent-runaway_inventory-18",
    "action": "new",
    "side": "buy",
    "price": 65357.27388,
    "quantity": 0.046000000000000006,
    "remaining_quantity": 0.046000000000000006
  },
  {
    "event_id": "c06a8e9c0f792d7b62e4bba64506f021b471e11d7427cdb3f9d110815cf65965",
    "schema_version": "1.0.0",
    "event_type": "agent_order",
    "source": "synthetic_agent",
    "symbol": "BTCUSDT",
    "exchange": "binance_usdm",
    "timestamp": "2024-05-01T00:00:01.330000Z",
    "sequence": 19,
    "scenario_id": "scenario-322-runaway_inventory",
    "agent_id": "agent-runaway_inventory",
    "order_id": "scenario-322-runaway_inventory-agent-runaway_inventory-19",
    "action": "new",
    "side": "buy",
    "price": 65359.233539999994,
    "quantity": 0.048,
    "remaining_quantity": 0.048
  },
  {
    "event_id": "e560d5731ff7475461b0931d2de3617d43a1a64e34fe661c71254493b39e91d2",
    "schema_version": "1.0.0",
    "event_type": "agent_order",
    "source": "synthetic_agent",
    "symbol": "BTCUSDT",
    "exchange": "binance_usdm",
    "timestamp": "2024-05-01T00:00:01.400000Z",
    "sequence": 20,
    "scenario_id": "scenario-322-runaway_inventory",
    "agent_id": "agent-runaway_inventory",
    "order_id": "scenario-322-runaway_inventory-agent-runaway_inventory-20",
    "action": "new",
    "side": "buy",
    "price": 65361.193199999994,
    "quantity": 0.05,
    "remaining_quantity": 0.05
  },
  {
    "event_id": "423eecc2cbdc7dd97ec07806766808528a85064daca51127330eebe6a87a885e",
    "schema_version": "1.0.0",
    "event_type": "agent_order",
    "source": "synthetic_agent",
    "symbol": "BTCUSDT",
    "exchange": "binance_usdm",
    "timestamp": "2024-05-01T00:00:01.470000Z",
    "sequence": 21,
    "scenario_id": "scenario-322-runaway_inventory",
    "agent_id": "agent-runaway_inventory",
    "order_id": "scenario-322-runaway_inventory-agent-runaway_inventory-21",
    "action": "new",
    "side": "buy",
    "price": 65363.152859999995,
    "quantity": 0.052000000000000005,
    "remaining_quantity": 0.052000000000000005
  },
  {
    "event_id": "74eeb575c10daf53110d211d91ac6438757996bba517f1e3e424b8648770afa1",
    "schema_version": "1.0.0",
    "event_type": "agent_order",
    "source": "synthetic_agent",
    "symbol": "BTCUSDT",
    "exchange": "binance_usdm",
    "timestamp": "2024-05-01T00:00:01.540000Z",
    "sequence": 22,
    "scenario_id": "scenario-322-runaway_inventory",
    "agent_id": "agent-runaway_inventory",
    "order_id": "scenario-322-runaway_inventory-agent-runaway_inventory-22",
    "action": "new",
    "side": "buy",
    "price": 65365.11252000001,
    "quantity": 0.054,
    "remaining_quantity": 0.054
  },
  {
    "event_id": "231baa5c4791da075dcc9cc896c81bd1403ad7096d0fdf26a3da724feb88dea4",
    "schema_version": "1.0.0",
    "event_type": "agent_order",
    "source": "synthetic_agent",
    "symbol": "BTCUSDT",
    "exchange": "binance_usdm",
    "timestamp": "2024-05-01T00:00:01.610000Z",
    "sequence": 23,
    "scenario_id": "scenario-322-runaway_inventory",
    "agent_id": "agent-runaway_inventory",
    "order_id": "scenario-322-runaway_inventory-agent-runaway_inventory-23",
    "action": "new",
    "side": "buy",
    "price": 65367.07218,
    "quantity": 0.056,
    "remaining_quantity": 0.056
  },
  {
    "event_id": "2769d87ce99b1a490fc485e1099b626f96ef6ee5acacc934c7a3123404d18c05",
    "schema_version": "1.0.0",
    "event_type": "agent_order",
    "source": "synthetic_agent",
    "symbol": "BTCUSDT",
    "exchange": "binance_usdm",
    "timestamp": "2024-05-01T00:00:01.680000Z",
    "sequence": 24,
    "scenario_id": "scenario-322-runaway_inventory",
    "agent_id": "agent-runaway_inventory",
    "order_id": "scenario-322-runaway_inventory-agent-runaway_inventory-24",
    "action": "new",
    "side": "buy",
    "price": 65369.03184,
    "quantity": 0.058,
    "remaining_quantity": 0.058
  },
  {
    "event_id": "e0adb0831fe9b3cc1575662eee8d36ccff452b003f960172cff104a5fb92c95e",
    "schema_version": "1.0.0",
    "event_type": "agent_order",
    "source": "synthetic_agent",
    "symbol": "BTCUSDT",
    "exchange": "binance_usdm",
    "timestamp": "2024-05-01T00:00:01.750000Z",
    "sequence": 25,
    "scenario_id": "scenario-322-runaway_inventory",
    "agent_id": "agent-runaway_inventory",
    "order_id": "scenario-322-runaway_inventory-agent-runaway_inventory-25",
    "action": "new",
    "side": "buy",
    "price": 65370.991500000004,
    "quantity": 0.060000000000000005,
    "remaining_quantity": 0.060000000000000005
  },
  {
    "event_id": "82cd15ab7e4674c105fbf144ead87546819437609ffae87c4999af9f4488b380",
    "schema_version": "1.0.0",
    "event_type": "agent_order",
    "source": "synthetic_agent",
    "symbol": "BTCUSDT",
    "exchange": "binance_usdm",
    "timestamp": "2024-05-01T00:00:01.820000Z",
    "sequence": 26,
    "scenario_id": "scenario-322-runaway_inventory",
    "agent_id": "agent-runaway_inventory",
    "order_id": "scenario-322-runaway_inventory-agent-runaway_inventory-26",
    "action": "new",
    "side": "buy",
    "price": 65372.95116,
    "quantity": 0.062000000000000006,
    "remaining_quantity": 0.062000000000000006
  },
  {
    "event_id": "2d9a39e10318273daabb5512b1e9ef019f3780757c3838debf7208e69b7e3afa",
    "schema_version": "1.0.0",
    "event_type": "agent_order",
    "source": "synthetic_agent",
    "symbol": "BTCUSDT",
    "exchange": "binance_usdm",
    "timestamp": "2024-05-01T00:00:01.890000Z",
    "sequence": 27,
    "scenario_id": "scenario-322-runaway_inventory",
    "agent_id": "agent-runaway_inventory",
    "order_id": "scenario-322-runaway_inventory-agent-runaway_inventory-27",
    "action": "new",
    "side": "buy",
    "price": 65374.91082,
    "quantity": 0.064,
    "remaining_quantity": 0.064
  },
  {
    "event_id": "79c1bc1a8399db91b499c43e1ca3d0802e957caacd05fe3d13f51d1b2059df3e",
    "schema_version": "1.0.0",
    "event_type": "agent_order",
    "source": "synthetic_agent",
    "symbol": "BTCUSDT",
    "exchange": "binance_usdm",
    "timestamp": "2024-05-01T00:00:01.960000Z",
    "sequence": 28,
    "scenario_id": "scenario-322-runaway_inventory",
    "agent_id": "agent-runaway_inventory",
    "order_id": "scenario-322-runaway_inventory-agent-runaway_inventory-28",
    "action": "new",
    "side": "buy",
    "price": 65376.87048,
    "quantity": 0.066,
    "remaining_quantity": 0.066
  },
  {
    "event_id": "dae270a7d51b6542b27bcabbf3df09b9a7f469155f0c4dd32f7a90f485c7208a",
    "schema_version": "1.0.0",
    "event_type": "agent_order",
    "source": "synthetic_agent",
    "symbol": "BTCUSDT",
    "exchange": "binance_usdm",
    "timestamp": "2024-05-01T00:00:02.030000Z",
    "sequence": 29,
    "scenario_id": "scenario-322-runaway_inventory",
    "agent_id": "agent-runaway_inventory",
    "order_id": "scenario-322-runaway_inventory-agent-runaway_inventory-29",
    "action": "new",
    "side": "buy",
    "price": 65378.83014,
    "quantity": 0.068,
    "remaining_quantity": 0.068
  }
]