[
  {
    "event_id": "0c0026b2421f09271b26c0807c2d5e0a1d41a3bf717f2cefd209899f17aaa980",
    "schema_version": "1.0.0",
    "event_type": "agent_order",
    "source": "synthetic_agent",
    "symbol": "BTCUSDT",
    "exchange": "binance_usdm",
    "timestamp": "2024-05-01T00:00:00Z",
    "sequence": 0,
    "scenario_id": "scenario-408-passive_market_maker",
    "agent_id": "agent-passive_market_maker",
    "order_id": "scenario-408-passive_market_maker-agent-passive_market_maker-0",
    "action": "new",
    "side": "buy",
    "price": 65342.592,
    "quantity": 0.01,
    "remaining_quantity": 0.01
  },
  {
    "event_id": "49699c1d56500b842078af37865fe34188ded871ecaf4cdfc6bf87384f89a1ea",
    "schema_version": "1.0.0",
    "event_type": "agent_order",
    "source": "synthetic_agent",
    "symbol": "BTCUSDT",
    "exchange": "binance_usdm",
    "timestamp": "2024-05-01T00:00:00.100000Z",
    "sequence": 1,
    "scenario_id": "scenario-408-passive_market_maker",
    "agent_id": "agent-passive_market_maker",
    "order_id": "scenario-408-passive_market_maker-agent-passive_market_maker-1",
    "action": "new",
    "side": "sell",
    "price": 65473.407999999996,
    "quantity": 0.01,
    "remaining_quantity": 0.01
  },
  {
    "event_id": "79f61e18f3b3692dfa3a896ee4664cf97289908b2e22c4c1b3667953601ce617",
    "schema_version": "1.0.0",
    "event_type": "agent_order",
    "source": "synthetic_agent",
    "symbol": "BTCUSDT",
    "exchange": "binance_usdm",
    "timestamp": "2024-05-01T00:00:00.200000Z",
    "sequence": 2,
    "scenario_id": "scenario-408-passive_market_maker",
    "agent_id": "agent-passive_market_maker",
    "order_id": "scenario-408-passive_market_maker-agent-passive_market_maker-2",
    "action": "new",
    "side": "buy",
    "price": 65342.592,
    "quantity": 0.01,
    "remaining_quantity": 0.01
  },
  {
    "event_id": "a2d44375b79693980f7cc730b3fef10578a7d69d6706fb971b83fd5ef159e8c1",
    "schema_version": "1.0.0",
    "event_type": "agent_order",
    "source": "synthetic_agent",
    "symbol": "BTCUSDT",
    "exchange": "binance_usdm",
    "timestamp": "2024-05-01T00:00:00.300000Z",
    "sequence": 3,
    "scenario_id": "scenario-408-passive_market_maker",
    "agent_id": "agent-passive_market_maker",
    "order_id": "scenario-408-passive_market_maker-agent-passive_market_maker-3",
    "action": "new",
    "side": "sell",
    "price": 65473.407999999996,
    "quantity": 0.01,
    "remaining_quantity": 0.01
  },
  {
    "event_id": "d2917265fdbd08d79f4bffc71a89f581fc27aae0a002e218178e88eaaabb9b45",
    "schema_version": "1.0.0",
    "event_type": "agent_order",
    "source": "synthetic_agent",
    "symbol": "BTCUSDT",
    "exchange": "binance_usdm",
    "timestamp": "2024-05-01T00:00:00.400000Z",
    "sequence": 4,
    "scenario_id": "scenario-408-passive_market_maker",
    "agent_id": "agent-passive_market_maker",
    "order_id": "scenario-408-passive_market_maker-agent-passive_market_maker-4",
    "action": "new",
    "side": "buy",
    "price": 65342.592,
    "quantity": 0.01,
    "remaining_quantity": 0.01
  },
  {
    "event_id": "0e12e42b42a4b7a2337e68091fec9d519cdfd7168f774d35f4250aebcf23cce4",
    "schema_version": "1.0.0",
    "event_type": "agent_order",
    "source": "synthetic_agent",
    "symbol": "BTCUSDT",
    "exchange": "binance_usdm",
    "timestamp": "2024-05-01T00:00:00.500000Z",
    "sequence": 5,
    "scenario_id": "scenario-408-passive_market_maker",
    "agent_id": "agent-passive_market_maker",
    "order_id": "scenario-408-passive_market_maker-agent-passive_market_maker-5",
    "action": "new",
    "side": "sell",
    "price": 65473.407999999996,
    "quantity": 0.01,
    "remaining_quantity": 0.01
  },
  {
    "event_id": "fb52d1cd278e2dd5c11c72e6097f6cb0e599fef9fe2d31e7e2234fbafca8d3d8",
    "schema_version": "1.0.0",
    "event_type": "agent_order",
    "source": "synthetic_agent",
    "symbol": "BTCUSDT",
    "exchange": "binance_usdm",
    "timestamp": "2024-05-01T00:00:00.600000Z",
    "sequence": 6,
    "scenario_id": "scenario-408-passive_market_maker",
    "agent_id": "agent-passive_market_maker",
    "order_id": "scenario-408-passive_market_maker-agent-passive_market_maker-6",
    "action": "new",
    "side": "buy",
    "price": 65342.592,
    "quantity": 0.01,
    "remaining_quantity": 0.01
  },
  {
    "event_id": "71daef1fd6cd97391af80bdc5394ad70fcdbc80e050efb62695f7af03f9df33e",
    "schema_version": "1.0.0",
    "event_type": "agent_order",
    "source": "synthetic_agent",
    "symbol": "BTCUSDT",
    "exchange": "binance_usdm",
    "timestamp": "2024-05-01T00:00:00.700000Z",
    "sequence": 7,
    "scenario_id": "scenario-408-passive_market_maker",
    "agent_id": "agent-passive_market_maker",
    "order_id": "scenario-408-passive_market_maker-agent-passive_market_maker-7",
    "action": "new",
    "side": "sell",
    "price": 65473.407999999996,
    "quantity": 0.01,
    "remaining_quantity": 0.01
  },
  {
    "event_id": "1a02ad6acab715762e3fe1f8c4e874087cca1e0adb89c00653e74090cc384769",
    "schema_version": "1.0.0",
    "event_type": "agent_order",
    "source": "synthetic_agent",
    "symbol": "BTCUSDT",
    "exchange": "binance_usdm",
    "timestamp": "2024-05-01T00:00:00.800000Z",
    "sequence": 8,
    "scenario_id": "scenario-408-passive_market_maker",
    "agent_id": "agent-passive_market_maker",
    "order_id": "scenario-408-passive_market_maker-agent-passive_market_maker-8",
    "action": "new",
    "side": "buy",
    "price": 65342.592,
    "quantity": 0.01,
    "remaining_quantity": 0.01
  },
  {
    "event_id": "12f82cf887021d2b02216e7a24476f2d09e92f3ad4d08f289832814d7bf0178d",
    "schema_version": "1.0.0",
    "event_type": "agent_order",
    "source": "synthetic_agent",
    "symbol": "BTCUSDT",
    "exchange": "binance_usdm",
    "timestamp": "2024-05-01T00:00:00.900000Z",
    "sequence": 9,
    "scenario_id": "scenario-408-passive_market_maker",
    "agent_id": "agent-passive_market_maker",
    "order_id": "scenario-408-passive_market_maker-agent-passive_market_maker-9",
    "action": "new",
    "side": "sell",
    "price": 65473.407999999996,
    "quantity": 0.01,
    "remaining_quantity": 0.01
  },
  {
    "event_id": "d58da364097db94e4da68848555a94e56cb75d89c10214d9f703edf86020cbd5",
    "schema_version": "1.0.0",
    "event_type": "agent_order",
    "source": "synthetic_agent",
    "symbol": "BTCUSDT",
    "exchange": "binance_usdm",
    "timestamp": "2024-05-01T00:00:01Z",
    "sequence": 10,
    "scenario_id": "scenario-408-passive_market_maker",
    "agent_id": "agent-passive_market_maker",
    "order_id": "scenario-408-passive_market_maker-agent-passive_market_maker-10",
    "action": "new",
    "side": "buy",
    "price": 65342.592,
    "quantity": 0.01,
    "remaining_quantity": 0.01
  },
  {
    "event_id": "bb3fe52f806e347a5f4344d0b2f78f49723e0462ab793a7160245c249afeb9ee",
    "schema_version": "1.0.0",
    "event_type": "agent_order",
    "source": "synthetic_agent",
    "symbol": "BTCUSDT",
    "exchange": "binance_usdm",
    "timestamp": "2024-05-01T00:00:01.100000Z",
    "sequence": 11,
    "scenario_id": "scenario-408-passive_market_maker",
    "agent_id": "agent-passive_market_maker",
    "order_id": "scenario-408-passive_market_maker-agent-passive_market_maker-11",
    "action": "new",
    "side": "sell",
    "price": 65473.407999999996,
    "quantity": 0.01,
    "remaining_quantity": 0.01
  },
  {
    "event_id": "ff22c3a25680ab2ec47844ae2135065531484b61873e528cf20e38cbb40bb4f1",
    "schema_version": "1.0.0",
    "event_type": "agent_order",
    "source": "synthetic_agent",
    "symbol": "BTCUSDT",
    "exchange": "binance_usdm",
    "timestamp": "2024-05-01T00:00:01.200000Z",
    "sequence": 12,
    "scenario_id": "scenario-408-passive_market_maker",
    "agent_id": "agent-passive_market_maker",
    "order_id": "scenario-408-passive_market_maker-agent-passive_market_maker-12",
    "action": "new",
    "side": "buy",
    "price": 65342.592,
    "quantity": 0.01,
    "remaining_quantity": 0.01
  },
  {
    "event_id": "45dcb90ddc3941bd5f64b6575568ecf2bd8e40ef95bbb4c509c9036a4bd0f2dc",
    "schema_version": "1.0.0",
    "event_type": "agent_order",
    "source": "synthetic_agent",
    "symbol": "BTCUSDT",
    "exchange": "binance_usdm",
    "timestamp": "2024-05-01T00:00:01.300000Z",
    "sequence": 13,
    "scenario_id": "scenario-408-passive_market_maker",
    "agent_id": "agent-passive_market_maker",
    "order_id": "scenario-408-passive_market_maker-agent-passive_market_maker-13",
    "action": "new",
    "side": "sell",
    "price": 65473.407999999996,
    "quantity": 0.01,
    "remaining_quantity": 0.01
  },
  {
    "event_id": "cb2d4c9c12b8b3260087aae26abd7c113af993d65f9c489e49e6fc748d1cca92",
    "schema_version": "1.0.0",
    "event_type": "agent_order",
    "source": "synthetic_agent",
    "symbol": "BTCUSDT",
    "exchange": "binance_usdm",
    "timestamp": "2024-05-01T00:00:01.400000Z",
    "sequence": 14,
    "scenario_id": "scenario-408-passive_market_maker",
    "agent_id": "agent-passive_market_maker",
    "order_id": "scenario-408-passive_market_maker-agent-passive_market_maker-14",
    "action": "new",
    "side": "buy",
    "price": 65342.592,
    "quantity": 0.01,
    "remaining_quantity": 0.01
  },
  {
    "event_id": "6de202437a2924d77ac2080a267a0b0f3c2a3c0c4f1863e7b73f7df1a6ba516c",
    "schema_version": "1.0.0",
    "event_type": "agent_order",
    "source": "synthetic_agent",
    "symbol": "BTCUSDT",
    "exchange": "binance_usdm",
    "timestamp": "2024-05-01T00:00:01.500000Z",
    "sequence": 15,
    "scenario_id": "scenario-408-passive_market_maker",
    "agent_id": "agent-passive_market_maker",
    "order_id": "scenario-408-passive_market_maker-agent-passive_market_maker-15",
    "action": "new",
    "side": "sell",
    "price": 65473.407999999996,
    "quantity": 0.01,
    "remaining_quantity": 0.01
  },
  {
    "event_id": "9d1136088d2c22bc444c52969ca3892a1a73edabf27235f32811e52dfe4dd97a",
    "schema_version": "1.0.0",
    "event_type": "agent_order",
    "source": "synthetic_agent",
    "symbol": "BTCUSDT",
    "exchange": "binance_usdm",
    "timestamp": "2024-05-01T00:00:01.600000Z",
    "sequence": 16,
    "scenario_id": "scenario-408-passive_market_maker",
    "agent_id": "agent-passive_market_maker",
    "order_id": "scenario-408-passive_market_maker-agent-passive_market_maker-16",
    "action": "new",
    "side": "buy",
    "price": 65342.592,
    "quantity": 0.01,
    "remaining_quantity": 0.01
  },
  {
    "event_id": "b68a504a2214e91e3fc6cedadd888b423394cd6b830230b5667d1871b2d09e94",
    "schema_version": "1.0.0",
    "event_type": "agent_order",
    "source": "synthetic_agent",
    "symbol": "BTCUSDT",
    "exchange": "binance_usdm",
    "timestamp": "2024-05-01T00:00:01.700000Z",
    "sequence": 17,
    "scenario_id": "scenario-408-passive_market_maker",
    "agent_id": "agent-passive_market_maker",
    "order_id": "scenario-408-passive_market_maker-agent-passive_market_maker-17",
    "action": "new",
    "side": "sell",
    "price": 65473.407999999996,
    "quantity": 0.01,
    "remaining_quantity": 0.01
  },
  {
    "event_id": "4a2544778c8d0c336eb98f91a88839e6f819f162931b560dab8e5ea1aae71c66",
    "schema_version": "1.0.0",
    "event_type": "agent_order",
    "source": "synthetic_agent",
    "symbol": "BTCUSDT",
    "exchange": "binance_usdm",
    "timestamp": "2024-05-01T00:00:01.800000Z",
    "sequence": 18,
    "scenario_id": "scenario-408-passive_market_maker",
    "agent_id": "agent-passive_market_maker",
    "order_id": "scenario-408-passive_market_maker-agent-passive_market_maker-18",
    "action": "new",
    "side": "buy",
    "price": 65342.592,
    "quantity": 0.01,
    "remaining_quantity": 0.01
  },
  {
    "event_id": "f83db2a08f8e10853396d9c9b364efba2733aed17f609eecc23272d368f4d58c",
    "schema_version": "1.0.0",
    "event_type": "agent_order",
    "source": "synthetic_agent",
    "symbol": "BTCUSDT",
    "exchange": "binance_usdm",
    "timestamp": "2024-05-01T00:00:01.900000Z",
    "sequence": 19,
    "scenario_id": "scenario-408-passive_market_maker",
    "agent_id": "agent-passive_market_maker",
    "order_id": "scenario-408-passive_market_maker-agent-passive_market_maker-19",
    "action": "new",
    "side": "sell",
    "price": 65473.407999999996,
    "quantity": 0.01,
    "remaining_quantity": 0.01
  },
  {
    "event_id": "4dc010f01b862b8e52c047438f5e46358c2f2bbcf1a8608e6ac6fb60b907e065",
    "schema_version": "1.0.0",
    "event_type": "agent_order",
    "source": "synthetic_agent",
    "symbol": "BTCUSDT",
    "exchange": "binance_usdm",
    "timestamp": "2024-05-01T00:00:02Z",
    "sequence": 20,
    "scenario_id": "scenario-408-passive_market_maker",
    "agent_id": "agent-passive_market_maker",
    "order_id": "scenario-408-passive_market_maker-agent-passive_market_maker-20",
    "action": "new",
    "side": "buy",
    "price": 65342.592,
    "quantity": 0.01,
    "remaining_quantity": 0.01
  },
  {
    "event_id": "6acfffa55576cadb81cf5df0cc16b1008a5d010782e5980c64f294834adc568d",
    "schema_version": "1.0.0",
    "event_type": "agent_order",
    "source": "synthetic_agent",
    "symbol": "BTCUSDT",
    "exchange": "binance_usdm",
    "timestamp": "2024-05-01T00:00:02.100000Z",
    "sequence": 21,
    "scenario_id": "scenario-408-passive_market_maker",
    "agent_id": "agent-passive_market_maker",
    "order_id": "scenario-408-passive_market_maker-agent-passive_market_maker-21",
    "action": "new",
    "side": "sell",
    "price": 65473.407999999996,
    "quantity": 0.01,
    "remaining_quantity": 0.01
  },
  {
    "event_id": "d8d2eda16d74dfbb0162d25696b05f2ded707a97868a9010fd9b78a4811dfd4e",
    "schema_version": "1.0.0",
    "event_type": "agent_order",
    "source": "synthetic_agent",
    "symbol": "BTCUSDT",
    "exchange": "binance_usdm",
    "timestamp": "2024-05-01T00:00:02.200000Z",
    "sequence": 22,
    "scenario_id": "scenario-408-passive_market_maker",
    "agent_id": "agent-passive_market_maker",
    "order_id": "scenario-408-passive_market_maker-agent-passive_market_maker-22",
    "action": "new",
    "side": "buy",
    "price": 65342.592,
    "quantity": 0.01,
    "remaining_quantity": 0.01
  },
  {
    "event_id": "fc36306aaae4135ead1cf96aa973ab3e3a0e5d12855d7f200ef5d96eae31c8ff",
    "schema_version": "1.0.0",
    "event_type": "agent_order",
    "source": "synthetic_agent",
    "symbol": "BTCUSDT",
    "exchange": "binance_usdm",
    "timestamp": "2024-05-01T00:00:02.300000Z",
    "sequence": 23,
    "scenario_id": "scenario-408-passive_market_maker",
    "agent_id": "agent-passive_market_maker",
    "order_id": "scenario-408-passive_market_maker-agent-passive_market_maker-23",
    "action": "new",
    "side": "sell",
    "price": 65473.407999999996,
    "quantity": 0.01,
    "remaining_quantity": 0.01
  },
  {
    "event_id": "8d8158db2e7acfde18d4a513bd9411c696cece8af563a26813b9e5e287aa36c8",
    "schema_version": "1.0.0",
    "event_type": "agent_order",
    "source": "synthetic_agent",
    "symbol": "BTCUSDT",
    "exchange": "binance_usdm",
    "timestamp": "2024-05-01T00:00:02.400000Z",
    "sequence": 24,
    "scenario_id": "scenario-408-passive_market_maker",
    "agent_id": "agent-passive_market_maker",
    "order_id": "scenario-408-passive_market_maker-agent-passive_market_maker-24",
    "action": "new",
    "side": "buy",
    "price": 65342.592,
    "quantity": 0.01,
    "remaining_quantity": 0.01
  },
  {
    "event_id": "b70baa6fadd4697bb0952a5dfb330fa9403f1be50302f5d64f676e215c1ac0be",
    "schema_version": "1.0.0",
    "event_type": "agent_order",
    "source": "synthetic_agent",
    "symbol": "BTCUSDT",
    "exchange": "binance_usdm",
    "timestamp": "2024-05-01T00:00:02.500000Z",
    "sequence": 25,
    "scenario_id": "scenario-408-passive_market_maker",
    "agent_id": "agent-passive_market_maker",
    "order_id": "scenario-408-passive_market_maker-agent-passive_market_maker-25",
    "action": "new",
    "side": "sell",
    "price": 65473.407999999996,
    "quantity": 0.01,
    "remaining_quantity": 0.01
  },
  {
    "event_id": "3f19b3a34c017b93f9014f4b7c4125164bcd45584716d6e83203edce70d50226",
    "schema_version": "1.0.0",
    "event_type": "agent_order",
    "source": "synthetic_agent",
    "symbol": "BTCUSDT",
    "exchange": "binance_usdm",
    "timestamp": "2024-05-01T00:00:02.600000Z",
    "sequence": 26,
    "scenario_id": "scenario-408-passive_market_maker",
    "agent_id": "agent-passive_market_maker",
    "order_id": "scenario-408-passive_market_maker-agent-passive_market_maker-26",
    "action": "new",
    "side": "buy",
    "price": 65342.592,
    "quantity": 0.01,
    "remaining_quantity": 0.01
  },
  {
    "event_id": "4f78bac41a93c04fab76327f7d2409b12ba5a79e049cb8bfec2bf3bd6193ecca",
    "schema_version": "1.0.0",
    "event_type": "agent_order",
    "source": "synthetic_agent",
    "symbol": "BTCUSDT",
    "exchange": "binance_usdm",
    "timestamp": "2024-05-01T00:00:02.700000Z",
    "sequence": 27,
    "scenario_id": "scenario-408-passive_market_maker",
    "agent_id": "agent-passive_market_maker",
    "order_id": "scenario-408-passive_market_maker-agent-passive_market_maker-27",
    "action": "new",
    "side": "sell",
    "price": 65473.407999999996,
    "quantity": 0.01,
    "remaining_quantity": 0.01
  },
  {
    "event_id": "2a2393bd62e960815b6b51c229ff51cfbae6da6b41ed050899b26aac68986fe9",
    "schema_version": "1.0.0",
    "event_type": "agent_order",
    "source": "synthetic_agent",
    "symbol": "BTCUSDT",
    "exchange": "binance_usdm",
    "timestamp": "2024-05-01T00:00:02.800000Z",
    "sequence": 28,
    "scenario_id": "scenario-408-passive_market_maker",
    "agent_id": "agent-passive_market_maker",
    "order_id": "scenario-408-passive_market_maker-agent-passive_market_maker-28",
    "action": "new",
    "side": "buy",
    "price": 65342.592,
    "quantity": 0.01,
    "remaining_quantity": 0.01
  },
  {
    "event_id": "d55baa080319b9b2d3a32ab86f66095cafc6fecc0c061e572697cb97883c1075",
    "schema_version": "1.0.0",
    "event_type": "agent_order",
    "source": "synthetic_agent",
    "symbol": "BTCUSDT",
    "exchange": "binance_usdm",
    "timestamp": "2024-05-01T00:00:02.900000Z",
    "sequence": 29,
    "scenario_id": "scenario-408-passive_market_maker",
    "agent_id": "agent-passive_market_maker",
    "order_id": "scenario-408-passive_market_maker-agent-passive_market_maker-29",
    "action": "new",
    "side": "sell",
    "price": 65473.407999999996,
    "quantity": 0.01,
    "remaining_quantity": 0.01
  }
]