[
  {
    "event_id": "42e49d17fef37c29409dc19870391105789872ee2c8f6e095a370853cffbe142",
    "schema_version": "1.0.0",
    "event_type": "agent_order",
    "source": "synthetic_agent",
    "symbol": "BTCUSDT",
    "exchange": "binance_usdm",
    "timestamp": "2024-05-01T00:00:00Z",
    "sequence": 0,
    "scenario_id": "scenario-257-momentum_ignition",
    "agent_id": "agent-momentum_ignition",
    "order_id": "scenario-257-momentum_ignition-agent-momentum_ignition-0",
    "action": "new",
    "side": "buy",
    "price": 65322.25699999999,
    "quantity": 0.08,
    "remaining_quantity": 0.08
  },
  {
    "event_id": "d1b50711b0b7729b5dd7b7ecd74437d5e74bae1db482869729a2938c14157b23",
    "schema_version": "1.0.0",
    "event_type": "agent_order",
    "source": "synthetic_agent",
    "symbol": "BTCUSDT",
    "exchange": "binance_usdm",
    "timestamp": "2024-05-01T00:00:00.080000Z",
    "sequence": 1,
    "scenario_id": "scenario-257-momentum_ignition",
    "agent_id": "agent-momentum_ignition",
    "order_id": "scenario-257-momentum_ignition-agent-momentum_ignition-1",
    "action": "new",
    "side": "buy",
    "price": 65323.56213999999,
    "quantity": 0.08,
    "remaining_quantity": 0.08
  },
  {
    "event_id": "0b7eb14bd419a2cbe51c4c3bfab0f4b4dd1128265b32256f0e7bed11db80d28c",
    "schema_version": "1.0.0",
    "event_type": "agent_order",
    "source": "synthetic_agent",
    "symbol": "BTCUSDT",
    "exchange": "binance_usdm",
    "timestamp": "2024-05-01T00:00:00.160000Z",
    "sequence": 2,
    "scenario_id": "scenario-257-momentum_ignition",
    "agent_id": "agent-momentum_ignition",
    "order_id": "scenario-257-momentum_ignition-agent-momentum_ignition-2",
    "action": "new",
    "side": "buy",
    "price": 65324.86728,
    "quantity": 0.08,
    "remaining_quantity": 0.08
  },
  {
    "event_id": "fa49338cfc273f258ff123a090e3b844afe4d6ec5dc4afc5f5eee65ba505d93f",
    "schema_version": "1.0.0",
    "event_type": "agent_order",
    "source": "synthetic_agent",
    "symbol": "BTCUSDT",
    "exchange": "binance_usdm",
    "timestamp": "2024-05-01T00:00:00.240000Z",
    "sequence": 3,
    "scenario_id": "scenario-257-momentum_ignition",
    "agent_id": "agent-momentum_ignition",
    "order_id": "scenario-257-momentum_ignition-agent-momentum_ignition-3",
    "action": "new",
    "side": "buy",
    "price": 65326.17241999999,
    "quantity": 0.08,
    "remaining_quantity": 0.08
  },
  {
    "event_id": "a99f8626f1050b13240e7fc42e45262c36a6115baf84bf8cec9a33f378ee9785",
    "schema_version": "1.0.0",
    "event_type": "agent_order",
    "source": "synthetic_agent",
    "symbol": "BTCUSDT",
    "exchange": "binance_usdm",
    "timestamp": "2024-05-01T00:00:00.320000Z",
    "sequence": 4,
    "scenario_id": "scenario-257-momentum_ignition",
    "agent_id": "agent-momentum_ignition",
    "order_id": "scenario-257-momentum_ignition-agent-momentum_ignition-4",
    "action": "new",
    "side": "buy",
    "price": 65327.47756,
    "quantity": 0.08,
    "remaining_quantity": 0.08
  },
  {
    "event_id": "c12926bd06f65fd0b3e3e5bed81464af7f91b34bb54660f2666cfafe27ecac95",
    "schema_version": "1.0.0",
    "event_type": "agent_order",
    "source": "synthetic_agent",
    "symbol": "BTCUSDT",
    "exchange": "binance_usdm",
    "timestamp": "2024-05-01T00:00:00.400000Z",
    "sequence": 5,
    "scenario_id": "scenario-257-momentum_ignition",
    "agent_id": "agent-momentum_ignition",
    "order_id": "scenario-257-momentum_ignition-agent-momentum_ignition-5",
    "action": "new",
    "side": "buy",
    "price": 65328.78269999999,
    "quantity": 0.08,
    "remaining_quantity": 0.08
  },
  {
    "event_id": "d9581462246f62c37d0c7e50b4bb655cebc3103ce2ea9fda92fa573812645d43",
    "schema_version": "1.0.0",
    "event_type": "agent_order",
    "source": "synthetic_agent",
    "symbol": "BTCUSDT",
    "exchange": "binance_usdm",
    "timestamp": "2024-05-01T00:00:00.480000Z",
    "sequence": 6,
    "scenario_id": "scenario-257-momentum_ignition",
    "agent_id": "agent-momentum_ignition",
    "order_id": "scenario-257-momentum_ignition-agent-momentum_ignition-6",
    "action": "new",
    "side": "buy",
    "price": 65330.087839999986,
    "quantity": 0.08,
    "remaining_quantity": 0.08
  },
  {
    "event_id": "c76d6e4004b33a734f648bee8fb5abb9c8bd58b41807dd916d104bafc2174c89",
    "schema_version": "1.0.0",
    "event_type": "agent_order",
    "source": "synthetic_agent",
    "symbol": "BTCUSDT",
    "exchange": "binance_usdm",
    "timestamp": "2024-05-01T00:00:00.560000Z",
    "sequence": 7,
    "scenario_id": "scenario-257-momentum_ignition",
    "agent_id": "agent-momentum_ignition",
    "order_id": "scenario-257-momentum_ignition-agent-momentum_ignition-7",
    "action": "new",
    "side": "buy",
    "price": 65331.39298,
    "quantity": 0.08,
    "remaining_quantity": 0.08
  },
  {
    "event_id": "c18ebf5f62817fadfde1e83103db010cc7fd05ea55773cd9ada9c4cfef2b3a8b",
    "schema_version": "1.0.0",
    "event_type": "agent_order",
    "source": "synthetic_agent",
    "symbol": "BTCUSDT",
    "exchange": "binance_usdm",
    "timestamp": "2024-05-01T00:00:00.640000Z",
    "sequence": 8,
    "scenario_id": "scenario-257-momentum_ignition",
    "agent_id": "agent-momentum_ignition",
    "order_id": "scenario-257-momentum_ignition-agent-momentum_ignition-8",
    "action": "new",
    "side": "buy",
    "price": 65332.69811999999,
    "quantity": 0.08,
    "remaining_quantity": 0.08
  },
  {
    "event_id": "ec9a11303c742cc08c4373bda21e6868a266bf09d3c2b482cd502208e2c982b8",
    "schema_version": "1.0.0",
    "event_type": "agent_order",
    "source": "synthetic_agent",
    "symbol": "BTCUSDT",
    "exchange": "binance_usdm",
    "timestamp": "2024-05-01T00:00:00.720000Z",
    "sequence": 9,
    "scenario_id": "scenario-257-momentum_ignition",
    "agent_id": "agent-momentum_ignition",
    "order_id": "scenario-257-momentum_ignition-agent-momentum_ignition-9",
    "action": "new",
    "side": "buy",
    "price": 65334.00326,
    "quantity": 0.08,
    "remaining_quantity": 0.08
  },
  {
    "event_id": "af67a23b5e43e92d3c99d50d8545d2d34e009a8719119fdbb649fb6c2bfdedc6",
    "schema_version": "1.0.0",
    "event_type": "agent_order",
    "source": "synthetic_agent",
    "symbol": "BTCUSDT",
    "exchange": "binance_usdm",
    "timestamp": "2024-05-01T00:00:00.800000Z",
    "sequence": 10,
    "scenario_id": "scenario-257-momentum_ignition",
    "agent_id": "agent-momentum_ignition",
    "order_id": "scenario-257-momentum_ignition-agent-momentum_ignition-10",
    "action": "new",
    "side": "buy",
    "price": 65335.308399999994,
    "quantity": 0.08,
    "remaining_quantity": 0.08
  },
  {
    "event_id": "a5ec4861489a17210421d8190fb733d966ee05a9f8ac8429abf237f9dd1fd0d6",
    "schema_version": "1.0.0",
    "event_type": "agent_order",
    "source": "synthetic_agent",
    "symbol": "BTCUSDT",
    "exchange": "binance_usdm",
    "timestamp": "2024-05-01T00:00:00.880000Z",
    "sequence": 11,
    "scenario_id": "scenario-257-momentum_ignition",
    "agent_id": "agent-momentum_ignition",
    "order_id": "scenario-257-momentum_ignition-agent-momentum_ignition-11",
    "action": "new",
    "side": "buy",
    "price": 65336.61354,
    "quantity": 0.08,
    "remaining_quantity": 0.08
  },
  {
    "event_id": "d2634282388e4f4834c9e8ad9afc88fb266d350a41212f2abde23acd6245d992",
    "schema_version": "1.0.0",
    "event_type": "agent_order",
    "source": "synthetic_agent",
    "symbol": "BTCUSDT",
    "exchange": "binance_usdm",
    "timestamp": "2024-05-01T00:00:00.960000Z",
    "sequence": 12,
    "scenario_id": "scenario-257-momentum_ignition",
    "agent_id": "agent-momentum_ignition",
    "order_id": "scenario-257-momentum_ignition-agent-momentum_ignition-12",
    "action": "new",
    "side": "buy",
    "price": 65337.918679999995,
    "quantity": 0.08,
    "remaining_quantity": 0.08
  },
  {
    "event_id": "bef7c41709cef0d899b78168a5989e0bf95dc2399700d38727a71c1d3172174a",
    "schema_version": "1.0.0",
    "event_type": "agent_order",
    "source": "synthetic_agent",
    "symbol": "BTCUSDT",
    "exchange": "binance_usdm",
    "timestamp": "2024-05-01T00:00:01.040000Z",
    "sequence": 13,
    "scenario_id": "scenario-257-momentum_ignition",
    "agent_id": "agent-momentum_ignition",
    "order_id": "scenario-257-momentum_ignition-agent-momentum_ignition-13",
    "action": "new",
    "side": "buy",
    "price": 65339.223819999985,
    "quantity": 0.08,
    "remaining_quantity": 0.08
  },
  {
    "event_id": "2b30404d76deaf1cd59226d923b9bb5cc94f0d39df4f2ce842ac968e915c4eb8",
    "schema_version": "1.0.0",
    "event_type": "agent_order",
    "source": "synthetic_agent",
    "symbol": "BTCUSDT",
    "exchange": "binance_usdm",
    "timestamp": "2024-05-01T00:00:01.120000Z",
    "sequence": 14,
    "scenario_id": "scenario-257-momentum_ignition",
    "agent_id": "agent-momentum_ignition",
    "order_id": "scenario-257-momentum_ignition-agent-momentum_ignition-14",
    "action": "new",
    "side": "buy",
    "price": 65340.528959999996,
    "quantity": 0.08,
    "remaining_quantity": 0.08
  },
  {
    "event_id": "07ec05ccb1cb8754e1bb9a1293504c8eb6995829eca3ec9c3d8d689ff135f835",
    "schema_version": "1.0.0",
    "event_type": "agent_order",
    "source": "synthetic_agent",
    "symbol": "BTCUSDT",
    "exchange": "binance_usdm",
    "timestamp": "2024-05-01T00:00:01.200000Z",
    "sequence": 15,
    "scenario_id": "scenario-257-momentum_ignition",
    "agent_id": "agent-momentum_ignition",
    "order_id": "scenario-257-momentum_ignition-agent-momentum_ignition-15",
    "action": "new",
    "side": "buy",
    "price": 65341.83409999999,
    "quantity": 0.08,
    "remaining_quantity": 0.08
  },
  {
    "event_id": "a43adc3d75e82cefb392505686cf913fcf1affb156cb4fd28c2ba43f1c6a5870",
    "schema_version": "1.0.0",
    "event_type": "agent_order",
    "source": "synthetic_agent",
    "symbol": "BTCUSDT",
    "exchange": "binance_usdm",
    "timestamp": "2024-05-01T00:00:01.280000Z",
    "sequence": 16,
    "scenario_id": "scenario-257-momentum_ignition",
    "agent_id": "agent-momentum_ignition",
    "order_id": "scenario-257-momentum_ignition-agent-momentum_ignition-16",
    "action": "new",
    "side": "buy",
    "price": 65343.13924,
    "quantity": 0.08,
    "remaining_quantity": 0.08
  },
  {
    "event_id": "4895e2daab2676af9db0b893fdcccba35993772945e6fdd1451f7503667cb0e0",
    "schema_version": "1.0.0",
    "event_type": "agent_order",
    "source": "synthetic_agent",
    "symbol": "BTCUSDT",
    "exchange": "binance_usdm",
    "timestamp": "2024-05-01T00:00:01.360000Z",
    "sequence": 17,
    "scenario_id": "scenario-257-momentum_ignition",
    "agent_id": "agent-momentum_ignition",
    "order_id": "scenario-257-momentum_ignition-agent-momentum_ignition-17",
    "action": "new",
    "side": "buy",
    "price": 65344.44437999999,
    "quantity": 0.08,
    "remaining_quantity": 0.08
  },
  {
    "event_id": "395b18dc39597fd4536c02c16369459918a6792da1c06e7f12093b3bfc12b808",
    "schema_version": "1.0.0",
    "event_type": "agent_order",
    "source": "synthetic_agent",
    "symbol": "BTCUSDT",
    "exchange": "binance_usdm",
    "timestamp": "2024-05-01T00:00:01.440000Z",
    "sequence": 18,
    "scenario_id": "scenario-257-momentum_ignition",
    "agent_id": "agent-momentum_ignition",
    "order_id": "scenario-257-momentum_ignition-agent-momentum_ignition-18",
    "action": "new",
    "side": "buy",
    "price": 65345.74951999999,
    "quantity": 0.08,
    "remaining_quantity": 0.08
  },
  {
    "event_id": "3ebb7225ed98e0545466936e74e859cb04435b4b187381cdd7ed7c934dcc3087",
    "schema_version": "1.0.0",
    "event_type": "agent_order",
    "source": "synthetic_agent",
    "symbol": "BTCUSDT",
    "exchange": "binance_usdm",
    "timestamp": "2024-05-01T00:00:01.520000Z",
    "sequence": 19,
    "scenario_id": "scenario-257-momentum_ignition",
    "agent_id": "agent-momentum_ignition",
    "order_id": "scenario-257-momentum_ignition-agent-momentum_ignition-19",
    "action": "new",
    "side": "buy",
    "price": 65347.054659999994,
    "quantity": 0.08,
    "remaining_quantity": 0.08
  },
  {
    "event_id": "616878b22d2dde443e1e348912ec57912b98ad77f2c7e19b85493edf22ac72e4",
    "schema_version": "1.0.0",
    "event_type": "agent_order",
    "source": "synthetic_agent",
    "symbol": "BTCUSDT",
    "exchange": "binance_usdm",
    "timestamp": "2024-05-01T00:00:01.600000Z",
    "sequence": 20,
    "scenario_id": "scenario-257-momentum_ignition",
    "agent_id": "agent-momentum_ignition",
    "order_id": "scenario-257-momentum_ignition-agent-momentum_ignition-20",
    "action": "new",
    "side": "buy",
    "price": 65348.35979999999,
    "quantity": 0.08,
    "remaining_quantity": 0.08
  },
  {
    "event_id": "8cf0a5ef05d0aff39e5678f91dab653adec0b0b7c492a58ac11e82f283550d77",
    "schema_version": "1.0.0",
    "event_type": "agent_order",
    "source": "synthetic_agent",
    "symbol": "BTCUSDT",
    "exchange": "binance_usdm",
    "timestamp": "2024-05-01T00:00:01.680000Z",
    "sequence": 21,
    "scenario_id": "scenario-257-momentum_ignition",
    "agent_id": "agent-momentum_ignition",
    "order_id": "scenario-257-momentum_ignition-agent-momentum_ignition-21",
    "action": "new",
    "side": "buy",
    "price": 65349.664939999995,
    "quantity": 0.08,
    "remaining_quantity": 0.08
  },
  {
    "event_id": "efb8ccdc67feb5f4ac28df621142c4d7d0205b51124f196c51510ef29633a842",
    "schema_version": "1.0.0",
    "event_type": "agent_order",
    "source": "synthetic_agent",
    "symbol": "BTCUSDT",
    "exchange": "binance_usdm",
    "timestamp": "2024-05-01T00:00:01.760000Z",
    "sequence": 22,
    "scenario_id": "scenario-257-momentum_ignition",
    "agent_id": "agent-momentum_ignition",
    "order_id": "scenario-257-momentum_ignition-agent-momentum_ignition-22",
    "action": "new",
    "side": "buy",
    "price": 65350.97007999999,
    "quantity": 0.08,
    "remaining_quantity": 0.08
  },
  {
    "event_id": "405aab08afce61228f1502931050543908bd9467106d985f614dd50d815618af",
    "schema_version": "1.0.0",
    "event_type": "agent_order",
    "source": "synthetic_agent",
    "symbol": "BTCUSDT",
    "exchange": "binance_usdm",
    "timestamp": "2024-05-01T00:00:01.840000Z",
    "sequence": 23,
    "scenario_id": "scenario-257-momentum_ignition",
    "agent_id": "agent-momentum_ignition",
    "order_id": "scenario-257-momentum_ignition-agent-momentum_ignition-23",
    "action": "new",
    "side": "buy",
    "price": 65352.27521999999,
    "quantity": 0.08,
    "remaining_quantity": 0.08
  },
  {
    "event_id": "d820228965dd9f1edaaea4ab4740b3218ec5ac7364b380cf863f54a19b583c09",
    "schema_version": "1.0.0",
    "event_type": "agent_order",
    "source": "synthetic_agent",
    "symbol": "BTCUSDT",
    "exchange": "binance_usdm",
    "timestamp": "2024-05-01T00:00:01.920000Z",
    "sequence": 24,
    "scenario_id": "scenario-257-momentum_ignition",
    "agent_id": "agent-momentum_ignition",
    "order_id": "scenario-257-momentum_ignition-agent-momentum_ignition-24",
    "action": "new",
    "side": "buy",
    "price": 65353.58035999999,
    "quantity": 0.08,
    "remaining_quantity": 0.08
  },
  {
    "event_id": "2b7e966a29336bc412171171d99ac5727ebdbc9720f02d53e8e2e20678cc19a4",
    "schema_version": "1.0.0",
    "event_type": "agent_order",
    "source": "synthetic_agent",
    "symbol": "BTCUSDT",
    "exchange": "binance_usdm",
    "timestamp": "2024-05-01T00:00:02Z",
    "sequence": 25,
    "scenario_id": "scenario-257-momentum_ignition",
    "agent_id": "agent-momentum_ignition",
    "order_id": "scenario-257-momentum_ignition-agent-momentum_ignition-25",
    "action": "new",
    "side": "buy",
    "price": 65354.88549999999,
    "quantity": 0.08,
    "remaining_quantity": 0.08
  },
  {
    "event_id": "26cbcabbb7cad942f484bf3fdbaecb6c4622b7248fde5ae2d291f54e91575bc1",
    "schema_version": "1.0.0",
    "event_type": "agent_order",
    "source": "synthetic_agent",
    "symbol": "BTCUSDT",
    "exchange": "binance_usdm",
    "timestamp": "2024-05-01T00:00:02.080000Z",
    "sequence": 26,
    "scenario_id": "scenario-257-momentum_ignition",
    "agent_id": "agent-momentum_ignition",
    "order_id": "scenario-257-momentum_ignition-agent-momentum_ignition-26",
    "action": "new",
    "side": "buy",
    "price": 65356.19064,
    "quantity": 0.08,
    "remaining_quantity": 0.08
  },
  {
    "event_id": "a3c6fd9140743a1d547b362a65989d25f9825651204ce2c5986dea3b8a45ef49",
    "schema_version": "1.0.0",
    "event_type": "agent_order",
    "source": "synthetic_agent",
    "symbol": "BTCUSDT",
    "exchange": "binance_usdm",
    "timestamp": "2024-05-01T00:00:02.160000Z",
    "sequence": 27,
    "scenario_id": "scenario-257-momentum_ignition",
    "agent_id": "agent-momentum_ignition",
    "order_id": "scenario-257-momentum_ignition-agent-momentum_ignition-27",
    "action": "new",
    "side": "buy",
    "price": 65357.49577999999,
    "quantity": 0.08,
    "remaining_quantity": 0.08
  },
  {
    "event_id": "35d7e3f6e5585b2063d8157e25e0dfe0c2ea6a066c99962587081c831b3494fb",
    "schema_version": "1.0.0",
    "event_type": "agent_order",
    "source": "synthetic_agent",
    "symbol": "BTCUSDT",
    "exchange": "binance_usdm",
    "timestamp": "2024-05-01T00:00:02.240000Z",
    "sequence": 28,
    "scenario_id": "scenario-257-momentum_ignition",
    "agent_id": "agent-momentum_ignition",
    "order_id": "scenario-257-momentum_ignition-agent-momentum_ignition-28",
    "action": "new",
    "side": "buy",
    "price": 65358.80091999999,
    "quantity": 0.08,
    "remaining_quantity": 0.08
  },
  {
    "event_id": "f35c1e9f3c9c4453f1abfa15214703224e77cd7a68ed93e1bd04b5a860930606",
    "schema_version": "1.0.0",
    "event_type": "agent_order",
    "source": "synthetic_agent",
    "symbol": "BTCUSDT",
    "exchange": "binance_usdm",
    "timestamp": "2024-05-01T00:00:02.320000Z",
    "sequence": 29,
    "scenario_id": "scenario-257-momentum_ignition",
    "agent_id": "agent-momentum_ignition",
    "order_id": "scenario-257-momentum_ignition-agent-momentum_ignition-29",
    "action": "new",
    "side": "buy",
    "price": 65360.10605999999,
    "quantity": 0.08,
    "remaining_quantity": 0.08
  }
]