[
  {
    "event_id": "8d1472cdd939137d2ac88e900229d621547117bda9ac72e6fd9220f11a8f742c",
    "schema_version": "1.0.0",
    "event_type": "agent_order",
    "source": "synthetic_agent",
    "symbol": "BTCUSDT",
    "exchange": "binance_usdm",
    "timestamp": "2024-05-01T00:00:00Z",
    "sequence": 0,
    "scenario_id": "scenario-281-momentum_ignition",
    "agent_id": "agent-momentum_ignition",
    "order_id": "scenario-281-momentum_ignition-agent-momentum_ignition-0",
    "action": "new",
    "side": "buy",
    "price": 65346.280999999995,
    "quantity": 0.08,
    "remaining_quantity": 0.08
  },
  {
    "event_id": "9d894f826b8622a82737b6d9ed6f24af76342265c36f7fe2eec1bcf05b2c22ed",
    "schema_version": "1.0.0",
    "event_type": "agent_order",
    "source": "synthetic_agent",
    "symbol": "BTCUSDT",
    "exchange": "binance_usdm",
    "timestamp": "2024-05-01T00:00:00.080000Z",
    "sequence": 1,
    "scenario_id": "scenario-281-momentum_ignition",
    "agent_id": "agent-momentum_ignition",
    "order_id": "scenario-281-momentum_ignition-agent-momentum_ignition-1",
    "action": "new",
    "side": "buy",
    "price": 65347.58661999999,
    "quantity": 0.08,
    "remaining_quantity": 0.08
  },
  {
    "event_id": "27dc5c319da8026e4d4c2e511e608807f2b577581434cbcdbcd72139b01803b1",
    "schema_version": "1.0.0",
    "event_type": "agent_order",
    "source": "synthetic_agent",
    "symbol": "BTCUSDT",
    "exchange": "binance_usdm",
    "timestamp": "2024-05-01T00:00:00.160000Z",
    "sequence": 2,
    "scenario_id": "scenario-281-momentum_ignition",
    "agent_id": "agent-momentum_ignition",
    "order_id": "scenario-281-momentum_ignition-agent-momentum_ignition-2",
    "action": "new",
    "side": "buy",
    "price": 65348.892239999994,
    "quantity": 0.08,
    "remaining_quantity": 0.08
  },
  {
    "event_id": "02dd1e5c97e793e15494c6e4540fe586c6a923ad8e5efaebd1021eb4b72b1688",
    "schema_version": "1.0.0",
    "event_type": "agent_order",
    "source": "synthetic_agent",
    "symbol": "BTCUSDT",
    "exchange": "binance_usdm",
    "timestamp": "2024-05-01T00:00:00.240000Z",
    "sequence": 3,
    "scenario_id": "scenario-281-momentum_ignition",
    "agent_id": "agent-momentum_ignition",
    "order_id": "scenario-281-momentum_ignition-agent-momentum_ignition-3",
    "action": "new",
    "side": "buy",
    "price": 65350.19785999999,
    "quantity": 0.08,
    "remaining_quantity": 0.08
  },
  {
    "event_id": "737b977e196d7586af310b33580a55b55281be941bc819a67bd0026b14a1664d",
    "schema_version": "1.0.0",
    "event_type": "agent_order",
    "source": "synthetic_agent",
    "symbol": "BTCUSDT",
    "exchange": "binance_usdm",
    "timestamp": "2024-05-01T00:00:00.320000Z",
    "sequence": 4,
    "scenario_id": "scenario-281-momentum_ignition",
    "agent_id": "agent-momentum_ignition",
    "order_id": "scenario-281-momentum_ignition-agent-momentum_ignition-4",
    "action": "new",
    "side": "buy",
    "price": 65351.50348,
    "quantity": 0.08,
    "remaining_quantity": 0.08
  },
  {
    "event_id": "7a9a47c55080f90f8de03c9d481c4244906b8b451ed5f23e869d7094807d5a95",
    "schema_version": "1.0.0",
    "event_type": "agent_order",
    "source": "synthetic_agent",
    "symbol": "BTCUSDT",
    "exchange": "binance_usdm",
    "timestamp": "2024-05-01T00:00:00.400000Z",
    "sequence": 5,
    "scenario_id": "scenario-281-momentum_ignition",
    "agent_id": "agent-momentum_ignition",
    "order_id": "scenario-281-momentum_ignition-agent-momentum_ignition-5",
    "action": "new",
    "side": "buy",
    "price": 65352.80909999999,
    "quantity": 0.08,
    "remaining_quantity": 0.08
  },
  {
    "event_id": "456f13304a2bd3d21905a31c325909c7a50db79968f6b8d498b58c823606c641",
    "schema_version": "1.0.0",
    "event_type": "agent_order",
    "source": "synthetic_agent",
    "symbol": "BTCUSDT",
    "exchange": "binance_usdm",
    "timestamp": "2024-05-01T00:00:00.480000Z",
    "sequence": 6,
    "scenario_id": "scenario-281-momentum_ignition",
    "agent_id": "agent-momentum_ignition",
    "order_id": "scenario-281-momentum_ignition-agent-momentum_ignition-6",
    "action": "new",
    "side": "buy",
    "price": 65354.11471999998,
    "quantity": 0.08,
    "remaining_quantity": 0.08
  },
  {
    "event_id": "30b3589db2e77c166ee231bbb7e7e885da02a4a638c1b2f274d4f285d1db785f",
    "schema_version": "1.0.0",
    "event_type": "agent_order",
    "source": "synthetic_agent",
    "symbol": "BTCUSDT",
    "exchange": "binance_usdm",
    "timestamp": "2024-05-01T00:00:00.560000Z",
    "sequence": 7,
    "scenario_id": "scenario-281-momentum_ignition",
    "agent_id": "agent-momentum_ignition",
    "order_id": "scenario-281-momentum_ignition-agent-momentum_ignition-7",
    "action": "new",
    "side": "buy",
    "price": 65355.42034,
    "quantity": 0.08,
    "remaining_quantity": 0.08
  },
  {
    "event_id": "2558f846eaac49a2b0b4c5fe19dcc95eb650751202dabe2d720a0a1a38a7b98a",
    "schema_version": "1.0.0",
    "event_type": "agent_order",
    "source": "synthetic_agent",
    "symbol": "BTCUSDT",
    "exchange": "binance_usdm",
    "timestamp": "2024-05-01T00:00:00.640000Z",
    "sequence": 8,
    "scenario_id": "scenario-281-momentum_ignition",
    "agent_id": "agent-momentum_ignition",
    "order_id": "scenario-281-momentum_ignition-agent-momentum_ignition-8",
    "action": "new",
    "side": "buy",
    "price": 65356.72595999999,
    "quantity": 0.08,
    "remaining_quantity": 0.08
  },
  {
    "event_id": "f01b6fdfd5384e8340f154f34deee4198743a23bf67c4c43e08db30ec10d8bbd",
    "schema_version": "1.0.0",
    "event_type": "agent_order",
    "source": "synthetic_agent",
    "symbol": "BTCUSDT",
    "exchange": "binance_usdm",
    "timestamp": "2024-05-01T00:00:00.720000Z",
    "sequence": 9,
    "scenario_id": "scenario-281-momentum_ignition",
    "agent_id": "agent-momentum_ignition",
    "order_id": "scenario-281-momentum_ignition-agent-momentum_ignition-9",
    "action": "new",
    "side": "buy",
    "price": 65358.031579999995,
    "quantity": 0.08,
    "remaining_quantity": 0.08
  },
  {
    "event_id": "4bea8e5a78567eb923a00a51ab8c2f58e96d71982763ded5846578dfb11eb7ff",
    "schema_version": "1.0.0",
    "event_type": "agent_order",
    "source": "synthetic_agent",
    "symbol": "BTCUSDT",
    "exchange": "binance_usdm",
    "timestamp": "2024-05-01T00:00:00.800000Z",
    "sequence": 10,
    "scenario_id": "scenario-281-momentum_ignition",
    "agent_id": "agent-momentum_ignition",
    "order_id": "scenario-281-momentum_ignition-agent-momentum_ignition-10",
    "action": "new",
    "side": "buy",
    "price": 65359.337199999994,
    "quantity": 0.08,
    "remaining_quantity": 0.08
  },
  {
    "event_id": "7379fbcfbaaabed1c6e3917850e886fb958a20a01bcefc406970febab0be3a38",
    "schema_version": "1.0.0",
    "event_type": "agent_order",
    "source": "synthetic_agent",
    "symbol": "BTCUSDT",
    "exchange": "binance_usdm",
    "timestamp": "2024-05-01T00:00:00.880000Z",
    "sequence": 11,
    "scenario_id": "scenario-281-momentum_ignition",
    "agent_id": "agent-momentum_ignition",
    "order_id": "scenario-281-momentum_ignition-agent-momentum_ignition-11",
    "action": "new",
    "side": "buy",
    "price": 65360.64282,
    "quantity": 0.08,
    "remaining_quantity": 0.08
  },
  {
    "event_id": "c57c457610d064941873e36afe33e7983911a1f41c7e19eaf4f61f38d86b74ed",
    "schema_version": "1.0.0",
    "event_type": "agent_order",
    "source": "synthetic_agent",
    "symbol": "BTCUSDT",
    "exchange": "binance_usdm",
    "timestamp": "2024-05-01T00:00:00.960000Z",
    "sequence": 12,
    "scenario_id": "scenario-281-momentum_ignition",
    "agent_id": "agent-momentum_ignition",
    "order_id": "scenario-281-momentum_ignition-agent-momentum_ignition-12",
    "action": "new",
    "side": "buy",
    "price": 65361.94843999999,
    "quantity": 0.08,
    "remaining_quantity": 0.08
  },
  {
    "event_id": "7201569f88e71322730696de491bc91aa4b74a783e3759cdfee7b67ca0767d02",
    "schema_version": "1.0.0",
    "event_type": "agent_order",
    "source": "synthetic_agent",
    "symbol": "BTCUSDT",
    "exchange": "binance_usdm",
    "timestamp": "2024-05-01T00:00:01.040000Z",
    "sequence": 13,
    "scenario_id": "scenario-281-momentum_ignition",
    "agent_id": "agent-momentum_ignition",
    "order_id": "scenario-281-momentum_ignition-agent-momentum_ignition-13",
    "action": "new",
    "side": "buy",
    "price": 65363.254059999985,
    "quantity": 0.08,
    "remaining_quantity": 0.08
  },
  {
    "event_id": "d57eadf98c2229b6c40edc5941d2bccc1686c6ac80a903095f576c03e70e80d0",
    "schema_version": "1.0.0",
    "event_type": "agent_order",
    "source": "synthetic_agent",
    "symbol": "BTCUSDT",
    "exchange": "binance_usdm",
    "timestamp": "2024-05-01T00:00:01.120000Z",
    "sequence": 14,
    "scenario_id": "scenario-281-momentum_ignition",
    "agent_id": "agent-momentum_ignition",
    "order_id": "scenario-281-momentum_ignition-agent-momentum_ignition-14",
    "action": "new",
    "side": "buy",
    "price": 65364.55968,
    "quantity": 0.08,
    "remaining_quantity": 0.08
  },
  {
    "event_id": "079ad6d8aa83a4a689cb7610a08c1631ab51e61aa2ad03e7ab0e7b3ed79d005f",
    "schema_version": "1.0.0",
    "event_type": "agent_order",
    "source": "synthetic_agent",
    "symbol": "BTCUSDT",
    "exchange": "binance_usdm",
    "timestamp": "2024-05-01T00:00:01.200000Z",
    "sequence": 15,
    "scenario_id": "scenario-281-momentum_ignition",
    "agent_id": "agent-momentum_ignition",
    "order_id": "scenario-281-momentum_ignition-agent-momentum_ignition-15",
    "action": "new",
    "side": "buy",
    "price": 65365.86529999999,
    "quantity": 0.08,
    "remaining_quantity": 0.08
  },
  {
    "event_id": "f075e30b08c5dbab6fdac2284362d5331aadc0e3df83b9c0ba4230fa23ef247f",
    "schema_version": "1.0.0",
    "event_type": "agent_order",
    "source": "synthetic_agent",
    "symbol": "BTCUSDT",
    "exchange": "binance_usdm",
    "timestamp": "2024-05-01T00:00:01.280000Z",
    "sequence": 16,
    "scenario_id": "scenario-281-momentum_ignition",
    "agent_id": "agent-momentum_ignition",
    "order_id": "scenario-281-momentum_ignition-agent-momentum_ignition-16",
    "action": "new",
    "side": "buy",
    "price": 65367.17092,
    "quantity": 0.08,
    "remaining_quantity": 0.08
  },
  {
    "event_id": "44cd293243624b53e6170f1f52ef34ddbd91a4a78869e5d7a5718d4b6024e99d",
    "schema_version": "1.0.0",
    "event_type": "agent_order",
    "source": "synthetic_agent",
    "symbol": "BTCUSDT",
    "exchange": "binance_usdm",
    "timestamp": "2024-05-01T00:00:01.360000Z",
    "sequence": 17,
    "scenario_id": "scenario-281-momentum_ignition",
    "agent_id": "agent-momentum_ignition",
    "order_id": "scenario-281-momentum_ignition-agent-momentum_ignition-17",
    "action": "new",
    "side": "buy",
    "price": 65368.476539999996,
    "quantity": 0.08,
    "remaining_quantity": 0.08
  },
  {
    "event_id": "eaa544005200baa218d60dce6f08bfe3faf527d872f02e15ba0eb250d5baccc4",
    "schema_version": "1.0.0",
    "event_type": "agent_order",
    "source": "synthetic_agent",
    "symbol": "BTCUSDT",
    "exchange": "binance_usdm",
    "timestamp": "2024-05-01T00:00:01.440000Z",
    "sequence": 18,
    "scenario_id": "scenario-281-momentum_ignition",
    "agent_id": "agent-momentum_ignition",
    "order_id": "scenario-281-momentum_ignition-agent-momentum_ignition-18",
    "action": "new",
    "side": "buy",
    "price": 65369.78215999999,
    "quantity": 0.08,
    "remaining_quantity": 0.08
  },
  {
    "event_id": "ca102d8d69f3d466d71f659c2019be0472099bc8c47483e40e671fa0d70eabc6",
    "schema_version": "1.0.0",
    "event_type": "agent_order",
    "source": "synthetic_agent",
    "symbol": "BTCUSDT",
    "exchange": "binance_usdm",
    "timestamp": "2024-05-01T00:00:01.520000Z",
    "sequence": 19,
    "scenario_id": "scenario-281-momentum_ignition",
    "agent_id": "agent-momentum_ignition",
    "order_id": "scenario-281-momentum_ignition-agent-momentum_ignition-19",
    "action": "new",
    "side": "buy",
    "price": 65371.087779999994,
    "quantity": 0.08,
    "remaining_quantity": 0.08
  },
  {
    "event_id": "ed3b05563cf85df7d9cfda97698b004ede38f80ef940b2b01b42e645d0bfa2ce",
    "schema_version": "1.0.0",
    "event_type": "agent_order",
    "source": "synthetic_agent",
    "symbol": "BTCUSDT",
    "exchange": "binance_usdm",
    "timestamp": "2024-05-01T00:00:01.600000Z",
    "sequence": 20,
    "scenario_id": "scenario-281-momentum_ignition",
    "agent_id": "agent-momentum_ignition",
    "order_id": "scenario-281-momentum_ignition-agent-momentum_ignition-20",
    "action": "new",
    "side": "buy",
    "price": 65372.39339999999,
    "quantity": 0.08,
    "remaining_quantity": 0.08
  },
  {
    "event_id": "a4632f6128c0962e79d9266e8748e47f810305d7721c63a63660ba85e5ec4844",
    "schema_version": "1.0.0",
    "event_type": "agent_order",
    "source": "synthetic_agent",
    "symbol": "BTCUSDT",
    "exchange": "binance_usdm",
    "timestamp": "2024-05-01T00:00:01.680000Z",
    "sequence": 21,
    "scenario_id": "scenario-281-momentum_ignition",
    "agent_id": "agent-momentum_ignition",
    "order_id": "scenario-281-momentum_ignition-agent-momentum_ignition-21",
    "action": "new",
    "side": "buy",
    "price": 65373.69902,
    "quantity": 0.08,
    "remaining_quantity": 0.08
  },
  {
    "event_id": "8d7230600ec50dbfa5226849d08ace76d9896be5109fa3a82424c2db3413971e",
    "schema_version": "1.0.0",
    "event_type": "agent_order",
    "source": "synthetic_agent",
    "symbol": "BTCUSDT",
    "exchange": "binance_usdm",
    "timestamp": "2024-05-01T00:00:01.760000Z",
    "sequence": 22,
    "scenario_id": "scenario-281-momentum_ignition",
    "agent_id": "agent-momentum_ignition",
    "order_id": "scenario-281-momentum_ignition-agent-momentum_ignition-22",
    "action": "new",
    "side": "buy",
    "price": 65375.00463999999,
    "quantity": 0.08,
    "remaining_quantity": 0.08
  },
  {
    "event_id": "970b2598f82a01cd43e19455edcc41892dda861993d2038a5948371d8513473e",
    "schema_version": "1.0.0",
    "event_type": "agent_order",
    "source": "synthetic_agent",
    "symbol": "BTCUSDT",
    "exchange": "binance_usdm",
    "timestamp": "2024-05-01T00:00:01.840000Z",
    "sequence": 23,
    "scenario_id": "scenario-281-momentum_ignition",
    "agent_id": "agent-momentum_ignition",
    "order_id": "scenario-281-momentum_ignition-agent-momentum_ignition-23",
    "action": "new",
    "side": "buy",
    "price": 65376.310259999984,
    "quantity": 0.08,
    "remaining_quantity": 0.08
  },
  {
    "event_id": "0a71c46ef32446e09e5c114b49382e80141f7e5a3b3a566150ec309d9af92f3e",
    "schema_version": "1.0.0",
    "event_type": "agent_order",
    "source": "synthetic_agent",
    "symbol": "BTCUSDT",
    "exchange": "binance_usdm",
    "timestamp": "2024-05-01T00:00:01.920000Z",
    "sequence": 24,
    "scenario_id": "scenario-281-momentum_ignition",
    "agent_id": "agent-momentum_ignition",
    "order_id": "scenario-281-momentum_ignition-agent-momentum_ignition-24",
    "action": "new",
    "side": "buy",
    "price": 65377.61588,
    "quantity": 0.08,
    "remaining_quantity": 0.08
  },
  {
    "event_id": "04c1e9a8f1e3b491b08f123a15844f5a46f181f2792289786e7bae55ff06a1ed",
    "schema_version": "1.0.0",
    "event_type": "agent_order",
    "source": "synthetic_agent",
    "symbol": "BTCUSDT",
    "exchange": "binance_usdm",
    "timestamp": "2024-05-01T00:00:02Z",
    "sequence": 25,
    "scenario_id": "scenario-281-momentum_ignition",
    "agent_id": "agent-momentum_ignition",
    "order_id": "scenario-281-momentum_ignition-agent-momentum_ignition-25",
    "action": "new",
    "side": "buy",
    "price": 65378.92149999999,
    "quantity": 0.08,
    "remaining_quantity": 0.08
  },
  {
    "event_id": "13bbb1f4c8c5f25a474bd1f6e03c8f63d9a28d02d16b6b2bb84c655ab9d92948",
    "schema_version": "1.0.0",
    "event_type": "agent_order",
    "source": "synthetic_agent",
    "symbol": "BTCUSDT",
    "exchange": "binance_usdm",
    "timestamp": "2024-05-01T00:00:02.080000Z",
    "sequence": 26,
    "scenario_id": "scenario-281-momentum_ignition",
    "agent_id": "agent-momentum_ignition",
    "order_id": "scenario-281-momentum_ignition-agent-momentum_ignition-26",
    "action": "new",
    "side": "buy",
    "price": 65380.227119999996,
    "quantity": 0.08,
    "remaining_quantity": 0.08
  },
  {
    "event_id": "c9a114464776827289df10d6ef7e163a649a1f5796b911f4a762374c143fbf25",
    "schema_version": "1.0.0",
    "event_type": "agent_order",
    "source": "synthetic_agent",
    "symbol": "BTCUSDT",
    "exchange": "binance_usdm",
    "timestamp": "2024-05-01T00:00:02.160000Z",
    "sequence": 27,
    "scenario_id": "scenario-281-momentum_ignition",
    "agent_id": "agent-momentum_ignition",
    "order_id": "scenario-281-momentum_ignition-agent-momentum_ignition-27",
    "action": "new",
    "side": "buy",
    "price": 65381.532739999995,
    "quantity": 0.08,
    "remaining_quantity": 0.08
  },
  {
    "event_id": "5b1faa6a37912b75d3b9e66c9d7a0e8a6ea0838537b93760c766f914e546a294",
    "schema_version": "1.0.0",
    "event_type": "agent_order",
    "source": "synthetic_agent",
    "symbol": "BTCUSDT",
    "exchange": "binance_usdm",
    "timestamp": "2024-05-01T00:00:02.240000Z",
    "sequence": 28,
    "scenario_id": "scenario-281-momentum_ignition",
    "agent_id": "agent-momentum_ignition",
    "order_id": "scenario-281-momentum_ignition-agent-momentum_ignition-28",
    "action": "new",
    "side": "buy",
    "price": 65382.83835999999,
    "quantity": 0.08,
    "remaining_quantity": 0.08
  },
  {
    "event_id": "256ddce1040268127cd9df6089d8914e2cec6262be2ce2a4e40fe16912f893f9",
    "schema_version": "1.0.0",
    "event_type": "agent_order",
    "source": "synthetic_agent",
    "symbol": "BTCUSDT",
    "exchange": "binance_usdm",
    "timestamp": "2024-05-01T00:00:02.320000Z",
    "sequence": 29,
    "scenario_id": "scenario-281-momentum_ignition",
    "agent_id": "agent-momentum_ignition",
    "order_id": "scenario-281-momentum_ignition-agent-momentum_ignition-29",
    "action": "new",
    "side": "buy",
    "price": 65384.14397999999,
    "quantity": 0.08,
    "remaining_quantity": 0.08
  }
]