[
  {
    "event_id": "61445614f90a5decbb995f1f151bfc8525e1b1f125b99a42399c5995b02dbc85",
    "schema_version": "1.0.0",
    "event_type": "agent_order",
    "source": "synthetic_agent",
    "symbol": "BTCUSDT",
    "exchange": "binance_usdm",
    "timestamp": "2024-05-01T00:00:00Z",
    "sequence": 0,
    "scenario_id": "scenario-544-quote_stuffing",
    "agent_id": "agent-quote_stuffing",
    "order_id": "scenario-544-quote_stuffing-agent-quote_stuffing-0",
    "action": "new",
    "side": "buy",
    "price": 65537.4456,
    "quantity": 0.001,
    "remaining_quantity": 0.001
  },
  {
    "event_id": "96b15f24e478c3318a35e80216d5d0cf785b72461e90117f974075302bc1d0cc",
    "schema_version": "1.0.0",
    "event_type": "agent_order",
    "source": "synthetic_agent",
    "symbol": "BTCUSDT",
    "exchange": "binance_usdm",
    "timestamp": "2024-05-01T00:00:00.005000Z",
    "sequence": 1,
    "scenario_id": "scenario-544-quote_stuffing",
    "agent_id": "agent-quote_stuffing",
    "order_id": "scenario-544-quote_stuffing-agent-quote_stuffing-1",
    "action": "new",
    "side": "sell",
    "price": 65550.5544,
    "quantity": 0.001,
    "remaining_quantity": 0.001
  },
  {
    "event_id": "b976e279296a0c9ac80f4814c6b0ee82edd9cae14719c93399ab2da9f116fdce",
    "schema_version": "1.0.0",
    "event_type": "agent_order",
    "source": "synthetic_agent",
    "symbol": "BTCUSDT",
    "exchange": "binance_usdm",
    "timestamp": "2024-05-01T00:00:00.010000Z",
    "sequence": 2,
    "scenario_id": "scenario-544-quote_stuffing",
    "agent_id": "agent-quote_stuffing",
    "order_id": "scenario-544-quote_stuffing-agent-quote_stuffing-2",
    "action": "new",
    "side": "buy",
    "price": 65537.4456,
    "quantity": 0.001,
    "remaining_quantity": 0.001
  },
  {
    "event_id": "cb35b550c9924eb893649407eb1ac62e973f2a8a302735d8d70dd2f59c828a95",
    "schema_version": "1.0.0",
    "event_type": "agent_order",
    "source": "synthetic_agent",
    "symbol": "BTCUSDT",
    "exchange": "binance_usdm",
    "timestamp": "2024-05-01T00:00:00.015000Z",
    "sequence": 3,
    "scenario_id": "scenario-544-quote_stuffing",
    "agent_id": "agent-quote_stuffing",
    "order_id": "scenario-544-quote_stuffing-agent-quote_stuffing-3",
    "action": "new",
    "side": "sell",
    "price": 65550.5544,
    "quantity": 0.001,
    "remaining_quantity": 0.001
  },
  {
    "event_id": "3e3ba2e31dd75b533eb34cc01c5fea36d7e4870c79823f1fb4bcc2ed0f249230",
    "schema_version": "1.0.0",
    "event_type": "agent_order",
    "source": "synthetic_agent",
    "symbol": "BTCUSDT",
    "exchange": "binance_usdm",
    "timestamp": "2024-05-01T00:00:00.020000Z",
    "sequence": 4,
    "scenario_id": "scenario-544-quote_stuffing",
    "agent_id": "agent-quote_stuffing",
    "order_id": "scenario-544-quote_stuffing-agent-quote_stuffing-4",
    "action": "new",
    "side": "buy",
    "price": 65537.4456,
    "quantity": 0.001,
    "remaining_quantity": 0.001
  },
  {
    "event_id": "5c35b65f94681502c6f022304511806ac78b272c40efc75088a7c81b8efd5064",
    "schema_version": "1.0.0",
    "event_type": "agent_order",
    "source": "synthetic_agent",
    "symbol": "BTCUSDT",
    "exchange": "binance_usdm",
    "timestamp": "2024-05-01T00:00:00.025000Z",
    "sequence": 5,
    "scenario_id": "scenario-544-quote_stuffing",
    "agent_id": "agent-quote_stuffing",
    "order_id": "scenario-544-quote_stuffing-agent-quote_stuffing-5",
    "action": "new",
    "side": "sell",
    "price": 65550.5544,
    "quantity": 0.001,
    "remaining_quantity": 0.001
  },
  {
    "event_id": "d2254733f9b9df43b0fae194be6c07556011aacf2dce411c7c757699eac0673d",
    "schema_version": "1.0.0",
    "event_type": "agent_order",
    "source": "synthetic_agent",
    "symbol": "BTCUSDT",
    "exchange": "binance_usdm",
    "timestamp": "2024-05-01T00:00:00.030000Z",
    "sequence": 6,
    "scenario_id": "scenario-544-quote_stuffing",
    "agent_id": "agent-quote_stuffing",
    "order_id": "scenario-544-quote_stuffing-agent-quote_stuffing-6",
    "action": "new",
    "side": "buy",
    "price": 65537.4456,
    "quantity": 0.001,
    "remaining_quantity": 0.001
  },
  {
    "event_id": "aa668be96bb4c40bcc50a8912cd9216f8f304ffa60d1f6eb2251c16915f49746",
    "schema_version": "1.0.0",
    "event_type": "agent_order",
    "source": "synthetic_agent",
    "symbol": "BTCUSDT",
    "exchange": "binance_usdm",
    "timestamp": "2024-05-01T00:00:00.035000Z",
    "sequence": 7,
    "scenario_id": "scenario-544-quote_stuffing",
    "agent_id": "agent-quote_stuffing",
    "order_id": "scenario-544-quote_stuffing-agent-quote_stuffing-7",
    "action": "new",
    "side": "sell",
    "price": 65550.5544,
    "quantity": 0.001,
    "remaining_quantity": 0.001
  },
  {
    "event_id": "dd9d938b242e6768f65c7b570e0e115aa3701c1e002da62a1d459d92987d0799",
    "schema_version": "1.0.0",
    "event_type": "agent_order",
    "source": "synthetic_agent",
    "symbol": "BTCUSDT",
    "exchange": "binance_usdm",
    "timestamp": "2024-05-01T00:00:00.040000Z",
    "sequence": 8,
    "scenario_id": "scenario-544-quote_stuffing",
    "agent_id": "agent-quote_stuffing",
    "order_id": "scenario-544-quote_stuffing-agent-quote_stuffing-8",
    "action": "new",
    "side": "buy",
    "price": 65537.4456,
    "quantity": 0.001,
    "remaining_quantity": 0.001
  },
  {
    "event_id": "c6d97c08c644b18dfcf63ea01283d20c3d8c95e3f9f579bde8eb84f08011be93",
    "schema_version": "1.0.0",
    "event_type": "agent_order",
    "source": "synthetic_agent",
    "symbol": "BTCUSDT",
    "exchange": "binance_usdm",
    "timestamp": "2024-05-01T00:00:00.045000Z",
    "sequence": 9,
    "scenario_id": "scenario-544-quote_stuffing",
    "agent_id": "agent-quote_stuffing",
    "order_id": "scenario-544-quote_stuffing-agent-quote_stuffing-9",
    "action": "new",
    "side": "sell",
    "price": 65550.5544,
    "quantity": 0.001,
    "remaining_quantity": 0.001
  },
  {
    "event_id": "73295a59367efe0a1367f918d3b4352fdf46e709cf1558422977126024ece286",
    "schema_version": "1.0.0",
    "event_type": "agent_order",
    "source": "synthetic_agent",
    "symbol": "BTCUSDT",
    "exchange": "binance_usdm",
    "timestamp": "2024-05-01T00:00:00.050000Z",
    "sequence": 10,
    "scenario_id": "scenario-544-quote_stuffing",
    "agent_id": "agent-quote_stuffing",
    "order_id": "scenario-544-quote_stuffing-agent-quote_stuffing-10",
    "action": "new",
    "side": "buy",
    "price": 65537.4456,
    "quantity": 0.001,
    "remaining_quantity": 0.001
  },
  {
    "event_id": "0ea00c9e76ba966f159db47cc553b08aab76a5d05eb88da4fcb53aaccd128b33",
    "schema_version": "1.0.0",
    "event_type": "agent_order",
    "source": "synthetic_agent",
    "symbol": "BTCUSDT",
    "exchange": "binance_usdm",
    "timestamp": "2024-05-01T00:00:00.055000Z",
    "sequence": 11,
    "scenario_id": "scenario-544-quote_stuffing",
    "agent_id": "agent-quote_stuffing",
    "order_id": "scenario-544-quote_stuffing-agent-quote_stuffing-11",
    "action": "new",
    "side": "sell",
    "price": 65550.5544,
    "quantity": 0.001,
    "remaining_quantity": 0.001
  },
  {
    "event_id": "e65c6fea9e48506e8c3fc01a35c6f0b9cd0d20e393028372bcbe0cf4cfa028d0",
    "schema_version": "1.0.0",
    "event_type": "agent_order",
    "source": "synthetic_agent",
    "symbol": "BTCUSDT",
    "exchange": "binance_usdm",
    "timestamp": "2024-05-01T00:00:00.060000Z",
    "sequence": 12,
    "scenario_id": "scenario-544-quote_stuffing",
    "agent_id": "agent-quote_stuffing",
    "order_id": "scenario-544-quote_stuffing-agent-quote_stuffing-12",
    "action": "new",
    "side": "buy",
    "price": 65537.4456,
    "quantity": 0.001,
    "remaining_quantity": 0.001
  },
  {
    "event_id": "556e2b1b6909bec6e0b85aa64e9f21c2caa0c16d16e74ba5ff01f3bd655e285c",
    "schema_version": "1.0.0",
    "event_type": "agent_order",
    "source": "synthetic_agent",
    "symbol": "BTCUSDT",
    "exchange": "binance_usdm",
    "timestamp": "2024-05-01T00:00:00.065000Z",
    "sequence": 13,
    "scenario_id": "scenario-544-quote_stuffing",
    "agent_id": "agent-quote_stuffing",
    "order_id": "scenario-544-quote_stuffing-agent-quote_stuffing-13",
    "action": "new",
    "side": "sell",
    "price": 65550.5544,
    "quantity": 0.001,
    "remaining_quantity": 0.001
  },
  {
    "event_id": "c323145ddefd14630bd30fe50495657cadb60776c76e285c44befdfced9ef4e8",
    "schema_version": "1.0.0",
    "event_type": "agent_order",
    "source": "synthetic_agent",
    "symbol": "BTCUSDT",
    "exchange": "binance_usdm",
    "timestamp": "2024-05-01T00:00:00.070000Z",
    "sequence": 14,
    "scenario_id": "scenario-544-quote_stuffing",
    "agent_id": "agent-quote_stuffing",
    "order_id": "scenario-544-quote_stuffing-agent-quote_stuffing-14",
    "action": "new",
    "side": "buy",
    "price": 65537.4456,
    "quantity": 0.001,
    "remaining_quantity": 0.001
  },
  {
    "event_id": "5fbba4722c35da1477f91db50f81cb06c1f9956122103cc255a8082b964013d0",
    "schema_version": "1.0.0",
    "event_type": "agent_order",
    "source": "synthetic_agent",
    "symbol": "BTCUSDT",
    "exchange": "binance_usdm",
    "timestamp": "2024-05-01T00:00:00.075000Z",
    "sequence": 15,
    "scenario_id": "scenario-544-quote_stuffing",
    "agent_id": "agent-quote_stuffing",
    "order_id": "scenario-544-quote_stuffing-agent-quote_stuffing-15",
    "action": "new",
    "side": "sell",
    "price": 65550.5544,
    "quantity": 0.001,
    "remaining_quantity": 0.001
  },
  {
    "event_id": "531a506810be32d56ded51e6ac7b25435844d00681a8ef3aac51d08ab1b8d7ba",
    "schema_version": "1.0.0",
    "event_type": "agent_order",
    "source": "synthetic_agent",
    "symbol": "BTCUSDT",
    "exchange": "binance_usdm",
    "timestamp": "2024-05-01T00:00:00.080000Z",
    "sequence": 16,
    "scenario_id": "scenario-544-quote_stuffing",
    "agent_id": "agent-quote_stuffing",
    "order_id": "scenario-544-quote_stuffing-agent-quote_stuffing-16",
    "action": "new",
    "side": "buy",
    "price": 65537.4456,
    "quantity": 0.001,
    "remaining_quantity": 0.001
  },
  {
    "event_id": "8d4927bc38f3029b0d059bcfc1d8cbb8a86becb3f2c03e5f2b0a4fc7a80c8942",
    "schema_version": "1.0.0",
    "event_type": "agent_order",
    "source": "synthetic_agent",
    "symbol": "BTCUSDT",
    "exchange": "binance_usdm",
    "timestamp": "2024-05-01T00:00:00.085000Z",
    "sequence": 17,
    "scenario_id": "scenario-544-quote_stuffing",
    "agent_id": "agent-quote_stuffing",
    "order_id": "scenario-544-quote_stuffing-agent-quote_stuffing-17",
    "action": "new",
    "side": "sell",
    "price": 65550.5544,
    "quantity": 0.001,
    "remaining_quantity": 0.001
  },
  {
    "event_id": "19a831c2226166a7d29c0c2069d718c24759bc748a8dcf39c8b215bf97330ba9",
    "schema_version": "1.0.0",
    "event_type": "agent_order",
    "source": "synthetic_agent",
    "symbol": "BTCUSDT",
    "exchange": "binance_usdm",
    "timestamp": "2024-05-01T00:00:00.090000Z",
    "sequence": 18,
    "scenario_id": "scenario-544-quote_stuffing",
    "agent_id": "agent-quote_stuffing",
    "order_id": "scenario-544-quote_stuffing-agent-quote_stuffing-18",
    "action": "new",
    "side": "buy",
    "price": 65537.4456,
    "quantity": 0.001,
    "remaining_quantity": 0.001
  },
  {
    "event_id": "87391550f8bac5e5ea65281351392b6f900ea95287e442e5121fccd6e87e8eca",
    "schema_version": "1.0.0",
    "event_type": "agent_order",
    "source": "synthetic_agent",
    "symbol": "BTCUSDT",
    "exchange": "binance_usdm",
    "timestamp": "2024-05-01T00:00:00.095000Z",
    "sequence": 19,
    "scenario_id": "scenario-544-quote_stuffing",
    "agent_id": "agent-quote_stuffing",
    "order_id": "scenario-544-quote_stuffing-agent-quote_stuffing-19",
    "action": "new",
    "side": "sell",
    "price": 65550.5544,
    "quantity": 0.001,
    "remaining_quantity": 0.001
  },
  {
    "event_id": "0b16b438356c3be4a3a6870f77615e93c8908a30c8b53de401f86a2fa1af9fdb",
    "schema_version": "1.0.0",
    "event_type": "agent_order",
    "source": "synthetic_agent",
    "symbol": "BTCUSDT",
    "exchange": "binance_usdm",
    "timestamp": "2024-05-01T00:00:00.100000Z",
    "sequence": 20,
    "scenario_id": "scenario-544-quote_stuffing",
    "agent_id": "agent-quote_stuffing",
    "order_id": "scenario-544-quote_stuffing-agent-quote_stuffing-20",
    "action": "new",
    "side": "buy",
    "price": 65537.4456,
    "quantity": 0.001,
    "remaining_quantity": 0.001
  },
  {
    "event_id": "5ff3e0359cba1bce922e622bad69a367852bd6da6e19ad3d4e4f72f80d71d116",
    "schema_version": "1.0.0",
    "event_type": "agent_order",
    "source": "synthetic_agent",
    "symbol": "BTCUSDT",
    "exchange": "binance_usdm",
    "timestamp": "2024-05-01T00:00:00.105000Z",
    "sequence": 21,
    "scenario_id": "scenario-544-quote_stuffing",
    "agent_id": "agent-quote_stuffing",
    "order_id": "scenario-544-quote_stuffing-agent-quote_stuffing-21",
    "action": "new",
    "side": "sell",
    "price": 65550.5544,
    "quantity": 0.001,
    "remaining_quantity": 0.001
  },
  {
    "event_id": "482c17ed2166ba25a4132dab8ec67fa50f3dc471cc5ed2fc33aa7ef8f4a96505",
    "schema_version": "1.0.0",
    "event_type": "agent_order",
    "source": "synthetic_agent",
    "symbol": "BTCUSDT",
    "exchange": "binance_usdm",
    "timestamp": "2024-05-01T00:00:00.110000Z",
    "sequence": 22,
    "scenario_id": "scenario-544-quote_stuffing",
    "agent_id": "agent-quote_stuffing",
    "order_id": "scenario-544-quote_stuffing-agent-quote_stuffing-22",
    "action": "new",
    "side": "buy",
    "price": 65537.4456,
    "quantity": 0.001,
    "remaining_quantity": 0.001
  },
  {
    "event_id": "f90389722a274eb000f176dc5f914e5f885c4eb0c59421582207e09ff3bf7558",
    "schema_version": "1.0.0",
    "event_type": "agent_order",
    "source": "synthetic_agent",
    "symbol": "BTCUSDT",
    "exchange": "binance_usdm",
    "timestamp": "2024-05-01T00:00:00.115000Z",
    "sequence": 23,
    "scenario_id": "scenario-544-quote_stuffing",
    "agent_id": "agent-quote_stuffing",
    "order_id": "scenario-544-quote_stuffing-agent-quote_stuffing-23",
    "action": "new",
    "side": "sell",
    "price": 65550.5544,
    "quantity": 0.001,
    "remaining_quantity": 0.001
  },
  {
    "event_id": "2f6481d96e6cb8243b354f963f626a189401c1345dac676ac442881108d273a9",
    "schema_version": "1.0.0",
    "event_type": "agent_order",
    "source": "synthetic_agent",
    "symbol": "BTCUSDT",
    "exchange": "binance_usdm",
    "timestamp": "2024-05-01T00:00:00.120000Z",
    "sequence": 24,
    "scenario_id": "scenario-544-quote_stuffing",
    "agent_id": "agent-quote_stuffing",
    "order_id": "scenario-544-quote_stuffing-agent-quote_stuffing-24",
    "action": "new",
    "side": "buy",
    "price": 65537.4456,
    "quantity": 0.001,
    "remaining_quantity": 0.001
  },
  {
    "event_id": "4edb7d75f132ea0e801b7e19c446d91dbf84a2412f7e0d42f6942acf68a2e517",
    "schema_version": "1.0.0",
    "event_type": "agent_order",
    "source": "synthetic_agent",
    "symbol": "BTCUSDT",
    "exchange": "binance_usdm",
    "timestamp": "2024-05-01T00:00:00.125000Z",
    "sequence": 25,
    "scenario_id": "scenario-544-quote_stuffing",
    "agent_id": "agent-quote_stuffing",
    "order_id": "scenario-544-quote_stuffing-agent-quote_stuffing-25",
    "action": "new",
    "side": "sell",
    "price": 65550.5544,
    "quantity": 0.001,
    "remaining_quantity": 0.001
  },
  {
    "event_id": "e7dbe8963b6977923f528cdc4cc92e836e3df75e8521c12b639e0cb7e42b18bb",
    "schema_version": "1.0.0",
    "event_type": "agent_order",
    "source": "synthetic_agent",
    "symbol": "BTCUSDT",
    "exchange": "binance_usdm",
    "timestamp": "2024-05-01T00:00:00.130000Z",
    "sequence": 26,
    "scenario_id": "scenario-544-quote_stuffing",
    "agent_id": "agent-quote_stuffing",
    "order_id": "scenario-544-quote_stuffing-agent-quote_stuffing-26",
    "action": "new",
    "side": "buy",
    "price": 65537.4456,
    "quantity": 0.001,
    "remaining_quantity": 0.001
  },
  {
    "event_id": "a27b1abe610e55b7a5ca47a32fd47a5333ebb24f5316ea66cd195060b887a55d",
    "schema_version": "1.0.0",
    "event_type": "agent_order",
    "source": "synthetic_agent",
    "symbol": "BTCUSDT",
    "exchange": "binance_usdm",
    "timestamp": "2024-05-01T00:00:00.135000Z",
    "sequence": 27,
    "scenario_id": "scenario-544-quote_stuffing",
    "agent_id": "agent-quote_stuffing",
    "order_id": "scenario-544-quote_stuffing-agent-quote_stuffing-27",
    "action": "new",
    "side": "sell",
    "price": 65550.5544,
    "quantity": 0.001,
    "remaining_quantity": 0.001
  },
  {
    "event_id": "8ccf73e25050488097a7cc0ff16a3a7a3b88750bcdadc159817643603e2f2f7f",
    "schema_version": "1.0.0",
    "event_type": "agent_order",
    "source": "synthetic_agent",
    "symbol": "BTCUSDT",
    "exchange": "binance_usdm",
    "timestamp": "2024-05-01T00:00:00.140000Z",
    "sequence": 28,
    "scenario_id": "scenario-544-quote_stuffing",
    "agent_id": "agent-quote_stuffing",
    "order_id": "scenario-544-quote_stuffing-agent-quote_stuffing-28",
    "action": "new",
    "side": "buy",
    "price": 65537.4456,
    "quantity": 0.001,
    "remaining_quantity": 0.001
  },
  {
    "event_id": "73b0cf569b6aa50bda72af62962c3b0147abd8eafdf251bf0c32517fa96ebb4f",
    "schema_version": "1.0.0",
    "event_type": "agent_order",
    "source": "synthetic_agent",
    "symbol": "BTCUSDT",
    "exchange": "binance_usdm",
    "timestamp": "2024-05-01T00:00:00.145000Z",
    "sequence": 29,
    "scenario_id": "scenario-544-quote_stuffing",
    "agent_id": "agent-quote_stuffing",
    "order_id": "scenario-544-quote_stuffing-agent-quote_stuffing-29",
    "action": "new",
    "side": "sell",
    "price": 65550.5544,
    "quantity": 0.001,
    "remaining_quantity": 0.001
  }
]