[
  {
    "event_id": "ecee066dca02a8d57f7835d8d86d89c589a436a859e093de6d94d73abfe592ca",
    "schema_version": "1.0.0",
    "event_type": "agent_order",
    "source": "synthetic_agent",
    "symbol": "BTCUSDT",
    "exchange": "binance_usdm",
    "timestamp": "2024-05-01T00:00:00Z",
    "sequence": 0,
    "scenario_id": "scenario-277-twap_execution",
    "agent_id": "agent-twap_execution",
    "order_id": "scenario-277-twap_execution-agent-twap_execution-0",
    "action": "new",
    "side": "buy",
    "price": 65244.361500000006,
    "quantity": 0.005,
    "remaining_quantity": 0.005
  },
  {
    "event_id": "bd2e96c5c2d4190c237d4c98d61fcb39b4606850dd906f8d9624f195b30416c7",
    "schema_version": "1.0.0",
    "event_type": "agent_order",
    "source": "synthetic_agent",
    "symbol": "BTCUSDT",
    "exchange": "binance_usdm",
    "timestamp": "2024-05-01T00:00:01Z",
    "sequence": 1,
    "scenario_id": "scenario-277-twap_execution",
    "agent_id": "agent-twap_execution",
    "order_id": "scenario-277-twap_execution-agent-twap_execution-1",
    "action": "new",
    "side": "buy",
    "price": 65244.361500000006,
    "quantity": 0.005,
    "remaining_quantity": 0.005
  },
  {
    "event_id": "638eadb9233c2531ee85c968b85edae90d48b4f6aedd306d7310cfd64a409a90",
    "schema_version": "1.0.0",
    "event_type": "agent_order",
    "source": "synthetic_agent",
    "symbol": "BTCUSDT",
    "exchange": "binance_usdm",
    "timestamp": "2024-05-01T00:00:02Z",
    "sequence": 2,
    "scenario_id": "scenario-277-twap_execution",
    "agent_id": "agent-twap_execution",
    "order_id": "scenario-277-twap_execution-agent-twap_execution-2",
    "action": "new",
    "side": "buy",
    "price": 65244.361500000006,
    "quantity": 0.005,
    "remaining_quantity": 0.005
  },
  {
    "event_id": "dd154df56388f5191d5b2560544f4b8d4d529f86f8ff62aae17b8899c56c69c5",
    "schema_version": "1.0.0",
    "event_type": "agent_order",
    "source": "synthetic_agent",
    "symbol": "BTCUSDT",
    "exchange": "binance_usdm",
    "timestamp": "2024-05-01T00:00:03Z",
    "sequence": 3,
    "scenario_id": "scenario-277-twap_execution",
    "agent_id": "agent-twap_execution",
    "order_id": "scenario-277-twap_execution-agent-twap_execution-3",
    "action": "new",
    "side": "buy",
    "price": 65244.361500000006,
    "quantity": 0.005,
    "remaining_quantity": 0.005
  },
  {
    "event_id": "d23d761681d1f55f8317cb42fe249b57c339cb87cb4912c36d52edcf606c11ba",
    "schema_version": "1.0.0",
    "event_type": "agent_order",
    "source": "synthetic_agent",
    "symbol": "BTCUSDT",
    "exchange": "binance_usdm",
    "timestamp": "2024-05-01T00:00:04Z",
    "sequence": 4,
    "scenario_id": "scenario-277-twap_execution",
    "agent_id": "agent-twap_execution",
    "order_id": "scenario-277-twap_execution-agent-twap_execution-4",
    "action": "new",
    "side": "buy",
    "price": 65244.361500000006,
    "quantity": 0.005,
    "remaining_quantity": 0.005
  },
  {
    "event_id": "3061de9fd82ecddbff8f3fd1ebed51030fdaa9b383619a08f7c27a6ece7f9194",
    "schema_version": "1.0.0",
    "event_type": "agent_order",
    "source": "synthetic_agent",
    "symbol": "BTCUSDT",
    "exchange": "binance_usdm",
    "timestamp": "2024-05-01T00:00:05Z",
    "sequence": 5,
    "scenario_id": "scenario-277-twap_execution",
    "agent_id": "agent-twap_execution",
    "order_id": "scenario-277-twap_execution-agent-twap_execution-5",
    "action": "new",
    "side": "buy",
    "price": 65244.361500000006,
    "quantity": 0.005,
    "remaining_quantity": 0.005
  },
  {
    "event_id": "e13b760fb400e94dacd6475067e0b2999bcc745baa6c6c2d9396a287bd254b39",
    "schema_version": "1.0.0",
    "event_type": "agent_order",
    "source": "synthetic_agent",
    "symbol": "BTCUSDT",
    "exchange": "binance_usdm",
    "timestamp": "2024-05-01T00:00:06Z",
    "sequence": 6,
    "scenario_id": "scenario-277-twap_execution",
    "agent_id": "agent-twap_execution",
    "order_id": "scenario-277-twap_execution-agent-twap_execution-6",
    "action": "new",
    "side": "buy",
    "price": 65244.361500000006,
    "quantity": 0.005,
    "remaining_quantity": 0.005
  },
  {
    "event_id": "0f840efb4ede583f34875c90aa73fb4a957ca090a6baa92059e2dcc2a4ffb281",
    "schema_version": "1.0.0",
    "event_type": "agent_order",
    "source": "synthetic_agent",
    "symbol": "BTCUSDT",
    "exchange": "binance_usdm",
    "timestamp": "2024-05-01T00:00:07Z",
    "sequence": 7,
    "scenario_id": "scenario-277-twap_execution",
    "agent_id": "agent-twap_execution",
    "order_id": "scenario-277-twap_execution-agent-twap_execution-7",
    "action": "new",
    "side": "buy",
    "price": 65244.361500000006,
    "quantity": 0.005,
    "remaining_quantity": 0.005
  },
  {
    "event_id": "17b60b5da18bf0090410d9203ef39ad2490ec8f272bf66cb8bcfac627400f2a5",
    "schema_version": "1.0.0",
    "event_type": "agent_order",
    "source": "synthetic_agent",
    "symbol": "BTCUSDT",
    "exchange": "binance_usdm",
    "timestamp": "2024-05-01T00:00:08Z",
    "sequence": 8,
    "scenario_id": "scenario-277-twap_execution",
    "agent_id": "agent-twap_execution",
    "order_id": "scenario-277-twap_execution-agent-twap_execution-8",
    "action": "new",
    "side": "buy",
    "price": 65244.361500000006,
    "quantity": 0.005,
    "remaining_quantity": 0.005
  },
  {
    "event_id": "b09a99b1bf83405f6efca9dda206b1073a97a3b4697cf40ff7dcdc9d49683fe4",
    "schema_version": "1.0.0",
    "event_type": "agent_order",
    "source": "synthetic_agent",
    "symbol": "BTCUSDT",
    "exchange": "binance_usdm",
    "timestamp": "2024-05-01T00:00:09Z",
    "sequence": 9,
    "scenario_id": "scenario-277-twap_execution",
    "agent_id": "agent-twap_execution",
    "order_id": "scenario-277-twap_execution-agent-twap_execution-9",
    "action": "new",
    "side": "buy",
    "price": 65244.361500000006,
    "quantity": 0.005,
    "remaining_quantity": 0.005
  },
  {
    "event_id": "6ee05e9b82165a695d75c2175236353e5a74ce9ba9a70a4cbe0759cb4fae0776",
    "schema_version": "1.0.0",
    "event_type": "agent_order",
    "source": "synthetic_agent",
    "symbol": "BTCUSDT",
    "exchange": "binance_usdm",
    "timestamp": "2024-05-01T00:00:10Z",
    "sequence": 10,
    "scenario_id": "scenario-277-twap_execution",
    "agent_id": "agent-twap_execution",
    "order_id": "scenario-277-twap_execution-agent-twap_execution-10",
    "action": "new",
    "side": "buy",
    "price": 65244.361500000006,
    "quantity": 0.005,
    "remaining_quantity": 0.005
  },
  {
    "event_id": "e26d90fa23214afbadac0c2cc1efacb1dfc83572c6708e786bea8115e9dccea2",
    "schema_version": "1.0.0",
    "event_type": "agent_order",
    "source": "synthetic_agent",
    "symbol": "BTCUSDT",
    "exchange": "binance_usdm",
    "timestamp": "2024-05-01T00:00:11Z",
    "sequence": 11,
    "scenario_id": "scenario-277-twap_execution",
    "agent_id": "agent-twap_execution",
    "order_id": "scenario-277-twap_execution-agent-twap_execution-11",
    "action": "new",
    "side": "buy",
    "price": 65244.361500000006,
    "quantity": 0.005,
    "remaining_quantity": 0.005
  },
  {
    "event_id": "87b4ac0f26b62571f9c092dfc085228f86552fb585ef4cbe80af0dab8cc806f5",
    "schema_version": "1.0.0",
    "event_type": "agent_order",
    "source": "synthetic_agent",
    "symbol": "BTCUSDT",
    "exchange": "binance_usdm",
    "timestamp": "2024-05-01T00:00:12Z",
    "sequence": 12,
    "scenario_id": "scenario-277-twap_execution",
    "agent_id": "agent-twap_execution",
    "order_id": "scenario-277-twap_execution-agent-twap_execution-12",
    "action": "new",
    "side": "buy",
    "price": 65244.361500000006,
    "quantity": 0.005,
    "remaining_quantity": 0.005
  },
  {
    "event_id": "215eb70493713d791288462cacd034573aa21b320c0696e98a50d91cef5ff489",
    "schema_version": "1.0.0",
    "event_type": "agent_order",
    "source": "synthetic_agent",
    "symbol": "BTCUSDT",
    "exchange": "binance_usdm",
    "timestamp": "2024-05-01T00:00:13Z",
    "sequence": 13,
    "scenario_id": "scenario-277-twap_execution",
    "agent_id": "agent-twap_execution",
    "order_id": "scenario-277-twap_execution-agent-twap_execution-13",
    "action": "new",
    "side": "buy",
    "price": 65244.361500000006,
    "quantity": 0.005,
    "remaining_quantity": 0.005
  },
  {
    "event_id": "22822cd5c957cd665ab3997903091f6b94abe86ce0c0fc80c6cb2e03ad12e78e",
    "schema_version": "1.0.0",
    "event_type": "agent_order",
    "source": "synthetic_agent",
    "symbol": "BTCUSDT",
    "exchange": "binance_usdm",
    "timestamp": "2024-05-01T00:00:14Z",
    "sequence": 14,
    "scenario_id": "scenario-277-twap_execution",
    "agent_id": "agent-twap_execution",
    "order_id": "scenario-277-twap_execution-agent-twap_execution-14",
    "action": "new",
    "side": "buy",
    "price": 65244.361500000006,
    "quantity": 0.005,
    "remaining_quantity": 0.005
  },
  {
    "event_id": "f78afcbf8c77d7b693c775b80417597926fbf7c40aa57517415a564ff36da3a8",
    "schema_version": "1.0.0",
    "event_type": "agent_order",
    "source": "synthetic_agent",
    "symbol": "BTCUSDT",
    "exchange": "binance_usdm",
    "timestamp": "2024-05-01T00:00:15Z",
    "sequence": 15,
    "scenario_id": "scenario-277-twap_execution",
    "agent_id": "agent-twap_execution",
    "order_id": "scenario-277-twap_execution-agent-twap_execution-15",
    "action": "new",
    "side": "buy",
    "price": 65244.361500000006,
    "quantity": 0.005,
    "remaining_quantity": 0.005
  },
  {
    "event_id": "d8a8cb8b756e80ebcd06a20ec5ae521f1c189e7fbb3f154240dbb1fd84682457",
    "schema_version": "1.0.0",
    "event_type": "agent_order",
    "source": "synthetic_agent",
    "symbol": "BTCUSDT",
    "exchange": "binance_usdm",
    "timestamp": "2024-05-01T00:00:16Z",
    "sequence": 16,
    "scenario_id": "scenario-277-twap_execution",
    "agent_id": "agent-twap_execution",
    "order_id": "scenario-277-twap_execution-agent-twap_execution-16",
    "action": "new",
    "side": "buy",
    "price": 65244.361500000006,
    "quantity": 0.005,
    "remaining_quantity": 0.005
  },
  {
    "event_id": "224f99ffaafd237eb4b1fed1645b9bb41618791516fb03d38d2f0a8c16639b26",
    "schema_version": "1.0.0",
    "event_type": "agent_order",
    "source": "synthetic_agent",
    "symbol": "BTCUSDT",
    "exchange": "binance_usdm",
    "timestamp": "2024-05-01T00:00:17Z",
    "sequence": 17,
    "scenario_id": "scenario-277-twap_execution",
    "agent_id": "agent-twap_execution",
    "order_id": "scenario-277-twap_execution-agent-twap_execution-17",
    "action": "new",
    "side": "buy",
    "price": 65244.361500000006,
    "quantity": 0.005,
    "remaining_quantity": 0.005
  },
  {
    "event_id": "d05fdba596c6de7c513e44daeb0659c91fefa651a5b100056304d209f1946880",
    "schema_version": "1.0.0",
    "event_type": "agent_order",
    "source": "synthetic_agent",
    "symbol": "BTCUSDT",
    "exchange": "binance_usdm",
    "timestamp": "2024-05-01T00:00:18Z",
    "sequence": 18,
    "scenario_id": "scenario-277-twap_execution",
    "agent_id": "agent-twap_execution",
    "order_id": "scenario-277-twap_execution-agent-twap_execution-18",
    "action": "new",
    "side": "buy",
    "price": 65244.361500000006,
    "quantity": 0.005,
    "remaining_quantity": 0.005
  },
  {
    "event_id": "37e34ad78bf55141d58e85422aa5d6088fe672785755144dfed61ea23c704a45",
    "schema_version": "1.0.0",
    "event_type": "agent_order",
    "source": "synthetic_agent",
    "symbol": "BTCUSDT",
    "exchange": "binance_usdm",
    "timestamp": "2024-05-01T00:00:19Z",
    "sequence": 19,
    "scenario_id": "scenario-277-twap_execution",
    "agent_id": "agent-twap_execution",
    "order_id": "scenario-277-twap_execution-agent-twap_execution-19",
    "action": "new",
    "side": "buy",
    "price": 65244.361500000006,
    "quantity": 0.005,
    "remaining_quantity": 0.005
  },
  {
    "event_id": "1c17354bbf520a9930c265473af2cf116e1eabaf5a12340a49372f9ec966358c",
    "schema_version": "1.0.0",
    "event_type": "agent_order",
    "source": "synthetic_agent",
    "symbol": "BTCUSDT",
    "exchange": "binance_usdm",
    "timestamp": "2024-05-01T00:00:20Z",
    "sequence": 20,
    "scenario_id": "scenario-277-twap_execution",
    "agent_id": "agent-twap_execution",
    "order_id": "scenario-277-twap_execution-agent-twap_execution-20",
    "action": "new",
    "side": "buy",
    "price": 65244.361500000006,
    "quantity": 0.005,
    "remaining_quantity": 0.005
  },
  {
    "event_id": "0bcc3dd7ce2412d6e4dba47cd32f1e442729bd4e9a2679311e0d34a8db2b431f",
    "schema_version": "1.0.0",
    "event_type": "agent_order",
    "source": "synthetic_agent",
    "symbol": "BTCUSDT",
    "exchange": "binance_usdm",
    "timestamp": "2024-05-01T00:00:21Z",
    "sequence": 21,
    "scenario_id": "scenario-277-twap_execution",
    "agent_id": "agent-twap_execution",
    "order_id": "scenario-277-twap_execution-agent-twap_execution-21",
    "action": "new",
    "side": "buy",
    "price": 65244.361500000006,
    "quantity": 0.005,
    "remaining_quantity": 0.005
  },
  {
    "event_id": "28e1c185d2e4d56c6c68f8c63bbbb67971086e828254fd37465159136293c230",
    "schema_version": "1.0.0",
    "event_type": "agent_order",
    "source": "synthetic_agent",
    "symbol": "BTCUSDT",
    "exchange": "binance_usdm",
    "timestamp": "2024-05-01T00:00:22Z",
    "sequence": 22,
    "scenario_id": "scenario-277-twap_execution",
    "agent_id": "agent-twap_execution",
    "order_id": "scenario-277-twap_execution-agent-twap_execution-22",
    "action": "new",
    "side": "buy",
    "price": 65244.361500000006,
    "quantity": 0.005,
    "remaining_quantity": 0.005
  },
  {
    "event_id": "74608a3404b66fe23cbbda7e72bd040b7c1a15812a2014c1ee45568f65f52fee",
    "schema_version": "1.0.0",
    "event_type": "agent_order",
    "source": "synthetic_agent",
    "symbol": "BTCUSDT",
    "exchange": "binance_usdm",
    "timestamp": "2024-05-01T00:00:23Z",
    "sequence": 23,
    "scenario_id": "scenario-277-twap_execution",
    "agent_id": "agent-twap_execution",
    "order_id": "scenario-277-twap_execution-agent-twap_execution-23",
    "action": "new",
    "side": "buy",
    "price": 65244.361500000006,
    "quantity": 0.005,
    "remaining_quantity": 0.005
  },
  {
    "event_id": "acec3a73d4fbdcddca3bcde1bc91158633dbbe8dc6e41be63589812140649b38",
    "schema_version": "1.0.0",
    "event_type": "agent_order",
    "source": "synthetic_agent",
    "symbol": "BTCUSDT",
    "exchange": "binance_usdm",
    "timestamp": "2024-05-01T00:00:24Z",
    "sequence": 24,
    "scenario_id": "scenario-277-twap_execution",
    "agent_id": "agent-twap_execution",
    "order_id": "scenario-277-twap_execution-agent-twap_execution-24",
    "action": "new",
    "side": "buy",
    "price": 65244.361500000006,
    "quantity": 0.005,
    "remaining_quantity": 0.005
  },
  {
    "event_id": "90a7183a052e817f0ba36267b01be7c21797a0f51aea8e98eb2e6f2994ae76e0",
    "schema_version": "1.0.0",
    "event_type": "agent_order",
    "source": "synthetic_agent",
    "symbol": "BTCUSDT",
    "exchange": "binance_usdm",
    "timestamp": "2024-05-01T00:00:25Z",
    "sequence": 25,
    "scenario_id": "scenario-277-twap_execution",
    "agent_id": "agent-twap_execution",
    "order_id": "scenario-277-twap_execution-agent-twap_execution-25",
    "action": "new",
    "side": "buy",
    "price": 65244.361500000006,
    "quantity": 0.005,
    "remaining_quantity": 0.005
  },
  {
    "event_id": "f2bd0cbb050a42bb32ee2e14d0df0430b9e85c5f3716db580ca903cb80b7b491",
    "schema_version": "1.0.0",
    "event_type": "agent_order",
    "source": "synthetic_agent",
    "symbol": "BTCUSDT",
    "exchange": "binance_usdm",
    "timestamp": "2024-05-01T00:00:26Z",
    "sequence": 26,
    "scenario_id": "scenario-277-twap_execution",
    "agent_id": "agent-twap_execution",
    "order_id": "scenario-277-twap_execution-agent-twap_execution-26",
    "action": "new",
    "side": "buy",
    "price": 65244.361500000006,
    "quantity": 0.005,
    "remaining_quantity": 0.005
  },
  {
    "event_id": "a94ef4be338c487458059bd61fdab19023e431eebe1bdf9d20ec31883526b051",
    "schema_version": "1.0.0",
    "event_type": "agent_order",
    "source": "synthetic_agent",
    "symbol": "BTCUSDT",
    "exchange": "binance_usdm",
    "timestamp": "2024-05-01T00:00:27Z",
    "sequence": 27,
    "scenario_id": "scenario-277-twap_execution",
    "agent_id": "agent-twap_execution",
    "order_id": "scenario-277-twap_execution-agent-twap_execution-27",
    "action": "new",
    "side": "buy",
    "price": 65244.361500000006,
    "quantity": 0.005,
    "remaining_quantity": 0.005
  },
  {
    "event_id": "f6737d48dc5b3b28ba96ead50389c7cc8c37b69529efe6540866aa59d4bc257f",
    "schema_version": "1.0.0",
    "event_type": "agent_order",
    "source": "synthetic_agent",
    "symbol": "BTCUSDT",
    "exchange": "binance_usdm",
    "timestamp": "2024-05-01T00:00:28Z",
    "sequence": 28,
    "scenario_id": "scenario-277-twap_execution",
    "agent_id": "agent-twap_execution",
    "order_id": "scenario-277-twap_execution-agent-twap_execution-28",
    "action": "new",
    "side": "buy",
    "price": 65244.361500000006,
    "quantity": 0.005,
    "remaining_quantity": 0.005
  },
  {
    "event_id": "c14a3b3e5d2153acf31c488913a88f0c0f252e44a743362220d8bc21bbbca4a6",
    "schema_version": "1.0.0",
    "event_type": "agent_order",
    "source": "synthetic_agent",
    "symbol": "BTCUSDT",
    "exchange": "binance_usdm",
    "timestamp": "2024-05-01T00:00:29Z",
    "sequence": 29,
    "scenario_id": "scenario-277-twap_execution",
    "agent_id": "agent-twap_execution",
    "order_id": "scenario-277-twap_execution-agent-twap_execution-29",
    "action": "new",
    "side": "buy",
    "price": 65244.361500000006,
    "quantity": 0.005,
    "remaining_quantity": 0.005
  }
]