[
  {
    "event_id": "fa1575582101a0eeda4317fba38a448c59a1179a8658ae3d5879e3f96fd03dcd",
    "schema_version": "1.0.0",
    "event_type": "agent_order",
    "source": "synthetic_agent",
    "symbol": "BTCUSDT",
    "exchange": "binance_usdm",
    "timestamp": "2024-05-01T00:00:00Z",
    "sequence": 0,
    "scenario_id": "scenario-497-momentum_ignition",
    "agent_id": "agent-momentum_ignition",
    "order_id": "scenario-497-momentum_ignition-agent-momentum_ignition-0",
    "action": "new",
    "side": "buy",
    "price": 65562.49699999999,
    "quantity": 0.08,
    "remaining_quantity": 0.08
  },
  {
    "event_id": "ae69995b8425bec47739fbba81becae3218f80393ec735ef8769f9065bda3ef8",
    "schema_version": "1.0.0",
    "event_type": "agent_order",
    "source": "synthetic_agent",
    "symbol": "BTCUSDT",
    "exchange": "binance_usdm",
    "timestamp": "2024-05-01T00:00:00.080000Z",
    "sequence": 1,
    "scenario_id": "scenario-497-momentum_ignition",
    "agent_id": "agent-momentum_ignition",
    "order_id": "scenario-497-momentum_ignition-agent-momentum_ignition-1",
    "action": "new",
    "side": "buy",
    "price": 65563.80693999998,
    "quantity": 0.08,
    "remaining_quantity": 0.08
  },
  {
    "event_id": "029b0fb4c514e01f1c91774d28acd54210cf35c29e9346eb6e5d85ffe2d3ab52",
    "schema_version": "1.0.0",
    "event_type": "agent_order",
    "source": "synthetic_agent",
    "symbol": "BTCUSDT",
    "exchange": "binance_usdm",
    "timestamp": "2024-05-01T00:00:00.160000Z",
    "sequence": 2,
    "scenario_id": "scenario-497-momentum_ignition",
    "agent_id": "agent-momentum_ignition",
    "order_id": "scenario-497-momentum_ignition-agent-momentum_ignition-2",
    "action": "new",
    "side": "buy",
    "price": 65565.11688,
    "quantity": 0.08,
    "remaining_quantity": 0.08
  },
  {
    "event_id": "fae95d2e690639cf9e0cdd659423590586a4e9521e9b8bfc1f1e79e579a66163",
    "schema_version": "1.0.0",
    "event_type": "agent_order",
    "source": "synthetic_agent",
    "symbol": "BTCUSDT",
    "exchange": "binance_usdm",
    "timestamp": "2024-05-01T00:00:00.240000Z",
    "sequence": 3,
    "scenario_id": "scenario-497-momentum_ignition",
    "agent_id": "agent-momentum_ignition",
    "order_id": "scenario-497-momentum_ignition-agent-momentum_ignition-3",
    "action": "new",
    "side": "buy",
    "price": 65566.42682,
    "quantity": 0.08,
    "remaining_quantity": 0.08
  },
  {
    "event_id": "3b9c1ea0bde5d3053cb48aa6ef0f6577b91cbe2b55b3b2ab6ce85a369271d785",
    "schema_version": "1.0.0",
    "event_type": "agent_order",
    "source": "synthetic_agent",
    "symbol": "BTCUSDT",
    "exchange": "binance_usdm",
    "timestamp": "2024-05-01T00:00:00.320000Z",
    "sequence": 4,
    "scenario_id": "scenario-497-momentum_ignition",
    "agent_id": "agent-momentum_ignition",
    "order_id": "scenario-497-momentum_ignition-agent-momentum_ignition-4",
    "action": "new",
    "side": "buy",
    "price": 65567.73676,
    "quantity": 0.08,
    "remaining_quantity": 0.08
  },
  {
    "event_id": "b8e046dfe402aeff83511eb1af9a41d10e73fe94c9eace031e5c1c72d7edb381",
    "schema_version": "1.0.0",
    "event_type": "agent_order",
    "source": "synthetic_agent",
    "symbol": "BTCUSDT",
    "exchange": "binance_usdm",
    "timestamp": "2024-05-01T00:00:00.400000Z",
    "sequence": 5,
    "scenario_id": "scenario-497-momentum_ignition",
    "agent_id": "agent-momentum_ignition",
    "order_id": "scenario-497-momentum_ignition-agent-momentum_ignition-5",
    "action": "new",
    "side": "buy",
    "price": 65569.04669999999,
    "quantity": 0.08,
    "remaining_quantity": 0.08
  },
  {
    "event_id": "45b2dd4ee7e93842b07d766226392f4b86eb0039577b54c2caecb883300ee874",
    "schema_version": "1.0.0",
    "event_type": "agent_order",
    "source": "synthetic_agent",
    "symbol": "BTCUSDT",
    "exchange": "binance_usdm",
    "timestamp": "2024-05-01T00:00:00.480000Z",
    "sequence": 6,
    "scenario_id": "scenario-497-momentum_ignition",
    "agent_id": "agent-momentum_ignition",
    "order_id": "scenario-497-momentum_ignition-agent-momentum_ignition-6",
    "action": "new",
    "side": "buy",
    "price": 65570.35663999998,
    "quantity": 0.08,
    "remaining_quantity": 0.08
  },
  {
    "event_id": "bb302ee0c29dffd23f80938e9bee097612abc0f5484c15cc932ad8d7c18f60eb",
    "schema_version": "1.0.0",
    "event_type": "agent_order",
    "source": "synthetic_agent",
    "symbol": "BTCUSDT",
    "exchange": "binance_usdm",
    "timestamp": "2024-05-01T00:00:00.560000Z",
    "sequence": 7,
    "scenario_id": "scenario-497-momentum_ignition",
    "agent_id": "agent-momentum_ignition",
    "order_id": "scenario-497-momentum_ignition-agent-momentum_ignition-7",
    "action": "new",
    "side": "buy",
    "price": 65571.66657999999,
    "quantity": 0.08,
    "remaining_quantity": 0.08
  },
  {
    "event_id": "ad387f4e509d553172ed45b8a61d9690c875202a6a704db0273d609d141969c8",
    "schema_version": "1.0.0",
    "event_type": "agent_order",
    "source": "synthetic_agent",
    "symbol": "BTCUSDT",
    "exchange": "binance_usdm",
    "timestamp": "2024-05-01T00:00:00.640000Z",
    "sequence": 8,
    "scenario_id": "scenario-497-momentum_ignition",
    "agent_id": "agent-momentum_ignition",
    "order_id": "scenario-497-momentum_ignition-agent-momentum_ignition-8",
    "action": "new",
    "side": "buy",
    "price": 65572.97651999998,
    "quantity": 0.08,
    "remaining_quantity": 0.08
  },
  {
    "event_id": "c78ce58edb0cb4ba9fbcc82f1f903bda16229d16091da11f8ce896d3b8ac3d3c",
    "schema_version": "1.0.0",
    "event_type": "agent_order",
    "source": "synthetic_agent",
    "symbol": "BTCUSDT",
    "exchange": "binance_usdm",
    "timestamp": "2024-05-01T00:00:00.720000Z",
    "sequence": 9,
    "scenario_id": "scenario-497-momentum_ignition",
    "agent_id": "agent-momentum_ignition",
    "order_id": "scenario-497-momentum_ignition-agent-momentum_ignition-9",
    "action": "new",
    "side": "buy",
    "price": 65574.28646,
    "quantity": 0.08,
    "remaining_quantity": 0.08
  },
  {
    "event_id": "783683998dec97c76981051086da27f923ec0236d59ac5d3232c36f79f012b21",
    "schema_version": "1.0.0",
    "event_type": "agent_order",
    "source": "synthetic_agent",
    "symbol": "BTCUSDT",
    "exchange": "binance_usdm",
    "timestamp": "2024-05-01T00:00:00.800000Z",
    "sequence": 10,
    "scenario_id": "scenario-497-momentum_ignition",
    "agent_id": "agent-momentum_ignition",
    "order_id": "scenario-497-momentum_ignition-agent-momentum_ignition-10",
    "action": "new",
    "side": "buy",
    "price": 65575.5964,
    "quantity": 0.08,
    "remaining_quantity": 0.08
  },
  {
    "event_id": "f7994206c4b7a64aa89b7a6321841a737d948910ac87588873d6c18a52e24e2b",
    "schema_version": "1.0.0",
    "event_type": "agent_order",
    "source": "synthetic_agent",
    "symbol": "BTCUSDT",
    "exchange": "binance_usdm",
    "timestamp": "2024-05-01T00:00:00.880000Z",
    "sequence": 11,
    "scenario_id": "scenario-497-momentum_ignition",
    "agent_id": "agent-momentum_ignition",
    "order_id": "scenario-497-momentum_ignition-agent-momentum_ignition-11",
    "action": "new",
    "side": "buy",
    "price": 65576.90634,
    "quantity": 0.08,
    "remaining_quantity": 0.08
  },
  {
    "event_id": "fc02fc428e0fa5aa52fadf8d7f2938e632ce50767fbff9b8f8393f5593dc90d4",
    "schema_version": "1.0.0",
    "event_type": "agent_order",
    "source": "synthetic_agent",
    "symbol": "BTCUSDT",
    "exchange": "binance_usdm",
    "timestamp": "2024-05-01T00:00:00.960000Z",
    "sequence": 12,
    "scenario_id": "scenario-497-momentum_ignition",
    "agent_id": "agent-momentum_ignition",
    "order_id": "scenario-497-momentum_ignition-agent-momentum_ignition-12",
    "action": "new",
    "side": "buy",
    "price": 65578.21628,
    "quantity": 0.08,
    "remaining_quantity": 0.08
  },
  {
    "event_id": "a8ad051c22780647856480bd7efc6c514828022aed356f2d3ce18d5c434a6564",
    "schema_version": "1.0.0",
    "event_type": "agent_order",
    "source": "synthetic_agent",
    "symbol": "BTCUSDT",
    "exchange": "binance_usdm",
    "timestamp": "2024-05-01T00:00:01.040000Z",
    "sequence": 13,
    "scenario_id": "scenario-497-momentum_ignition",
    "agent_id": "agent-momentum_ignition",
    "order_id": "scenario-497-momentum_ignition-agent-momentum_ignition-13",
    "action": "new",
    "side": "buy",
    "price": 65579.52621999999,
    "quantity": 0.08,
    "remaining_quantity": 0.08
  },
  {
    "event_id": "d8ca2c6b9ebb912e32c00c05f06781e4af1ab82b8d9c90279b1c265cc3ab8ef1",
    "schema_version": "1.0.0",
    "event_type": "agent_order",
    "source": "synthetic_agent",
    "symbol": "BTCUSDT",
    "exchange": "binance_usdm",
    "timestamp": "2024-05-01T00:00:01.120000Z",
    "sequence": 14,
    "scenario_id": "scenario-497-momentum_ignition",
    "agent_id": "agent-momentum_ignition",
    "order_id": "scenario-497-momentum_ignition-agent-momentum_ignition-14",
    "action": "new",
    "side": "buy",
    "price": 65580.83615999999,
    "quantity": 0.08,
    "remaining_quantity": 0.08
  },
  {
    "event_id": "7ec1db925eb0ed435f450b0f8230ef20103528297770f0d3dfb20a43fe561836",
    "schema_version": "1.0.0",
    "event_type": "agent_order",
    "source": "synthetic_agent",
    "symbol": "BTCUSDT",
    "exchange": "binance_usdm",
    "timestamp": "2024-05-01T00:00:01.200000Z",
    "sequence": 15,
    "scenario_id": "scenario-497-momentum_ignition",
    "agent_id": "agent-momentum_ignition",
    "order_id": "scenario-497-momentum_ignition-agent-momentum_ignition-15",
    "action": "new",
    "side": "buy",
    "price": 65582.14609999998,
    "quantity": 0.08,
    "remaining_quantity": 0.08
  },
  {
    "event_id": "137fdd40f57cc4cdaf6cdbec2c83dd827417b17048fea40edefd453d71b848f4",
    "schema_version": "1.0.0",
    "event_type": "agent_order",
    "source": "synthetic_agent",
    "symbol": "BTCUSDT",
    "exchange": "binance_usdm",
    "timestamp": "2024-05-01T00:00:01.280000Z",
    "sequence": 16,
    "scenario_id": "scenario-497-momentum_ignition",
    "agent_id": "agent-momentum_ignition",
    "order_id": "scenario-497-momentum_ignition-agent-momentum_ignition-16",
    "action": "new",
    "side": "buy",
    "price": 65583.45604,
    "quantity": 0.08,
    "remaining_quantity": 0.08
  },
  {
    "event_id": "02a1becceee9d4e51b3c45806d96ee9f9c5f7fb7e99a1e58b908609f8d3ce2bf",
    "schema_version": "1.0.0",
    "event_type": "agent_order",
    "source": "synthetic_agent",
    "symbol": "BTCUSDT",
    "exchange": "binance_usdm",
    "timestamp": "2024-05-01T00:00:01.360000Z",
    "sequence": 17,
    "scenario_id": "scenario-497-momentum_ignition",
    "agent_id": "agent-momentum_ignition",
    "order_id": "scenario-497-momentum_ignition-agent-momentum_ignition-17",
    "action": "new",
    "side": "buy",
    "price": 65584.76598,
    "quantity": 0.08,
    "remaining_quantity": 0.08
  },
  {
    "event_id": "0f599da3af45b9fe2da0bfba84cc4b6615a9684a3eb42ff30d5de0d1c0598f6e",
    "schema_version": "1.0.0",
    "event_type": "agent_order",
    "source": "synthetic_agent",
    "symbol": "BTCUSDT",
    "exchange": "binance_usdm",
    "timestamp": "2024-05-01T00:00:01.440000Z",
    "sequence": 18,
    "scenario_id": "scenario-497-momentum_ignition",
    "agent_id": "agent-momentum_ignition",
    "order_id": "scenario-497-momentum_ignition-agent-momentum_ignition-18",
    "action": "new",
    "side": "buy",
    "price": 65586.07591999999,
    "quantity": 0.08,
    "remaining_quantity": 0.08
  },
  {
    "event_id": "7aca9f821aab7971551c86fafba74bc2c2a7381638c0c7e596a82c11f077387f",
    "schema_version": "1.0.0",
    "event_type": "agent_order",
    "source": "synthetic_agent",
    "symbol": "BTCUSDT",
    "exchange": "binance_usdm",
    "timestamp": "2024-05-01T00:00:01.520000Z",
    "sequence": 19,
    "scenario_id": "scenario-497-momentum_ignition",
    "agent_id": "agent-momentum_ignition",
    "order_id": "scenario-497-momentum_ignition-agent-momentum_ignition-19",
    "action": "new",
    "side": "buy",
    "price": 65587.38586,
    "quantity": 0.08,
    "remaining_quantity": 0.08
  },
  {
    "event_id": "f6586391297f88ca37afa08684c4e8f160cc3810c6b254b7128ec82c46a0d865",
    "schema_version": "1.0.0",
    "event_type": "agent_order",
    "source": "synthetic_agent",
    "symbol": "BTCUSDT",
    "exchange": "binance_usdm",
    "timestamp": "2024-05-01T00:00:01.600000Z",
    "sequence": 20,
    "scenario_id": "scenario-497-momentum_ignition",
    "agent_id": "agent-momentum_ignition",
    "order_id": "scenario-497-momentum_ignition-agent-momentum_ignition-20",
    "action": "new",
    "side": "buy",
    "price": 65588.69579999999,
    "quantity": 0.08,
    "remaining_quantity": 0.08
  },
  {
    "event_id": "4f5e94180e3458145e6860192cee37a440ec3a4738de8994704f36725afe8c21",
    "schema_version": "1.0.0",
    "event_type": "agent_order",
    "source": "synthetic_agent",
    "symbol": "BTCUSDT",
    "exchange": "binance_usdm",
    "timestamp": "2024-05-01T00:00:01.680000Z",
    "sequence": 21,
    "scenario_id": "scenario-497-momentum_ignition",
    "agent_id": "agent-momentum_ignition",
    "order_id": "scenario-497-momentum_ignition-agent-momentum_ignition-21",
    "action": "new",
    "side": "buy",
    "price": 65590.00574,
    "quantity": 0.08,
    "remaining_quantity": 0.08
  },
  {
    "event_id": "bb60bdc7b2f179648309ac69cf4f28e30b4f11b2cea5168814ca7b8183dfc348",
    "schema_version": "1.0.0",
    "event_type": "agent_order",
    "source": "synthetic_agent",
    "symbol": "BTCUSDT",
    "exchange": "binance_usdm",
    "timestamp": "2024-05-01T00:00:01.760000Z",
    "sequence": 22,
    "scenario_id": "scenario-497-momentum_ignition",
    "agent_id": "agent-momentum_ignition",
    "order_id": "scenario-497-momentum_ignition-agent-momentum_ignition-22",
    "action": "new",
    "side": "buy",
    "price": 65591.31568,
    "quantity": 0.08,
    "remaining_quantity": 0.08
  },
  {
    "event_id": "b8f569a155699a3e0f9fb5729276e0b6cc13f510a41aa0918af51c3125acd109",
    "schema_version": "1.0.0",
    "event_type": "agent_order",
    "source": "synthetic_agent",
    "symbol": "BTCUSDT",
    "exchange": "binance_usdm",
    "timestamp": "2024-05-01T00:00:01.840000Z",
    "sequence": 23,
    "scenario_id": "scenario-497-momentum_ignition",
    "agent_id": "agent-momentum_ignition",
    "order_id": "scenario-497-momentum_ignition-agent-momentum_ignition-23",
    "action": "new",
    "side": "buy",
    "price": 65592.62561999999,
    "quantity": 0.08,
    "remaining_quantity": 0.08
  },
  {
    "event_id": "eb6fd5053d90c71b440ad783d3dbb14edfc150bf5ba8c0e1f2a64518214e9c84",
    "schema_version": "1.0.0",
    "event_type": "agent_order",
    "source": "synthetic_agent",
    "symbol": "BTCUSDT",
    "exchange": "binance_usdm",
    "timestamp": "2024-05-01T00:00:01.920000Z",
    "sequence": 24,
    "scenario_id": "scenario-497-momentum_ignition",
    "agent_id": "agent-momentum_ignition",
    "order_id": "scenario-497-momentum_ignition-agent-momentum_ignition-24",
    "action": "new",
    "side": "buy",
    "price": 65593.93556,
    "quantity": 0.08,
    "remaining_quantity": 0.08
  },
  {
    "event_id": "f9d6485a1139d2c0e598dd4c77a8ab43f8aa7b9481e642579c0570d9b87c578c",
    "schema_version": "1.0.0",
    "event_type": "agent_order",
    "source": "synthetic_agent",
    "symbol": "BTCUSDT",
    "exchange": "binance_usdm",
    "timestamp": "2024-05-01T00:00:02Z",
    "sequence": 25,
    "scenario_id": "scenario-497-momentum_ignition",
    "agent_id": "agent-momentum_ignition",
    "order_id": "scenario-497-momentum_ignition-agent-momentum_ignition-25",
    "action": "new",
    "side": "buy",
    "price": 65595.24549999999,
    "quantity": 0.08,
    "remaining_quantity": 0.08
  },
  {
    "event_id": "ecbebef6f309b4b9e570feba5c0d7afa1d750986b41209cc5413441e5ffaa090",
    "schema_version": "1.0.0",
    "event_type": "agent_order",
    "source": "synthetic_agent",
    "symbol": "BTCUSDT",
    "exchange": "binance_usdm",
    "timestamp": "2024-05-01T00:00:02.080000Z",
    "sequence": 26,
    "scenario_id": "scenario-497-momentum_ignition",
    "agent_id": "agent-momentum_ignition",
    "order_id": "scenario-497-momentum_ignition-agent-momentum_ignition-26",
    "action": "new",
    "side": "buy",
    "price": 65596.55544,
    "quantity": 0.08,
    "remaining_quantity": 0.08
  },
  {
    "event_id": "2a0fad05e70c67d6ddd5175dd538eeee42f0fb5dd523d9e0bdf1a178185d4a5c",
    "schema_version": "1.0.0",
    "event_type": "agent_order",
    "source": "synthetic_agent",
    "symbol": "BTCUSDT",
    "exchange": "binance_usdm",
    "timestamp": "2024-05-01T00:00:02.160000Z",
    "sequence": 27,
    "scenario_id": "scenario-497-momentum_ignition",
    "agent_id": "agent-momentum_ignition",
    "order_id": "scenario-497-momentum_ignition-agent-momentum_ignition-27",
    "action": "new",
    "side": "buy",
    "price": 65597.86537999999,
    "quantity": 0.08,
    "remaining_quantity": 0.08
  },
  {
    "event_id": "895ac375ccd8a432aa667b124828afc1ec7377f1ca17e1cec05fd897d6f8327a",
    "schema_version": "1.0.0",
    "event_type": "agent_order",
    "source": "synthetic_agent",
    "symbol": "BTCUSDT",
    "exchange": "binance_usdm",
    "timestamp": "2024-05-01T00:00:02.240000Z",
    "sequence": 28,
    "scenario_id": "scenario-497-momentum_ignition",
    "agent_id": "agent-momentum_ignition",
    "order_id": "scenario-497-momentum_ignition-agent-momentum_ignition-28",
    "action": "new",
    "side": "buy",
    "price": 65599.17531999998,
    "quantity": 0.08,
    "remaining_quantity": 0.08
  },
  {
    "event_id": "c3ccfa0474fe641405d29c4d4acbb014f74fe4a43efb59d07462cbc13c975c7a",
    "schema_version": "1.0.0",
    "event_type": "agent_order",
    "source": "synthetic_agent",
    "symbol": "BTCUSDT",
    "exchange": "binance_usdm",
    "timestamp": "2024-05-01T00:00:02.320000Z",
    "sequence": 29,
    "scenario_id": "scenario-497-momentum_ignition",
    "agent_id": "agent-momentum_ignition",
    "order_id": "scenario-497-momentum_ignition-agent-momentum_ignition-29",
    "action": "new",
    "side": "buy",
    "price": 65600.48526,
    "quantity": 0.08,
    "remaining_quantity": 0.08
  }
]