[
  {
    "event_id": "fd30bd23d20bf16ab51866aa689b9b6835c2798797bd4c4ad6f61392ab0c3af4",
    "schema_version": "1.0.0",
    "event_type": "agent_order",
    "source": "synthetic_agent",
    "symbol": "BTCUSDT",
    "exchange": "binance_usdm",
    "timestamp": "2024-05-01T00:00:00Z",
    "sequence": 0,
    "scenario_id": "scenario-453-stop_run_sweep",
    "agent_id": "agent-stop_run_sweep",
    "order_id": "scenario-453-stop_run_sweep-agent-stop_run_sweep-0",
    "action": "new",
    "side": "buy",
    "price": 65518.452999999994,
    "quantity": 0.06,
    "remaining_quantity": 0.06
  },
  {
    "event_id": "4e05eee75108f798813e5e587eb00f9a3a8a37816fcf3b8b0886b2372af410ee",
    "schema_version": "1.0.0",
    "event_type": "agent_order",
    "source": "synthetic_agent",
    "symbol": "BTCUSDT",
    "exchange": "binance_usdm",
    "timestamp": "2024-05-01T00:00:00.030000Z",
    "sequence": 1,
    "scenario_id": "scenario-453-stop_run_sweep",
    "agent_id": "agent-stop_run_sweep",
    "order_id": "scenario-453-stop_run_sweep-agent-stop_run_sweep-1",
    "action": "new",
    "side": "buy",
    "price": 65521.72565,
    "quantity": 0.06,
    "remaining_quantity": 0.06
  },
  {
    "event_id": "9b5e8a0014f5a3b0f0cc0dfa884c986c5e59591e782758a5bf12be9864e1e06a",
    "schema_version": "1.0.0",
    "event_type": "agent_order",
    "source": "synthetic_agent",
    "symbol": "BTCUSDT",
    "exchange": "binance_usdm",
    "timestamp": "2024-05-01T00:00:00.060000Z",
    "sequence": 2,
    "scenario_id": "scenario-453-stop_run_sweep",
    "agent_id": "agent-stop_run_sweep",
    "order_id": "scenario-453-stop_run_sweep-agent-stop_run_sweep-2",
    "action": "new",
    "side": "buy",
    "price": 65524.99829999999,
    "quantity": 0.06,
    "remaining_quantity": 0.06
  },
  {
    "event_id": "622e19124843dfb8a051901d42cb554fae2e8ce58a1f92a61ac17a2ca70f813b",
    "schema_version": "1.0.0",
    "event_type": "agent_order",
    "source": "synthetic_agent",
    "symbol": "BTCUSDT",
    "exchange": "binance_usdm",
    "timestamp": "2024-05-01T00:00:00.090000Z",
    "sequence": 3,
    "scenario_id": "scenario-453-stop_run_sweep",
    "agent_id": "agent-stop_run_sweep",
    "order_id": "scenario-453-stop_run_sweep-agent-stop_run_sweep-3",
    "action": "new",
    "side": "buy",
    "price": 65528.27095,
    "quantity": 0.06,
    "remaining_quantity": 0.06
  },
  {
    "event_id": "61473c5a089989f8fc46e8ab6819c64ba4cd5f1bd875d19763261ac87b71da38",
    "schema_version": "1.0.0",
    "event_type": "agent_order",
    "source": "synthetic_agent",
    "symbol": "BTCUSDT",
    "exchange": "binance_usdm",
    "timestamp": "2024-05-01T00:00:00.120000Z",
    "sequence": 4,
    "scenario_id": "scenario-453-stop_run_sweep",
    "agent_id": "agent-stop_run_sweep",
    "order_id": "scenario-453-stop_run_sweep-agent-stop_run_sweep-4",
    "action": "new",
    "side": "buy",
    "price": 65531.54359999999,
    "quantity": 0.06,
    "remaining_quantity": 0.06
  },
  {
    "event_id": "7ceb8c7172e2b5e17b039666077d115707c63daaf77b66880efc37df683f12d6",
    "schema_version": "1.0.0",
    "event_type": "agent_order",
    "source": "synthetic_agent",
    "symbol": "BTCUSDT",
    "exchange": "binance_usdm",
    "timestamp": "2024-05-01T00:00:00.150000Z",
    "sequence": 5,
    "scenario_id": "scenario-453-stop_run_sweep",
    "agent_id": "agent-stop_run_sweep",
    "order_id": "scenario-453-stop_run_sweep-agent-stop_run_sweep-5",
    "action": "new",
    "side": "buy",
    "price": 65534.816249999996,
    "quantity": 0.06,
    "remaining_quantity": 0.06
  },
  {
    "event_id": "e9f5d4603d1521d88e4c57f523e651a2fbbb1659567e6062d621555d9a3356f9",
    "schema_version": "1.0.0",
    "event_type": "agent_order",
    "source": "synthetic_agent",
    "symbol": "BTCUSDT",
    "exchange": "binance_usdm",
    "timestamp": "2024-05-01T00:00:00.180000Z",
    "sequence": 6,
    "scenario_id": "scenario-453-stop_run_sweep",
    "agent_id": "agent-stop_run_sweep",
    "order_id": "scenario-453-stop_run_sweep-agent-stop_run_sweep-6",
    "action": "new",
    "side": "buy",
    "price": 65538.08889999999,
    "quantity": 0.06,
    "remaining_quantity": 0.06
  },
  {
    "event_id": "dae44946b2ebae91d1d682234034912be0c73e6a14d99f2d8505136ec07857fc",
    "schema_version": "1.0.0",
    "event_type": "agent_order",
    "source": "synthetic_agent",
    "symbol": "BTCUSDT",
    "exchange": "binance_usdm",
    "timestamp": "2024-05-01T00:00:00.210000Z",
    "sequence": 7,
    "scenario_id": "scenario-453-stop_run_sweep",
    "agent_id": "agent-stop_run_sweep",
    "order_id": "scenario-453-stop_run_sweep-agent-stop_run_sweep-7",
    "action": "new",
    "side": "buy",
    "price": 65541.36155,
    "quantity": 0.06,
    "remaining_quantity": 0.06
  },
  {
    "event_id": "70b2fef757da1a6e90870f7fd523f2602a834c92817ff6d24ac18956a1a4512f",
    "schema_version": "1.0.0",
    "event_type": "agent_order",
    "source": "synthetic_agent",
    "symbol": "BTCUSDT",
    "exchange": "binance_usdm",
    "timestamp": "2024-05-01T00:00:00.240000Z",
    "sequence": 8,
    "scenario_id": "scenario-453-stop_run_sweep",
    "agent_id": "agent-stop_run_sweep",
    "order_id": "scenario-453-stop_run_sweep-agent-stop_run_sweep-8",
    "action": "new",
    "side": "buy",
    "price": 65544.63419999999,
    "quantity": 0.06,
    "remaining_quantity": 0.06
  },
  {
    "event_id": "72eb184afb1facd5526bd2b3e65a4139eb064bd03f545d816ef0b459d11da55a",
    "schema_version": "1.0.0",
    "event_type": "agent_order",
    "source": "synthetic_agent",
    "symbol": "BTCUSDT",
    "exchange": "binance_usdm",
    "timestamp": "2024-05-01T00:00:00.270000Z",
    "sequence": 9,
    "scenario_id": "scenario-453-stop_run_sweep",
    "agent_id": "agent-stop_run_sweep",
    "order_id": "scenario-453-stop_run_sweep-agent-stop_run_sweep-9",
    "action": "new",
    "side": "buy",
    "price": 65547.90685,
    "quantity": 0.06,
    "remaining_quantity": 0.06
  },
  {
    "event_id": "7c8c8cb9bc2c4715c34a1eefe06403c255e31d5a4de73dfe778c7c67c948c633",
    "schema_version": "1.0.0",
    "event_type": "agent_order",
    "source": "synthetic_agent",
    "symbol": "BTCUSDT",
    "exchange": "binance_usdm",
    "timestamp": "2024-05-01T00:00:00.300000Z",
    "sequence": 10,
    "scenario_id": "scenario-453-stop_run_sweep",
    "agent_id": "agent-stop_run_sweep",
    "order_id": "scenario-453-stop_run_sweep-agent-stop_run_sweep-10",
    "action": "new",
    "side": "buy",
    "price": 65551.17949999998,
    "quantity": 0.06,
    "remaining_quantity": 0.06
  },
  {
    "event_id": "eed6fc160f96bb6ade25a081fa086e70082270c4a37790a8884ec71fe2d2c16c",
    "schema_version": "1.0.0",
    "event_type": "agent_order",
    "source": "synthetic_agent",
    "symbol": "BTCUSDT",
    "exchange": "binance_usdm",
    "timestamp": "2024-05-01T00:00:00.330000Z",
    "sequence": 11,
    "scenario_id": "scenario-453-stop_run_sweep",
    "agent_id": "agent-stop_run_sweep",
    "order_id": "scenario-453-stop_run_sweep-agent-stop_run_sweep-11",
    "action": "new",
    "side": "buy",
    "price": 65554.45215,
    "quantity": 0.06,
    "remaining_quantity": 0.06
  },
  {
    "event_id": "b5450091d051a3b6305ffa2899403bc2b8f25cde21cdf2fa0a1fccf8c9524761",
    "schema_version": "1.0.0",
    "event_type": "agent_order",
    "source": "synthetic_agent",
    "symbol": "BTCUSDT",
    "exchange": "binance_usdm",
    "timestamp": "2024-05-01T00:00:00.360000Z",
    "sequence": 12,
    "scenario_id": "scenario-453-stop_run_sweep",
    "agent_id": "agent-stop_run_sweep",
    "order_id": "scenario-453-stop_run_sweep-agent-stop_run_sweep-12",
    "action": "new",
    "side": "buy",
    "price": 65557.72479999998,
    "quantity": 0.06,
    "remaining_quantity": 0.06
  },
  {
    "event_id": "513975115a01da15b30789cd63df4519d3a9d5c88dd3aa80ab5c61ac87bf7ac1",
    "schema_version": "1.0.0",
    "event_type": "agent_order",
    "source": "synthetic_agent",
    "symbol": "BTCUSDT",
    "exchange": "binance_usdm",
    "timestamp": "2024-05-01T00:00:00.390000Z",
    "sequence": 13,
    "scenario_id": "scenario-453-stop_run_sweep",
    "agent_id": "agent-stop_run_sweep",
    "order_id": "scenario-453-stop_run_sweep-agent-stop_run_sweep-13",
    "action": "new",
    "side": "buy",
    "price": 65560.99745,
    "quantity": 0.06,
    "remaining_quantity": 0.06
  },
  {
    "event_id": "66b4f60916f3eb1d50087ebeacc86ea6d4ee20f126e1d67b1d147e0dee16b593",
    "schema_version": "1.0.0",
    "event_type": "agent_order",
    "source": "synthetic_agent",
    "symbol": "BTCUSDT",
    "exchange": "binance_usdm",
    "timestamp": "2024-05-01T00:00:00.420000Z",
    "sequence": 14,
    "scenario_id": "scenario-453-stop_run_sweep",
    "agent_id": "agent-stop_run_sweep",
    "order_id": "scenario-453-stop_run_sweep-agent-stop_run_sweep-14",
    "action": "new",
    "side": "buy",
    "price": 65564.2701,
    "quantity": 0.06,
    "remaining_quantity": 0.06
  },
  {
    "event_id": "fae6709992c8a8b73377ceb4224de400afc0c8794a7fe3d877eec49eb2e16275",
    "schema_version": "1.0.0",
    "event_type": "agent_order",
    "source": "synthetic_agent",
    "symbol": "BTCUSDT",
    "exchange": "binance_usdm",
    "timestamp": "2024-05-01T00:00:00.450000Z",
    "sequence": 15,
    "scenario_id": "scenario-453-stop_run_sweep",
    "agent_id": "agent-stop_run_sweep",
    "order_id": "scenario-453-stop_run_sweep-agent-stop_run_sweep-15",
    "action": "new",
    "side": "buy",
    "price": 65567.54275,
    "quantity": 0.06,
    "remaining_quantity": 0.06
  },
  {
    "event_id": "95af12c42e617b2dd40baed526ecc18c725881fbb7b6a547fac7d105390eac7a",
    "schema_version": "1.0.0",
    "event_type": "agent_order",
    "source": "synthetic_agent",
    "symbol": "BTCUSDT",
    "exchange": "binance_usdm",
    "timestamp": "2024-05-01T00:00:00.480000Z",
    "sequence": 16,
    "scenario_id": "scenario-453-stop_run_sweep",
    "agent_id": "agent-stop_run_sweep",
    "order_id": "scenario-453-stop_run_sweep-agent-stop_run_sweep-16",
    "action": "new",
    "side": "buy",
    "price": 65570.81539999999,
    "quantity": 0.06,
    "remaining_quantity": 0.06
  },
  {
    "event_id": "1cec43e0ff058fb6c0e92c2581a79e1843e0104731d45ceb6a7115a208461a7b",
    "schema_version": "1.0.0",
    "event_type": "agent_order",
    "source": "synthetic_agent",
    "symbol": "BTCUSDT",
    "exchange": "binance_usdm",
    "timestamp": "2024-05-01T00:00:00.510000Z",
    "sequence": 17,
    "scenario_id": "scenario-453-stop_run_sweep",
    "agent_id": "agent-stop_run_sweep",
    "order_id": "scenario-453-stop_run_sweep-agent-stop_run_sweep-17",
    "action": "new",
    "side": "buy",
    "price": 65574.08804999999,
    "quantity": 0.06,
    "remaining_quantity": 0.06
  },
  {
    "event_id": "bf458179508785ce31e57bd7dcfa35a4420ab23a5d88bee4f5b02b3951276679",
    "schema_version": "1.0.0",
    "event_type": "agent_order",
    "source": "synthetic_agent",
    "symbol": "BTCUSDT",
    "exchange": "binance_usdm",
    "timestamp": "2024-05-01T00:00:00.540000Z",
    "sequence": 18,
    "scenario_id": "scenario-453-stop_run_sweep",
    "agent_id": "agent-stop_run_sweep",
    "order_id": "scenario-453-stop_run_sweep-agent-stop_run_sweep-18",
    "action": "new",
    "side": "buy",
    "price": 65577.36069999999,
    "quantity": 0.06,
    "remaining_quantity": 0.06
  },
  {
    "event_id": "536eac9834c0ac50b15e3359ba3d0b759bc953bb851597d1e228f6b614053585",
    "schema_version": "1.0.0",
    "event_type": "agent_order",
    "source": "synthetic_agent",
    "symbol": "BTCUSDT",
    "exchange": "binance_usdm",
    "timestamp": "2024-05-01T00:00:00.570000Z",
    "sequence": 19,
    "scenario_id": "scenario-453-stop_run_sweep",
    "agent_id": "agent-stop_run_sweep",
    "order_id": "scenario-453-stop_run_sweep-agent-stop_run_sweep-19",
    "action": "new",
    "side": "buy",
    "price": 65580.63334999999,
    "quantity": 0.06,
    "remaining_quantity": 0.06
  },
  {
    "event_id": "8b9cd8fa5671f326b016a1b0006a03a6e19779852d92234bfccbfee17e4a999a",
    "schema_version": "1.0.0",
    "event_type": "agent_order",
    "source": "synthetic_agent",
    "symbol": "BTCUSDT",
    "exchange": "binance_usdm",
    "timestamp": "2024-05-01T00:00:00.600000Z",
    "sequence": 20,
    "scenario_id": "scenario-453-stop_run_sweep",
    "agent_id": "agent-stop_run_sweep",
    "order_id": "scenario-453-stop_run_sweep-agent-stop_run_sweep-20",
    "action": "new",
    "side": "buy",
    "price": 65583.90599999999,
    "quantity": 0.06,
    "remaining_quantity": 0.06
  },
  {
    "event_id": "731cd225d6b10089f2c74670388daa13bb4240df6e5833a042f074419d4a8340",
    "schema_version": "1.0.0",
    "event_type": "agent_order",
    "source": "synthetic_agent",
    "symbol": "BTCUSDT",
    "exchange": "binance_usdm",
    "timestamp": "2024-05-01T00:00:00.630000Z",
    "sequence": 21,
    "scenario_id": "scenario-453-stop_run_sweep",
    "agent_id": "agent-stop_run_sweep",
    "order_id": "scenario-453-stop_run_sweep-agent-stop_run_sweep-21",
    "action": "new",
    "side": "buy",
    "price": 65587.17864999999,
    "quantity": 0.06,
    "remaining_quantity": 0.06
  },
  {
    "event_id": "996d365131004411c5003b4a042deb599b537d3ebb86ec138368e0daf0fdf7da",
    "schema_version": "1.0.0",
    "event_type": "agent_order",
    "source": "synthetic_agent",
    "symbol": "BTCUSDT",
    "exchange": "binance_usdm",
    "timestamp": "2024-05-01T00:00:00.660000Z",
    "sequence": 22,
    "scenario_id": "scenario-453-stop_run_sweep",
    "agent_id": "agent-stop_run_sweep",
    "order_id": "scenario-453-stop_run_sweep-agent-stop_run_sweep-22",
    "action": "new",
    "side": "buy",
    "price": 65590.4513,
    "quantity": 0.06,
    "remaining_quantity": 0.06
  },
  {
    "event_id": "019ccc32adddb06e65de549fd265e2d6722624f472c111237b34cb2fd010df18",
    "schema_version": "1.0.0",
    "event_type": "agent_order",
    "source": "synthetic_agent",
    "symbol": "BTCUSDT",
    "exchange": "binance_usdm",
    "timestamp": "2024-05-01T00:00:00.690000Z",
    "sequence": 23,
    "scenario_id": "scenario-453-stop_run_sweep",
    "agent_id": "agent-stop_run_sweep",
    "order_id": "scenario-453-stop_run_sweep-agent-stop_run_sweep-23",
    "action": "new",
    "side": "buy",
    "price": 65593.72394999999,
    "quantity": 0.06,
    "remaining_quantity": 0.06
  },
  {
    "event_id": "b0ce1c9d2adda2cdc8a4f6a0fe38edf48777d7ffd83d591f44e39982812432bb",
    "schema_version": "1.0.0",
    "event_type": "agent_order",
    "source": "synthetic_agent",
    "symbol": "BTCUSDT",
    "exchange": "binance_usdm",
    "timestamp": "2024-05-01T00:00:00.720000Z",
    "sequence": 24,
    "scenario_id": "scenario-453-stop_run_sweep",
    "agent_id": "agent-stop_run_sweep",
    "order_id": "scenario-453-stop_run_sweep-agent-stop_run_sweep-24",
    "action": "new",
    "side": "buy",
    "price": 65596.9966,
    "quantity": 0.06,
    "remaining_quantity": 0.06
  },
  {
    "event_id": "c5448bc098e1b98668dff1a060a2a15fd5cec16ee5b186e3e7bf1fc67194eb38",
    "schema_version": "1.0.0",
    "event_type": "agent_order",
    "source": "synthetic_agent",
    "symbol": "BTCUSDT",
    "exchange": "binance_usdm",
    "timestamp": "2024-05-01T00:00:00.750000Z",
    "sequence": 25,
    "scenario_id": "scenario-453-stop_run_sweep",
    "agent_id": "agent-stop_run_sweep",
    "order_id": "scenario-453-stop_run_sweep-agent-stop_run_sweep-25",
    "action": "new",
    "side": "buy",
    "price": 65600.26925,
    "quantity": 0.06,
    "remaining_quantity": 0.06
  },
  {
    "event_id": "828f503af46de42585e5f3930b521d3d80d7df09e53aa82bd7f9a4e74230991e",
    "schema_version": "1.0.0",
    "event_type": "agent_order",
    "source": "synthetic_agent",
    "symbol": "BTCUSDT",
    "exchange": "binance_usdm",
    "timestamp": "2024-05-01T00:00:00.780000Z",
    "sequence": 26,
    "scenario_id": "scenario-453-stop_run_sweep",
    "agent_id": "agent-stop_run_sweep",
    "order_id": "scenario-453-stop_run_sweep-agent-stop_run_sweep-26",
    "action": "new",
    "side": "buy",
    "price": 65603.5419,
    "quantity": 0.06,
    "remaining_quantity": 0.06
  },
  {
    "event_id": "21fa8667bce69be645d4c8d7668cdced8609618ddfe0a6cdbbe2b4c39b891d3e",
    "schema_version": "1.0.0",
    "event_type": "agent_order",
    "source": "synthetic_agent",
    "symbol": "BTCUSDT",
    "exchange": "binance_usdm",
    "timestamp": "2024-05-01T00:00:00.810000Z",
    "sequence": 27,
    "scenario_id": "scenario-453-stop_run_sweep",
    "agent_id": "agent-stop_run_sweep",
    "order_id": "scenario-453-stop_run_sweep-agent-stop_run_sweep-27",
    "action": "new",
    "side": "buy",
    "price": 65606.81455,
    "quantity": 0.06,
    "remaining_quantity": 0.06
  },
  {
    "event_id": "30af6917d1fdb577c6e86357dece1c37a5a792ab933f419d7d1e45d75679d96e",
    "schema_version": "1.0.0",
    "event_type": "agent_order",
    "source": "synthetic_agent",
    "symbol": "BTCUSDT",
    "exchange": "binance_usdm",
    "timestamp": "2024-05-01T00:00:00.840000Z",
    "sequence": 28,
    "scenario_id": "scenario-453-stop_run_sweep",
    "agent_id": "agent-stop_run_sweep",
    "order_id": "scenario-453-stop_run_sweep-agent-stop_run_sweep-28",
    "action": "new",
    "side": "buy",
    "price": 65610.0872,
    "quantity": 0.06,
    "remaining_quantity": 0.06
  },
  {
    "event_id": "7119306b43640354c63cbcae800ee73388b0fdae5e81e22fac4289ac3a70468f",
    "schema_version": "1.0.0",
    "event_type": "agent_order",
    "source": "synthetic_agent",
    "symbol": "BTCUSDT",
    "exchange": "binance_usdm",
    "timestamp": "2024-05-01T00:00:00.870000Z",
    "sequence": 29,
    "scenario_id": "scenario-453-stop_run_sweep",
    "agent_id": "agent-stop_run_sweep",
    "order_id": "scenario-453-stop_run_sweep-agent-stop_run_sweep-29",
    "action": "new",
    "side": "buy",
    "price": 65613.35985,
    "quantity": 0.06,
    "remaining_quantity": 0.06
  }
]