[
  {
    "event_id": "cc94878582bde40eb73753fd84b41b4c3f3e1d25fbd9b0b554eba8fccbffa6f3",
    "schema_version": "1.0.0",
    "event_type": "agent_order",
    "source": "synthetic_agent",
    "symbol": "BTCUSDT",
    "exchange": "binance_usdm",
    "timestamp": "2024-05-01T00:00:00Z",
    "sequence": 0,
    "scenario_id": "scenario-285-stop_run_sweep",
    "agent_id": "agent-stop_run_sweep",
    "order_id": "scenario-285-stop_run_sweep-agent-stop_run_sweep-0",
    "action": "new",
    "side": "buy",
    "price": 65350.284999999996,
    "quantity": 0.06,
    "remaining_quantity": 0.06
  },
  {
    "event_id": "6fdfd98a56ef703f55250ae321c0c7bccfd2aa27497fd0dea503308ab862b03e",
    "schema_version": "1.0.0",
    "event_type": "agent_order",
    "source": "synthetic_agent",
    "symbol": "BTCUSDT",
    "exchange": "binance_usdm",
    "timestamp": "2024-05-01T00:00:00.030000Z",
    "sequence": 1,
    "scenario_id": "scenario-285-stop_run_sweep",
    "agent_id": "agent-stop_run_sweep",
    "order_id": "scenario-285-stop_run_sweep-agent-stop_run_sweep-1",
    "action": "new",
    "side": "buy",
    "price": 65353.54925,
    "quantity": 0.06,
    "remaining_quantity": 0.06
  },
  {
    "event_id": "8707c3234d5d63dd16717d4f15a6a2aaee35e3b6ee69ed34792aef5bafd96a36",
    "schema_version": "1.0.0",
    "event_type": "agent_order",
    "source": "synthetic_agent",
    "symbol": "BTCUSDT",
    "exchange": "binance_usdm",
    "timestamp": "2024-05-01T00:00:00.060000Z",
    "sequence": 2,
    "scenario_id": "scenario-285-stop_run_sweep",
    "agent_id": "agent-stop_run_sweep",
    "order_id": "scenario-285-stop_run_sweep-agent-stop_run_sweep-2",
    "action": "new",
    "side": "buy",
    "price": 65356.81349999999,
    "quantity": 0.06,
    "remaining_quantity": 0.06
  },
  {
    "event_id": "956c539a663e183d42e83d34b6fa748b5e8780eac5c930349f57150d74f946c9",
    "schema_version": "1.0.0",
    "event_type": "agent_order",
    "source": "synthetic_agent",
    "symbol": "BTCUSDT",
    "exchange": "binance_usdm",
    "timestamp": "2024-05-01T00:00:00.090000Z",
    "sequence": 3,
    "scenario_id": "scenario-285-stop_run_sweep",
    "agent_id": "agent-stop_run_sweep",
    "order_id": "scenario-285-stop_run_sweep-agent-stop_run_sweep-3",
    "action": "new",
    "side": "buy",
    "price": 65360.07775,
    "quantity": 0.06,
    "remaining_quantity": 0.06
  },
  {
    "event_id": "b14dffd07d7a2b8f593f4c6eebdfd7f18bed7977ffb3b7e88d0926dc2af15c8c",
    "schema_version": "1.0.0",
    "event_type": "agent_order",
    "source": "synthetic_agent",
    "symbol": "BTCUSDT",
    "exchange": "binance_usdm",
    "timestamp": "2024-05-01T00:00:00.120000Z",
    "sequence": 4,
    "scenario_id": "scenario-285-stop_run_sweep",
    "agent_id": "agent-stop_run_sweep",
    "order_id": "scenario-285-stop_run_sweep-agent-stop_run_sweep-4",
    "action": "new",
    "side": "buy",
    "price": 65363.34199999999,
    "quantity": 0.06,
    "remaining_quantity": 0.06
  },
  {
    "event_id": "fd77af328296f7e4ce8e4d68b677540c9c2e537658a7b8e369f0de9ce341f0fd",
    "schema_version": "1.0.0",
    "event_type": "agent_order",
    "source": "synthetic_agent",
    "symbol": "BTCUSDT",
    "exchange": "binance_usdm",
    "timestamp": "2024-05-01T00:00:00.150000Z",
    "sequence": 5,
    "scenario_id": "scenario-285-stop_run_sweep",
    "agent_id": "agent-stop_run_sweep",
    "order_id": "scenario-285-stop_run_sweep-agent-stop_run_sweep-5",
    "action": "new",
    "side": "buy",
    "price": 65366.60625,
    "quantity": 0.06,
    "remaining_quantity": 0.06
  },
  {
    "event_id": "4794876dddb65a01f4a9c63119b4254d34ea8758bec1abb7b790a7229f8a95b7",
    "schema_version": "1.0.0",
    "event_type": "agent_order",
    "source": "synthetic_agent",
    "symbol": "BTCUSDT",
    "exchange": "binance_usdm",
    "timestamp": "2024-05-01T00:00:00.180000Z",
    "sequence": 6,
    "scenario_id": "scenario-285-stop_run_sweep",
    "agent_id": "agent-stop_run_sweep",
    "order_id": "scenario-285-stop_run_sweep-agent-stop_run_sweep-6",
    "action": "new",
    "side": "buy",
    "price": 65369.87049999999,
    "quantity": 0.06,
    "remaining_quantity": 0.06
  },
  {
    "event_id": "452e144b09735fa2da3d001c8b8e6bcf78eae0c4728eb8807565ebab51650268",
    "schema_version": "1.0.0",
    "event_type": "agent_order",
    "source": "synthetic_agent",
    "symbol": "BTCUSDT",
    "exchange": "binance_usdm",
    "timestamp": "2024-05-01T00:00:00.210000Z",
    "sequence": 7,
    "scenario_id": "scenario-285-stop_run_sweep",
    "agent_id": "agent-stop_run_sweep",
    "order_id": "scenario-285-stop_run_sweep-agent-stop_run_sweep-7",
    "action": "new",
    "side": "buy",
    "price": 65373.13475,
    "quantity": 0.06,
    "remaining_quantity": 0.06
  },
  {
    "event_id": "dd4d0bfbda802f3328f0193c3127cf991e83c749c98187c88dc7b9abd8b1ef83",
    "schema_version": "1.0.0",
    "event_type": "agent_order",
    "source": "synthetic_agent",
    "symbol": "BTCUSDT",
    "exchange": "binance_usdm",
    "timestamp": "2024-05-01T00:00:00.240000Z",
    "sequence": 8,
    "scenario_id": "scenario-285-stop_run_sweep",
    "agent_id": "agent-stop_run_sweep",
    "order_id": "scenario-285-stop_run_sweep-agent-stop_run_sweep-8",
    "action": "new",
    "side": "buy",
    "price": 65376.39899999999,
    "quantity": 0.06,
    "remaining_quantity": 0.06
  },
  {
    "event_id": "56f2d25b850a77961440b4128bc849937e55deaa00d61813ff080837be3f6a4a",
    "schema_version": "1.0.0",
    "event_type": "agent_order",
    "source": "synthetic_agent",
    "symbol": "BTCUSDT",
    "exchange": "binance_usdm",
    "timestamp": "2024-05-01T00:00:00.270000Z",
    "sequence": 9,
    "scenario_id": "scenario-285-stop_run_sweep",
    "agent_id": "agent-stop_run_sweep",
    "order_id": "scenario-285-stop_run_sweep-agent-stop_run_sweep-9",
    "action": "new",
    "side": "buy",
    "price": 65379.66325,
    "quantity": 0.06,
    "remaining_quantity": 0.06
  },
  {
    "event_id": "3bf4f424ea15f44237b0e17516571d99170e20690eac961464e317e51b2b441d",
    "schema_version": "1.0.0",
    "event_type": "agent_order",
    "source": "synthetic_agent",
    "symbol": "BTCUSDT",
    "exchange": "binance_usdm",
    "timestamp": "2024-05-01T00:00:00.300000Z",
    "sequence": 10,
    "scenario_id": "scenario-285-stop_run_sweep",
    "agent_id": "agent-stop_run_sweep",
    "order_id": "scenario-285-stop_run_sweep-agent-stop_run_sweep-10",
    "action": "new",
    "side": "buy",
    "price": 65382.92749999999,
    "quantity": 0.06,
    "remaining_quantity": 0.06
  },
  {
    "event_id": "c32bb1a4389642cc9575199bd04f3b850dc95974f7251d27ba3d82c848b49aa6",
    "schema_version": "1.0.0",
    "event_type": "agent_order",
    "source": "synthetic_agent",
    "symbol": "BTCUSDT",
    "exchange": "binance_usdm",
    "timestamp": "2024-05-01T00:00:00.330000Z",
    "sequence": 11,
    "scenario_id": "scenario-285-stop_run_sweep",
    "agent_id": "agent-stop_run_sweep",
    "order_id": "scenario-285-stop_run_sweep-agent-stop_run_sweep-11",
    "action": "new",
    "side": "buy",
    "price": 65386.19175,
    "quantity": 0.06,
    "remaining_quantity": 0.06
  },
  {
    "event_id": "e2d1313392366aa90abed7d3a171a763b008e79278b833d7ae31dd4eba5ddf39",
    "schema_version": "1.0.0",
    "event_type": "agent_order",
    "source": "synthetic_agent",
    "symbol": "BTCUSDT",
    "exchange": "binance_usdm",
    "timestamp": "2024-05-01T00:00:00.360000Z",
    "sequence": 12,
    "scenario_id": "scenario-285-stop_run_sweep",
    "agent_id": "agent-stop_run_sweep",
    "order_id": "scenario-285-stop_run_sweep-agent-stop_run_sweep-12",
    "action": "new",
    "side": "buy",
    "price": 65389.45599999999,
    "quantity": 0.06,
    "remaining_quantity": 0.06
  },
  {
    "event_id": "92aa04e9879133499697ebe694f483e393a675fc14653683953e5e716f63222d",
    "schema_version": "1.0.0",
    "event_type": "agent_order",
    "source": "synthetic_agent",
    "symbol": "BTCUSDT",
    "exchange": "binance_usdm",
    "timestamp": "2024-05-01T00:00:00.390000Z",
    "sequence": 13,
    "scenario_id": "scenario-285-stop_run_sweep",
    "agent_id": "agent-stop_run_sweep",
    "order_id": "scenario-285-stop_run_sweep-agent-stop_run_sweep-13",
    "action": "new",
    "side": "buy",
    "price": 65392.72025,
    "quantity": 0.06,
    "remaining_quantity": 0.06
  },
  {
    "event_id": "51a2de7e948cbd3e30d36bb9b152553cbbb4412785151ab379b23a514cc6a713",
    "schema_version": "1.0.0",
    "event_type": "agent_order",
    "source": "synthetic_agent",
    "symbol": "BTCUSDT",
    "exchange": "binance_usdm",
    "timestamp": "2024-05-01T00:00:00.420000Z",
    "sequence": 14,
    "scenario_id": "scenario-285-stop_run_sweep",
    "agent_id": "agent-stop_run_sweep",
    "order_id": "scenario-285-stop_run_sweep-agent-stop_run_sweep-14",
    "action": "new",
    "side": "buy",
    "price": 65395.98449999999,
    "quantity": 0.06,
    "remaining_quantity": 0.06
  },
  {
    "event_id": "78ca42bad18e0447b78329d0665d62e44c5b6d21f28c01eb60e2a326c837bdb7",
    "schema_version": "1.0.0",
    "event_type": "agent_order",
    "source": "synthetic_agent",
    "symbol": "BTCUSDT",
    "exchange": "binance_usdm",
    "timestamp": "2024-05-01T00:00:00.450000Z",
    "sequence": 15,
    "scenario_id": "scenario-285-stop_run_sweep",
    "agent_id": "agent-stop_run_sweep",
    "order_id": "scenario-285-stop_run_sweep-agent-stop_run_sweep-15",
    "action": "new",
    "side": "buy",
    "price": 65399.24874999999,
    "quantity": 0.06,
    "remaining_quantity": 0.06
  },
  {
    "event_id": "280733c8f29448dd44d5f586b1fa775afae6cb7ac0036d7177de42714dab8f29",
    "schema_version": "1.0.0",
    "event_type": "agent_order",
    "source": "synthetic_agent",
    "symbol": "BTCUSDT",
    "exchange": "binance_usdm",
    "timestamp": "2024-05-01T00:00:00.480000Z",
    "sequence": 16,
    "scenario_id": "scenario-285-stop_run_sweep",
    "agent_id": "agent-stop_run_sweep",
    "order_id": "scenario-285-stop_run_sweep-agent-stop_run_sweep-16",
    "action": "new",
    "side": "buy",
    "price": 65402.512999999984,
    "quantity": 0.06,
    "remaining_quantity": 0.06
  },
  {
    "event_id": "06d87395d5ec110b3c1e30e0da0a2e0990b82d4f05696bca51644a48322c9f6c",
    "schema_version": "1.0.0",
    "event_type": "agent_order",
    "source": "synthetic_agent",
    "symbol": "BTCUSDT",
    "exchange": "binance_usdm",
    "timestamp": "2024-05-01T00:00:00.510000Z",
    "sequence": 17,
    "scenario_id": "scenario-285-stop_run_sweep",
    "agent_id": "agent-stop_run_sweep",
    "order_id": "scenario-285-stop_run_sweep-agent-stop_run_sweep-17",
    "action": "new",
    "side": "buy",
    "price": 65405.77724999999,
    "quantity": 0.06,
    "remaining_quantity": 0.06
  },
  {
    "event_id": "77b1fab846de8d38e513e61a0db8b333ecca601f76aee3c73a53a24bf4c0062e",
    "schema_version": "1.0.0",
    "event_type": "agent_order",
    "source": "synthetic_agent",
    "symbol": "BTCUSDT",
    "exchange": "binance_usdm",
    "timestamp": "2024-05-01T00:00:00.540000Z",
    "sequence": 18,
    "scenario_id": "scenario-285-stop_run_sweep",
    "agent_id": "agent-stop_run_sweep",
    "order_id": "scenario-285-stop_run_sweep-agent-stop_run_sweep-18",
    "action": "new",
    "side": "buy",
    "price": 65409.041499999985,
    "quantity": 0.06,
    "remaining_quantity": 0.06
  },
  {
    "event_id": "04048d2ad63b37dfa35825b367f71b82d3c703d25fa789b38b63c1fc987115aa",
    "schema_version": "1.0.0",
    "event_type": "agent_order",
    "source": "synthetic_agent",
    "symbol": "BTCUSDT",
    "exchange": "binance_usdm",
    "timestamp": "2024-05-01T00:00:00.570000Z",
    "sequence": 19,
    "scenario_id": "scenario-285-stop_run_sweep",
    "agent_id": "agent-stop_run_sweep",
    "order_id": "scenario-285-stop_run_sweep-agent-stop_run_sweep-19",
    "action": "new",
    "side": "buy",
    "price": 65412.30574999999,
    "quantity": 0.06,
    "remaining_quantity": 0.06
  },
  {
    "event_id": "97810435b16e311e1493232a1a84466d80fe0e37460f36b04a360b3921cdfabf",
    "schema_version": "1.0.0",
    "event_type": "agent_order",
    "source": "synthetic_agent",
    "symbol": "BTCUSDT",
    "exchange": "binance_usdm",
    "timestamp": "2024-05-01T00:00:00.600000Z",
    "sequence": 20,
    "scenario_id": "scenario-285-stop_run_sweep",
    "agent_id": "agent-stop_run_sweep",
    "order_id": "scenario-285-stop_run_sweep-agent-stop_run_sweep-20",
    "action": "new",
    "side": "buy",
    "price": 65415.569999999985,
    "quantity": 0.06,
    "remaining_quantity": 0.06
  },
  {
    "event_id": "bc34ab3805b4af2882bf41c42f6f47e94d860aca85147c401ccf76b6b1676b1b",
    "schema_version": "1.0.0",
    "event_type": "agent_order",
    "source": "synthetic_agent",
    "symbol": "BTCUSDT",
    "exchange": "binance_usdm",
    "timestamp": "2024-05-01T00:00:00.630000Z",
    "sequence": 21,
    "scenario_id": "scenario-285-stop_run_sweep",
    "agent_id": "agent-stop_run_sweep",
    "order_id": "scenario-285-stop_run_sweep-agent-stop_run_sweep-21",
    "action": "new",
    "side": "buy",
    "price": 65418.83424999999,
    "quantity": 0.06,
    "remaining_quantity": 0.06
  },
  {
    "event_id": "5134c201c069e7ba31b55821fcd69110e3d56323c07f82b82a5b2b9f2c15b344",
    "schema_version": "1.0.0",
    "event_type": "agent_order",
    "source": "synthetic_agent",
    "symbol": "BTCUSDT",
    "exchange": "binance_usdm",
    "timestamp": "2024-05-01T00:00:00.660000Z",
    "sequence": 22,
    "scenario_id": "scenario-285-stop_run_sweep",
    "agent_id": "agent-stop_run_sweep",
    "order_id": "scenario-285-stop_run_sweep-agent-stop_run_sweep-22",
    "action": "new",
    "side": "buy",
    "price": 65422.0985,
    "quantity": 0.06,
    "remaining_quantity": 0.06
  },
  {
    "event_id": "abeeb01af6ec73854fdd2c094d0a4395ae1d7c1d366c9c4f43ee26200ee2ecc7",
    "schema_version": "1.0.0",
    "event_type": "agent_order",
    "source": "synthetic_agent",
    "symbol": "BTCUSDT",
    "exchange": "binance_usdm",
    "timestamp": "2024-05-01T00:00:00.690000Z",
    "sequence": 23,
    "scenario_id": "scenario-285-stop_run_sweep",
    "agent_id": "agent-stop_run_sweep",
    "order_id": "scenario-285-stop_run_sweep-agent-stop_run_sweep-23",
    "action": "new",
    "side": "buy",
    "price": 65425.36274999999,
    "quantity": 0.06,
    "remaining_quantity": 0.06
  },
  {
    "event_id": "b517052141be8d4e455ed68cae363bea512a76ba4e8eb5790de3516a17e688c6",
    "schema_version": "1.0.0",
    "event_type": "agent_order",
    "source": "synthetic_agent",
    "symbol": "BTCUSDT",
    "exchange": "binance_usdm",
    "timestamp": "2024-05-01T00:00:00.720000Z",
    "sequence": 24,
    "scenario_id": "scenario-285-stop_run_sweep",
    "agent_id": "agent-stop_run_sweep",
    "order_id": "scenario-285-stop_run_sweep-agent-stop_run_sweep-24",
    "action": "new",
    "side": "buy",
    "price": 65428.627,
    "quantity": 0.06,
    "remaining_quantity": 0.06
  },
  {
    "event_id": "de8c999f177a0a9f39c05246f56c4d248009031920db9673e9c8518808f7564f",
    "schema_version": "1.0.0",
    "event_type": "agent_order",
    "source": "synthetic_agent",
    "symbol": "BTCUSDT",
    "exchange": "binance_usdm",
    "timestamp": "2024-05-01T00:00:00.750000Z",
    "sequence": 25,
    "scenario_id": "scenario-285-stop_run_sweep",
    "agent_id": "agent-stop_run_sweep",
    "order_id": "scenario-285-stop_run_sweep-agent-stop_run_sweep-25",
    "action": "new",
    "side": "buy",
    "price": 65431.89124999999,
    "quantity": 0.06,
    "remaining_quantity": 0.06
  },
  {
    "event_id": "dea70d19b9f2a3e2c183c0652fd4e0ffb0f413b04974ec0a2a9eafb59618ce0b",
    "schema_version": "1.0.0",
    "event_type": "agent_order",
    "source": "synthetic_agent",
    "symbol": "BTCUSDT",
    "exchange": "binance_usdm",
    "timestamp": "2024-05-01T00:00:00.780000Z",
    "sequence": 26,
    "scenario_id": "scenario-285-stop_run_sweep",
    "agent_id": "agent-stop_run_sweep",
    "order_id": "scenario-285-stop_run_sweep-agent-stop_run_sweep-26",
    "action": "new",
    "side": "buy",
    "price": 65435.1555,
    "quantity": 0.06,
    "remaining_quantity": 0.06
  },
  {
    "event_id": "445588d4eb06b5bba3b062caa2b343a143456f080de704d690c8767af62d96c1",
    "schema_version": "1.0.0",
    "event_type": "agent_order",
    "source": "synthetic_agent",
    "symbol": "BTCUSDT",
    "exchange": "binance_usdm",
    "timestamp": "2024-05-01T00:00:00.810000Z",
    "sequence": 27,
    "scenario_id": "scenario-285-stop_run_sweep",
    "agent_id": "agent-stop_run_sweep",
    "order_id": "scenario-285-stop_run_sweep-agent-stop_run_sweep-27",
    "action": "new",
    "side": "buy",
    "price": 65438.419749999994,
    "quantity": 0.06,
    "remaining_quantity": 0.06
  },
  {
    "event_id": "0d040e22bf38a6f5def36379620e52bf7b7e949292befa596209aa8ab4d49cf6",
    "schema_version": "1.0.0",
    "event_type": "agent_order",
    "source": "synthetic_agent",
    "symbol": "BTCUSDT",
    "exchange": "binance_usdm",
    "timestamp": "2024-05-01T00:00:00.840000Z",
    "sequence": 28,
    "scenario_id": "scenario-285-stop_run_sweep",
    "agent_id": "agent-stop_run_sweep",
    "order_id": "scenario-285-stop_run_sweep-agent-stop_run_sweep-28",
    "action": "new",
    "side": "buy",
    "price": 65441.683999999994,
    "quantity": 0.06,
    "remaining_quantity": 0.06
  },
  {
    "event_id": "d83d94a0bbe6f122934d9b8e1099c5d3fc0b9780bde81b035ed568cfcd532bfe",
    "schema_version": "1.0.0",
    "event_type": "agent_order",
    "source": "synthetic_agent",
    "symbol": "BTCUSDT",
    "exchange": "binance_usdm",
    "timestamp": "2024-05-01T00:00:00.870000Z",
    "sequence": 29,
    "scenario_id": "scenario-285-stop_run_sweep",
    "agent_id": "agent-stop_run_sweep",
    "order_id": "scenario-285-stop_run_sweep-agent-stop_run_sweep-29",
    "action": "new",
    "side": "buy",
    "price": 65444.94824999999,
    "quantity": 0.06,
    "remaining_quantity": 0.06
  }
]