[
  {
    "event_id": "f5a6295402499f3782e263efe6009c5ff0ebd0e503b19da798c3546a02f11b66",
    "schema_version": "1.0.0",
    "event_type": "agent_order",
    "source": "synthetic_agent",
    "symbol": "BTCUSDT",
    "exchange": "binance_usdm",
    "timestamp": "2024-05-01T00:00:00Z",
    "sequence": 0,
    "scenario_id": "scenario-572-latency_edge",
    "agent_id": "agent-latency_edge",
    "order_id": "scenario-572-latency_edge-agent-latency_edge-0",
    "action": "new",
    "side": "buy",
    "price": 65611.34319999999,
    "quantity": 0.006,
    "remaining_quantity": 0.006
  },
  {
    "event_id": "a4ed5bc47da5a3a601396efd08b476b52ef051d9f79ddeb2997bc4adedd29baa",
    "schema_version": "1.0.0",
    "event_type": "agent_order",
    "source": "synthetic_agent",
    "symbol": "BTCUSDT",
    "exchange": "binance_usdm",
    "timestamp": "2024-05-01T00:00:00.008000Z",
    "sequence": 1,
    "scenario_id": "scenario-572-latency_edge",
    "agent_id": "agent-latency_edge",
    "order_id": "scenario-572-latency_edge-agent-latency_edge-1",
    "action": "new",
    "side": "buy",
    "price": 65611.34319999999,
    "quantity": 0.006,
    "remaining_quantity": 0.006
  },
  {
    "event_id": "6714e4da7763feca9595511e904aa9406e16eb5e8ad71c8333a7623cfc331376",
    "schema_version": "1.0.0",
    "event_type": "agent_order",
    "source": "synthetic_agent",
    "symbol": "BTCUSDT",
    "exchange": "binance_usdm",
    "timestamp": "2024-05-01T00:00:00.016000Z",
    "sequence": 2,
    "scenario_id": "scenario-572-latency_edge",
    "agent_id": "agent-latency_edge",
    "order_id": "scenario-572-latency_edge-agent-latency_edge-2",
    "action": "new",
    "side": "sell",
    "price": 65532.6568,
    "quantity": 0.006,
    "remaining_quantity": 0.006
  },
  {
    "event_id": "a56c59835a2cd85d04ca3099707a0049d9818e7ef037fb8631ae7f70996fef59",
    "schema_version": "1.0.0",
    "event_type": "agent_order",
    "source": "synthetic_agent",
    "symbol": "BTCUSDT",
    "exchange": "binance_usdm",
    "timestamp": "2024-05-01T00:00:00.024000Z",
    "sequence": 3,
    "scenario_id": "scenario-572-latency_edge",
    "agent_id": "agent-latency_edge",
    "order_id": "scenario-572-latency_edge-agent-latency_edge-3",
    "action": "new",
    "side": "sell",
    "price": 65532.6568,
    "quantity": 0.006,
    "remaining_quantity": 0.006
  },
  {
    "event_id": "7f181f223b7a6aad6314dc01ddbecfe5de6c347a451f4317dc564c0284684141",
    "schema_version": "1.0.0",
    "event_type": "agent_order",
    "source": "synthetic_agent",
    "symbol": "BTCUSDT",
    "exchange": "binance_usdm",
    "timestamp": "2024-05-01T00:00:00.032000Z",
    "sequence": 4,
    "scenario_id": "scenario-572-latency_edge",
    "agent_id": "agent-latency_edge",
    "order_id": "scenario-572-latency_edge-agent-latency_edge-4",
    "action": "new",
    "side": "buy",
    "price": 65611.34319999999,
    "quantity": 0.006,
    "remaining_quantity": 0.006
  },
  {
    "event_id": "24844290f9418810281b55d1e4c6ed767c3666c1d801a4f6eb62f016d8022173",
    "schema_version": "1.0.0",
    "event_type": "agent_order",
    "source": "synthetic_agent",
    "symbol": "BTCUSDT",
    "exchange": "binance_usdm",
    "timestamp": "2024-05-01T00:00:00.040000Z",
    "sequence": 5,
    "scenario_id": "scenario-572-latency_edge",
    "agent_id": "agent-latency_edge",
    "order_id": "scenario-572-latency_edge-agent-latency_edge-5",
    "action": "new",
    "side": "buy",
    "price": 65611.34319999999,
    "quantity": 0.006,
    "remaining_quantity": 0.006
  },
  {
    "event_id": "ed5bb40d3aafd87e02d5dbd96c1a2125768c1355821d12edc6dfd11bab978a5d",
    "schema_version": "1.0.0",
    "event_type": "agent_order",
    "source": "synthetic_agent",
    "symbol": "BTCUSDT",
    "exchange": "binance_usdm",
    "timestamp": "2024-05-01T00:00:00.048000Z",
    "sequence": 6,
    "scenario_id": "scenario-572-latency_edge",
    "agent_id": "agent-latency_edge",
    "order_id": "scenario-572-latency_edge-agent-latency_edge-6",
    "action": "new",
    "side": "sell",
    "price": 65532.6568,
    "quantity": 0.006,
    "remaining_quantity": 0.006
  },
  {
    "event_id": "b60380e023f61c0e5f96df3d8b59ee97f3f6a56a72402a3a6179fcee5f74f7a8",
    "schema_version": "1.0.0",
    "event_type": "agent_order",
    "source": "synthetic_agent",
    "symbol": "BTCUSDT",
    "exchange": "binance_usdm",
    "timestamp": "2024-05-01T00:00:00.056000Z",
    "sequence": 7,
    "scenario_id": "scenario-572-latency_edge",
    "agent_id": "agent-latency_edge",
    "order_id": "scenario-572-latency_edge-agent-latency_edge-7",
    "action": "new",
    "side": "sell",
    "price": 65532.6568,
    "quantity": 0.006,
    "remaining_quantity": 0.006
  },
  {
    "event_id": "08779c81916604fd69a161afce77ab4abdeda2b26901d62c8d938116add76d32",
    "schema_version": "1.0.0",
    "event_type": "agent_order",
    "source": "synthetic_agent",
    "symbol": "BTCUSDT",
    "exchange": "binance_usdm",
    "timestamp": "2024-05-01T00:00:00.064000Z",
    "sequence": 8,
    "scenario_id": "scenario-572-latency_edge",
    "agent_id": "agent-latency_edge",
    "order_id": "scenario-572-latency_edge-agent-latency_edge-8",
    "action": "new",
    "side": "buy",
    "price": 65611.34319999999,
    "quantity": 0.006,
    "remaining_quantity": 0.006
  },
  {
    "event_id": "e96c0c673de03348924f246c8f7b87c86622159f89776d4e2ed535d506b4a5ae",
    "schema_version": "1.0.0",
    "event_type": "agent_order",
    "source": "synthetic_agent",
    "symbol": "BTCUSDT",
    "exchange": "binance_usdm",
    "timestamp": "2024-05-01T00:00:00.072000Z",
    "sequence": 9,
    "scenario_id": "scenario-572-latency_edge",
    "agent_id": "agent-latency_edge",
    "order_id": "scenario-572-latency_edge-agent-latency_edge-9",
    "action": "new",
    "side": "buy",
    "price": 65611.34319999999,
    "quantity": 0.006,
    "remaining_quantity": 0.006
  },
  {
    "event_id": "f00c6b170de2a5aacf111d39f2a3dd123879f8de75401a059dd03f83e2dc09ca",
    "schema_version": "1.0.0",
    "event_type": "agent_order",
    "source": "synthetic_agent",
    "symbol": "BTCUSDT",
    "exchange": "binance_usdm",
    "timestamp": "2024-05-01T00:00:00.080000Z",
    "sequence": 10,
    "scenario_id": "scenario-572-latency_edge",
    "agent_id": "agent-latency_edge",
    "order_id": "scenario-572-latency_edge-agent-latency_edge-10",
    "action": "new",
    "side": "sell",
    "price": 65532.6568,
    "quantity": 0.006,
    "remaining_quantity": 0.006
  },
  {
    "event_id": "76ec58acd92e8b08aa7fd9f173688bab58804ecf2eef0a13f4b55be2cc0ea379",
    "schema_version": "1.0.0",
    "event_type": "agent_order",
    "source": "synthetic_agent",
    "symbol": "BTCUSDT",
    "exchange": "binance_usdm",
    "timestamp": "2024-05-01T00:00:00.088000Z",
    "sequence": 11,
    "scenario_id": "scenario-572-latency_edge",
    "agent_id": "agent-latency_edge",
    "order_id": "scenario-572-latency_edge-agent-latency_edge-11",
    "action": "new",
    "side": "sell",
    "price": 65532.6568,
    "quantity": 0.006,
    "remaining_quantity": 0.006
  },
  {
    "event_id": "8dfcd987954a1d0ef6338d5c7274d6a71f89ae30b601829b7886ee6f247e862f",
    "schema_version": "1.0.0",
    "event_type": "agent_order",
    "source": "synthetic_agent",
    "symbol": "BTCUSDT",
    "exchange": "binance_usdm",
    "timestamp": "2024-05-01T00:00:00.096000Z",
    "sequence": 12,
    "scenario_id": "scenario-572-latency_edge",
    "agent_id": "agent-latency_edge",
    "order_id": "scenario-572-latency_edge-agent-latency_edge-12",
    "action": "new",
    "side": "buy",
    "price": 65611.34319999999,
    "quantity": 0.006,
    "remaining_quantity": 0.006
  },
  {
    "event_id": "3fd320d575b89614f7f2bba50b9097f7fad864e14ee92e28ca34f4488f85137a",
    "schema_version": "1.0.0",
    "event_type": "agent_order",
    "source": "synthetic_agent",
    "symbol": "BTCUSDT",
    "exchange": "binance_usdm",
    "timestamp": "2024-05-01T00:00:00.104000Z",
    "sequence": 13,
    "scenario_id": "scenario-572-latency_edge",
    "agent_id": "agent-latency_edge",
    "order_id": "scenario-572-latency_edge-agent-latency_edge-13",
    "action": "new",
    "side": "buy",
    "price": 65611.34319999999,
    "quantity": 0.006,
    "remaining_quantity": 0.006
  },
  {
    "event_id": "f9ac65d6c6b7ec95f8271bf7f0b3547508e5456a33c0e6e85e87174ad6a2da24",
    "schema_version": "1.0.0",
    "event_type": "agent_order",
    "source": "synthetic_agent",
    "symbol": "BTCUSDT",
    "exchange": "binance_usdm",
    "timestamp": "2024-05-01T00:00:00.112000Z",
    "sequence": 14,
    "scenario_id": "scenario-572-latency_edge",
    "agent_id": "agent-latency_edge",
    "order_id": "scenario-572-latency_edge-agent-latency_edge-14",
    "action": "new",
    "side": "sell",
    "price": 65532.6568,
    "quantity": 0.006,
    "remaining_quantity": 0.006
  },
  {
    "event_id": "24fc355c7996edd9b303add9699b6dcb07b0f5e630f23d0ebd17a10f9e2ac601",
    "schema_version": "1.0.0",
    "event_type": "agent_order",
    "source": "synthetic_agent",
    "symbol": "BTCUSDT",
    "exchange": "binance_usdm",
    "timestamp": "2024-05-01T00:00:00.120000Z",
    "sequence": 15,
    "scenario_id": "scenario-572-latency_edge",
    "agent_id": "agent-latency_edge",
    "order_id": "scenario-572-latency_edge-agent-latency_edge-15",
    "action": "new",
    "side": "sell",
    "price": 65532.6568,
    "quantity": 0.006,
    "remaining_quantity": 0.006
  },
  {
    "event_id": "6969891abe4b0ce844bb2456bec559d8db1545436032bcafbe2204da1bfc5f5d",
    "schema_version": "1.0.0",
    "event_type": "agent_order",
    "source": "synthetic_agent",
    "symbol": "BTCUSDT",
    "exchange": "binance_usdm",
    "timestamp": "2024-05-01T00:00:00.128000Z",
    "sequence": 16,
    "scenario_id": "scenario-572-latency_edge",
    "agent_id": "agent-latency_edge",
    "order_id": "scenario-572-latency_edge-agent-latency_edge-16",
    "action": "new",
    "side": "buy",
    "price": 65611.34319999999,
    "quantity": 0.006,
    "remaining_quantity": 0.006
  },
  {
    "event_id": "bf6ec78bd5c4113120643a044ba5e484bcbcb1b3c61093f9a3ba34c44c736d30",
    "schema_version": "1.0.0",
    "event_type": "agent_order",
    "source": "synthetic_agent",
    "symbol": "BTCUSDT",
    "exchange": "binance_usdm",
    "timestamp": "2024-05-01T00:00:00.136000Z",
    "sequence": 17,
    "scenario_id": "scenario-572-latency_edge",
    "agent_id": "agent-latency_edge",
    "order_id": "scenario-572-latency_edge-agent-latency_edge-17",
    "action": "new",
    "side": "buy",
    "price": 65611.34319999999,
    "quantity": 0.006,
    "remaining_quantity": 0.006
  },
  {
    "event_id": "716f2a6da6a1f49325378d7bcc5cdd2adce5a7615bddb3ba0e8b48f5baf67843",
    "schema_version": "1.0.0",
    "event_type": "agent_order",
    "source": "synthetic_agent",
    "symbol": "BTCUSDT",
    "exchange": "binance_usdm",
    "timestamp": "2024-05-01T00:00:00.144000Z",
    "sequence": 18,
    "scenario_id": "scenario-572-latency_edge",
    "agent_id": "agent-latency_edge",
    "order_id": "scenario-572-latency_edge-agent-latency_edge-18",
    "action": "new",
    "side": "sell",
    "price": 65532.6568,
    "quantity": 0.006,
    "remaining_quantity": 0.006
  },
  {
    "event_id": "da009f6a033afa18f4b41b146c1bbaf53a99efd1c06e729cca09bb10b6cf44a6",
    "schema_version": "1.0.0",
    "event_type": "agent_order",
    "source": "synthetic_agent",
    "symbol": "BTCUSDT",
    "exchange": "binance_usdm",
    "timestamp": "2024-05-01T00:00:00.152000Z",
    "sequence": 19,
    "scenario_id": "scenario-572-latency_edge",
    "agent_id": "agent-latency_edge",
    "order_id": "scenario-572-latency_edge-agent-latency_edge-19",
    "action": "new",
    "side": "sell",
    "price": 65532.6568,
    "quantity": 0.006,
    "remaining_quantity": 0.006
  },
  {
    "event_id": "719273e34932e5c2a2d1f986f67014b637e1c09963ac0ca2ef5e983256a4c547",
    "schema_version": "1.0.0",
    "event_type": "agent_order",
    "source": "synthetic_agent",
    "symbol": "BTCUSDT",
    "exchange": "binance_usdm",
    "timestamp": "2024-05-01T00:00:00.160000Z",
    "sequence": 20,
    "scenario_id": "scenario-572-latency_edge",
    "agent_id": "agent-latency_edge",
    "order_id": "scenario-572-latency_edge-agent-latency_edge-20",
    "action": "new",
    "side": "buy",
    "price": 65611.34319999999,
    "quantity": 0.006,
    "remaining_quantity": 0.006
  },
  {
    "event_id": "acad12039676277ede6e5eda09d5a04060bf3e163ea31534c172a35fb7003f92",
    "schema_version": "1.0.0",
    "event_type": "agent_order",
    "source": "synthetic_agent",
    "symbol": "BTCUSDT",
    "exchange": "binance_usdm",
    "timestamp": "2024-05-01T00:00:00.168000Z",
    "sequence": 21,
    "scenario_id": "scenario-572-latency_edge",
    "agent_id": "agent-latency_edge",
    "order_id": "scenario-572-latency_edge-agent-latency_edge-21",
    "action": "new",
    "side": "buy",
    "price": 65611.34319999999,
    "quantity": 0.006,
    "remaining_quantity": 0.006
  },
  {
    "event_id": "f2cfbfc215a7e1e188dd2372162ecd7917f29bca5b171ca364c9befa739c371b",
    "schema_version": "1.0.0",
    "event_type": "agent_order",
    "source": "synthetic_agent",
    "symbol": "BTCUSDT",
    "exchange": "binance_usdm",
    "timestamp": "2024-05-01T00:00:00.176000Z",
    "sequence": 22,
    "scenario_id": "scenario-572-latency_edge",
    "agent_id": "agent-latency_edge",
    "order_id": "scenario-572-latency_edge-agent-latency_edge-22",
    "action": "new",
    "side": "sell",
    "price": 65532.6568,
    "quantity": 0.006,
    "remaining_quantity": 0.006
  },
  {
    "event_id": "d39b91fee5243b9ea4218b7b780a5c75ed90b2de9fae967259cf50a7c0250113",
    "schema_version": "1.0.0",
    "event_type": "agent_order",
    "source": "synthetic_agent",
    "symbol": "BTCUSDT",
    "exchange": "binance_usdm",
    "timestamp": "2024-05-01T00:00:00.184000Z",
    "sequence": 23,
    "scenario_id": "scenario-572-latency_edge",
    "agent_id": "agent-latency_edge",
    "order_id": "scenario-572-latency_edge-agent-latency_edge-23",
    "action": "new",
    "side": "sell",
    "price": 65532.6568,
    "quantity": 0.006,
    "remaining_quantity": 0.006
  },
  {
    "event_id": "a4d1f52ea62e93b779e384819a4ceae859f18f44cd26ee2456715d6a4bb75c55",
    "schema_version": "1.0.0",
    "event_type": "agent_order",
    "source": "synthetic_agent",
    "symbol": "BTCUSDT",
    "exchange": "binance_usdm",
    "timestamp": "2024-05-01T00:00:00.192000Z",
    "sequence": 24,
    "scenario_id": "scenario-572-latency_edge",
    "agent_id": "agent-latency_edge",
    "order_id": "scenario-572-latency_edge-agent-latency_edge-24",
    "action": "new",
    "side": "buy",
    "price": 65611.34319999999,
    "quantity": 0.006,
    "remaining_quantity": 0.006
  },
  {
    "event_id": "d24d93e763af3a921019e9bb08ff254949125397d742d3506e8f8a08ca1bc9ad",
    "schema_version": "1.0.0",
    "event_type": "agent_order",
    "source": "synthetic_agent",
    "symbol": "BTCUSDT",
    "exchange": "binance_usdm",
    "timestamp": "2024-05-01T00:00:00.200000Z",
    "sequence": 25,
    "scenario_id": "scenario-572-latency_edge",
    "agent_id": "agent-latency_edge",
    "order_id": "scenario-572-latency_edge-agent-latency_edge-25",
    "action": "new",
    "side": "buy",
    "price": 65611.34319999999,
    "quantity": 0.006,
    "remaining_quantity": 0.006
  },
  {
    "event_id": "c20786dcab0d51dfbb0c53e96a1945c16621e393df8c9a35d4b957d18692820d",
    "schema_version": "1.0.0",
    "event_type": "agent_order",
    "source": "synthetic_agent",
    "symbol": "BTCUSDT",
    "exchange": "binance_usdm",
    "timestamp": "2024-05-01T00:00:00.208000Z",
    "sequence": 26,
    "scenario_id": "scenario-572-latency_edge",
    "agent_id": "agent-latency_edge",
    "order_id": "scenario-572-latency_edge-agent-latency_edge-26",
    "action": "new",
    "side": "sell",
    "price": 65532.6568,
    "quantity": 0.006,
    "remaining_quantity": 0.006
  },
  {
    "event_id": "5e979668f65e13b3fc2c7bdb9d761e2a48b1bdf6c5e9ea8a730a1f6ba05aed3b",
    "schema_version": "1.0.0",
    "event_type": "agent_order",
    "source": "synthetic_agent",
    "symbol": "BTCUSDT",
    "exchange": "binance_usdm",
    "timestamp": "2024-05-01T00:00:00.216000Z",
    "sequence": 27,
    "scenario_id": "scenario-572-latency_edge",
    "agent_id": "agent-latency_edge",
    "order_id": "scenario-572-latency_edge-agent-latency_edge-27",
    "action": "new",
    "side": "sell",
    "price": 65532.6568,
    "quantity": 0.006,
    "remaining_quantity": 0.006
  },
  {
    "event_id": "1ad8436517295e71a126f8fcdeb2cc253c8ac7aa346473a387ed256dca8a4a6a",
    "schema_version": "1.0.0",
    "event_type": "agent_order",
    "source": "synthetic_agent",
    "symbol": "BTCUSDT",
    "exchange": "binance_usdm",
    "timestamp": "2024-05-01T00:00:00.224000Z",
    "sequence": 28,
    "scenario_id": "scenario-572-latency_edge",
    "agent_id": "agent-latency_edge",
    "order_id": "scenario-572-latency_edge-agent-latency_edge-28",
    "action": "new",
    "side": "buy",
    "price": 65611.34319999999,
    "quantity": 0.006,
    "remaining_quantity": 0.006
  },
  {
    "event_id": "068d4a1d11fa54f24d18035d3b4fcf8417e7a2fb9c72549e7ff56b66cc840993",
    "schema_version": "1.0.0",
    "event_type": "agent_order",
    "source": "synthetic_agent",
    "symbol": "BTCUSDT",
    "exchange": "binance_usdm",
    "timestamp": "2024-05-01T00:00:00.232000Z",
    "sequence": 29,
    "scenario_id": "scenario-572-latency_edge",
    "agent_id": "agent-latency_edge",
    "order_id": "scenario-572-latency_edge-agent-latency_edge-29",
    "action": "new",
    "side": "buy",
    "price": 65611.34319999999,
    "quantity": 0.006,
    "remaining_quantity": 0.006
  }
]