[
  {
    "event_id": "e6c60a5619b509b52b2474597f9ab27316cca560d18941a93b6a8c390e5b15e8",
    "schema_version": "1.0.0",
    "event_type": "agent_order",
    "source": "synthetic_agent",
    "symbol": "BTCUSDT",
    "exchange": "binance_usdm",
    "timestamp": "2024-05-01T00:00:00Z",
    "sequence": 0,
    "scenario_id": "scenario-043-coordinated_burst",
    "agent_id": "agent-coordinated_burst-0",
    "order_id": "scenario-043-coordinated_burst-agent-coordinated_burst-0-0",
    "action": "new",
    "side": "buy",
    "price": 65056.0086,
    "quantity": 0.04,
    "remaining_quantity": 0.04
  },
  {
    "event_id": "9203ecdd9885dc4c56cbed8d786cb74c2d1005660d2507d02f784fc8eab96a70",
    "schema_version": "1.0.0",
    "event_type": "agent_order",
    "source": "synthetic_agent",
    "symbol": "BTCUSDT",
    "exchange": "binance_usdm",
    "timestamp": "2024-05-01T00:00:00.012000Z",
    "sequence": 1,
    "scenario_id": "scenario-043-coordinated_burst",
    "agent_id": "agent-coordinated_burst-1",
    "order_id": "scenario-043-coordinated_burst-agent-coordinated_burst-1-1",
    "action": "new",
    "side": "sell",
    "price": 65029.9914,
    "quantity": 0.04,
    "remaining_quantity": 0.04
  },
  {
    "event_id": "f96afca3812eac692c7736c2c87df9d63c2877a331423dc51a7985a99b7ad5ef",
    "schema_version": "1.0.0",
    "event_type": "agent_order",
    "source": "synthetic_agent",
    "symbol": "BTCUSDT",
    "exchange": "binance_usdm",
    "timestamp": "2024-05-01T00:00:00.024000Z",
    "sequence": 2,
    "scenario_id": "scenario-043-coordinated_burst",
    "agent_id": "agent-coordinated_burst-2",
    "order_id": "scenario-043-coordinated_burst-agent-coordinated_burst-2-2",
    "action": "new",
    "side": "sell",
    "price": 65029.9914,
    "quantity": 0.04,
    "remaining_quantity": 0.04
  },
  {
    "event_id": "1c3cb3f207249bc76a1ac9afe5123c5ec18bbdc0792dd84a652abf715420c05f",
    "schema_version": "1.0.0",
    "event_type": "agent_order",
    "source": "synthetic_agent",
    "symbol": "BTCUSDT",
    "exchange": "binance_usdm",
    "timestamp": "2024-05-01T00:00:00.036000Z",
    "sequence": 3,
    "scenario_id": "scenario-043-coordinated_burst",
    "agent_id": "agent-coordinated_burst-0",
    "order_id": "scenario-043-coordinated_burst-agent-coordinated_burst-0-3",
    "action": "new",
    "side": "buy",
    "price": 65056.0086,
    "quantity": 0.04,
    "remaining_quantity": 0.04
  },
  {
    "event_id": "b8c127219c2ce980848a69633141ea5951b69f67cdd9172afd115d6e4191fd17",
    "schema_version": "1.0.0",
    "event_type": "agent_order",
    "source": "synthetic_agent",
    "symbol": "BTCUSDT",
    "exchange": "binance_usdm",
    "timestamp": "2024-05-01T00:00:00.048000Z",
    "sequence": 4,
    "scenario_id": "scenario-043-coordinated_burst",
    "agent_id": "agent-coordinated_burst-1",
    "order_id": "scenario-043-coordinated_burst-agent-coordinated_burst-1-4",
    "action": "new",
    "side": "sell",
    "price": 65029.9914,
    "quantity": 0.04,
    "remaining_quantity": 0.04
  },
  {
    "event_id": "68b113e2f1712d2f54a556317132870c78493c4270896a308bda748945b9d4a9",
    "schema_version": "1.0.0",
    "event_type": "agent_order",
    "source": "synthetic_agent",
    "symbol": "BTCUSDT",
    "exchange": "binance_usdm",
    "timestamp": "2024-05-01T00:00:00.600000Z",
    "sequence": 5,
    "scenario_id": "scenario-043-coordinated_burst",
    "agent_id": "agent-coordinated_burst-2",
    "order_id": "scenario-043-coordinated_burst-agent-coordinated_burst-2-5",
    "action": "new",
    "side": "sell",
    "price": 65029.9914,
    "quantity": 0.04,
    "remaining_quantity": 0.04
  },
  {
    "event_id": "ba7a12db452df89b09d438cfc108053031ec9f0df3fdad0f860e1985c6ee38e5",
    "schema_version": "1.0.0",
    "event_type": "agent_order",
    "source": "synthetic_agent",
    "symbol": "BTCUSDT",
    "exchange": "binance_usdm",
    "timestamp": "2024-05-01T00:00:00.072000Z",
    "sequence": 6,
    "scenario_id": "scenario-043-coordinated_burst",
    "agent_id": "agent-coordinated_burst-0",
    "order_id": "scenario-043-coordinated_burst-agent-coordinated_burst-0-6",
    "action": "new",
    "side": "buy",
    "price": 65056.0086,
    "quantity": 0.04,
    "remaining_quantity": 0.04
  },
  {
    "event_id": "eccab3c0062a690393a3d1181a694e145560f83b03f7e0bfd0f1ffe26706aaae",
    "schema_version": "1.0.0",
    "event_type": "agent_order",
    "source": "synthetic_agent",
    "symbol": "BTCUSDT",
    "exchange": "binance_usdm",
    "timestamp": "2024-05-01T00:00:00.084000Z",
    "sequence": 7,
    "scenario_id": "scenario-043-coordinated_burst",
    "agent_id": "agent-coordinated_burst-1",
    "order_id": "scenario-043-coordinated_burst-agent-coordinated_burst-1-7",
    "action": "new",
    "side": "sell",
    "price": 65029.9914,
    "quantity": 0.04,
    "remaining_quantity": 0.04
  },
  {
    "event_id": "4e8705b1dfedc2c4664ef08dc598c0e9102fb84b8c1bcf5f5ea02bd499e3a77a",
    "schema_version": "1.0.0",
    "event_type": "agent_order",
    "source": "synthetic_agent",
    "symbol": "BTCUSDT",
    "exchange": "binance_usdm",
    "timestamp": "2024-05-01T00:00:00.096000Z",
    "sequence": 8,
    "scenario_id": "scenario-043-coordinated_burst",
    "agent_id": "agent-coordinated_burst-2",
    "order_id": "scenario-043-coordinated_burst-agent-coordinated_burst-2-8",
    "action": "new",
    "side": "sell",
    "price": 65029.9914,
    "quantity": 0.04,
    "remaining_quantity": 0.04
  },
  {
    "event_id": "50f8bec3d7077d1d48d7ace9492d38a56c2f3dc182dcb83ede83fe1a92b4eab0",
    "schema_version": "1.0.0",
    "event_type": "agent_order",
    "source": "synthetic_agent",
    "symbol": "BTCUSDT",
    "exchange": "binance_usdm",
    "timestamp": "2024-05-01T00:00:00.108000Z",
    "sequence": 9,
    "scenario_id": "scenario-043-coordinated_burst",
    "agent_id": "agent-coordinated_burst-0",
    "order_id": "scenario-043-coordinated_burst-agent-coordinated_burst-0-9",
    "action": "new",
    "side": "buy",
    "price": 65056.0086,
    "quantity": 0.04,
    "remaining_quantity": 0.04
  },
  {
    "event_id": "7b9d4c3bf5eb2a195973b727429a548b1a60e3a1d0d3def66d43e504070da321",
    "schema_version": "1.0.0",
    "event_type": "agent_order",
    "source": "synthetic_agent",
    "symbol": "BTCUSDT",
    "exchange": "binance_usdm",
    "timestamp": "2024-05-01T00:00:01.200000Z",
    "sequence": 10,
    "scenario_id": "scenario-043-coordinated_burst",
    "agent_id": "agent-coordinated_burst-1",
    "order_id": "scenario-043-coordinated_burst-agent-coordinated_burst-1-10",
    "action": "new",
    "side": "sell",
    "price": 65029.9914,
    "quantity": 0.04,
    "remaining_quantity": 0.04
  },
  {
    "event_id": "52e8c52effc1a35b725ef0fa1fe009ac711fd296ef27cf5ba118c0b2f468514e",
    "schema_version": "1.0.0",
    "event_type": "agent_order",
    "source": "synthetic_agent",
    "symbol": "BTCUSDT",
    "exchange": "binance_usdm",
    "timestamp": "2024-05-01T00:00:00.132000Z",
    "sequence": 11,
    "scenario_id": "scenario-043-coordinated_burst",
    "agent_id": "agent-coordinated_burst-2",
    "order_id": "scenario-043-coordinated_burst-agent-coordinated_burst-2-11",
    "action": "new",
    "side": "sell",
    "price": 65029.9914,
    "quantity": 0.04,
    "remaining_quantity": 0.04
  },
  {
    "event_id": "90a78597d85228a2d1ec53f6dae56f8bbff28e325c3955febe39a3499b7d0e4c",
    "schema_version": "1.0.0",
    "event_type": "agent_order",
    "source": "synthetic_agent",
    "symbol": "BTCUSDT",
    "exchange": "binance_usdm",
    "timestamp": "2024-05-01T00:00:00.144000Z",
    "sequence": 12,
    "scenario_id": "scenario-043-coordinated_burst",
    "agent_id": "agent-coordinated_burst-0",
    "order_id": "scenario-043-coordinated_burst-agent-coordinated_burst-0-12",
    "action": "new",
    "side": "buy",
    "price": 65056.0086,
    "quantity": 0.04,
    "remaining_quantity": 0.04
  },
  {
    "event_id": "6d21cb0ffd8177e7ea3fb853e6ad54cf8366fe6396056e8601fb7ccfd79bc318",
    "schema_version": "1.0.0",
    "event_type": "agent_order",
    "source": "synthetic_agent",
    "symbol": "BTCUSDT",
    "exchange": "binance_usdm",
    "timestamp": "2024-05-01T00:00:00.156000Z",
    "sequence": 13,
    "scenario_id": "scenario-043-coordinated_burst",
    "agent_id": "agent-coordinated_burst-1",
    "order_id": "scenario-043-coordinated_burst-agent-coordinated_burst-1-13",
    "action": "new",
    "side": "sell",
    "price": 65029.9914,
    "quantity": 0.04,
    "remaining_quantity": 0.04
  },
  {
    "event_id": "0282f3df2c330d8d8ae9b45691f915577b38251ab74166bf9def847b21d2c415",
    "schema_version": "1.0.0",
    "event_type": "agent_order",
    "source": "synthetic_agent",
    "symbol": "BTCUSDT",
    "exchange": "binance_usdm",
    "timestamp": "2024-05-01T00:00:00.168000Z",
    "sequence": 14,
    "scenario_id": "scenario-043-coordinated_burst",
    "agent_id": "agent-coordinated_burst-2",
    "order_id": "scenario-043-coordinated_burst-agent-coordinated_burst-2-14",
    "action": "new",
    "side": "sell",
    "price": 65029.9914,
    "quantity": 0.04,
    "remaining_quantity": 0.04
  },
  {
    "event_id": "848e2651d9e15c45d3982cc00de7fd9926887a835dee9d2b3b6e8a805908b44b",
    "schema_version": "1.0.0",
    "event_type": "agent_order",
    "source": "synthetic_agent",
    "symbol": "BTCUSDT",
    "exchange": "binance_usdm",
    "timestamp": "2024-05-01T00:00:01.800000Z",
    "sequence": 15,
    "scenario_id": "scenario-043-coordinated_burst",
    "agent_id": "agent-coordinated_burst-0",
    "order_id": "scenario-043-coordinated_burst-agent-coordinated_burst-0-15",
    "action": "new",
    "side": "buy",
    "price": 65056.0086,
    "quantity": 0.04,
    "remaining_quantity": 0.04
  },
  {
    "event_id": "9e7ce04b8ec82a0b8c1235e7ab3e16976586bce61f5f271f5c370f91d27d1684",
    "schema_version": "1.0.0",
    "event_type": "agent_order",
    "source": "synthetic_agent",
    "symbol": "BTCUSDT",
    "exchange": "binance_usdm",
    "timestamp": "2024-05-01T00:00:00.192000Z",
    "sequence": 16,
    "scenario_id": "scenario-043-coordinated_burst",
    "agent_id": "agent-coordinated_burst-1",
    "order_id": "scenario-043-coordinated_burst-agent-coordinated_burst-1-16",
    "action": "new",
    "side": "sell",
    "price": 65029.9914,
    "quantity": 0.04,
    "remaining_quantity": 0.04
  },
  {
    "event_id": "40cc3c31840139637d67932c5a463986d47f8cc4efc8185cb41833e58d81964a",
    "schema_version": "1.0.0",
    "event_type": "agent_order",
    "source": "synthetic_agent",
    "symbol": "BTCUSDT",
    "exchange": "binance_usdm",
    "timestamp": "2024-05-01T00:00:00.204000Z",
    "sequence": 17,
    "scenario_id": "scenario-043-coordinated_burst",
    "agent_id": "agent-coordinated_burst-2",
    "order_id": "scenario-043-coordinated_burst-agent-coordinated_burst-2-17",
    "action": "new",
    "side": "sell",
    "price": 65029.9914,
    "quantity": 0.04,
    "remaining_quantity": 0.04
  },
  {
    "event_id": "73725eb577bfd825444e0b6555c3325029d6ae3d892f084ef6fd4134f85c4cb5",
    "schema_version": "1.0.0",
    "event_type": "agent_order",
    "source": "synthetic_agent",
    "symbol": "BTCUSDT",
    "exchange": "binance_usdm",
    "timestamp": "2024-05-01T00:00:00.216000Z",
    "sequence": 18,
    "scenario_id": "scenario-043-coordinated_burst",
    "agent_id": "agent-coordinated_burst-0",
    "order_id": "scenario-043-coordinated_burst-agent-coordinated_burst-0-18",
    "action": "new",
    "side": "buy",
    "price": 65056.0086,
    "quantity": 0.04,
    "remaining_quantity": 0.04
  },
  {
    "event_id": "45852e8f521a84a3d621dcfb4170c49e76a6fd712c870f095f1b31f15aee8df9",
    "schema_version": "1.0.0",
    "event_type": "agent_order",
    "source": "synthetic_agent",
    "symbol": "BTCUSDT",
    "exchange": "binance_usdm",
    "timestamp": "2024-05-01T00:00:00.228000Z",
    "sequence": 19,
    "scenario_id": "scenario-043-coordinated_burst",
    "agent_id": "agent-coordinated_burst-1",
    "order_id": "scenario-043-coordinated_burst-agent-coordinated_burst-1-19",
    "action": "new",
    "side": "sell",
    "price": 65029.9914,
    "quantity": 0.04,
    "remaining_quantity": 0.04
  },
  {
    "event_id": "dcc91ac339af516ac4d3f5ac2ae91be10d75c5965a6ff942b9bf1016f349fb74",
    "schema_version": "1.0.0",
    "event_type": "agent_order",
    "source": "synthetic_agent",
    "symbol": "BTCUSDT",
    "exchange": "binance_usdm",
    "timestamp": "2024-05-01T00:00:02.400000Z",
    "sequence": 20,
    "scenario_id": "scenario-043-coordinated_burst",
    "agent_id": "agent-coordinated_burst-2",
    "order_id": "scenario-043-coordinated_burst-agent-coordinated_burst-2-20",
    "action": "new",
    "side": "sell",
    "price": 65029.9914,
    "quantity": 0.04,
    "remaining_quantity": 0.04
  },
  {
    "event_id": "05ccd1214dc033e561ced8ec2222350c6328391b516e36a088c81cd6e34cea39",
    "schema_version": "1.0.0",
    "event_type": "agent_order",
    "source": "synthetic_agent",
    "symbol": "BTCUSDT",
    "exchange": "binance_usdm",
    "timestamp": "2024-05-01T00:00:00.252000Z",
    "sequence": 21,
    "scenario_id": "scenario-043-coordinated_burst",
    "agent_id": "agent-coordinated_burst-0",
    "order_id": "scenario-043-coordinated_burst-agent-coordinated_burst-0-21",
    "action": "new",
    "side": "buy",
    "price": 65056.0086,
    "quantity": 0.04,
    "remaining_quantity": 0.04
  },
  {
    "event_id": "a43b6297c19f4d6ddea0b56046408dc2d1b637b118f13d72814684b558987497",
    "schema_version": "1.0.0",
    "event_type": "agent_order",
    "source": "synthetic_agent",
    "symbol": "BTCUSDT",
    "exchange": "binance_usdm",
    "timestamp": "2024-05-01T00:00:00.264000Z",
    "sequence": 22,
    "scenario_id": "scenario-043-coordinated_burst",
    "agent_id": "agent-coordinated_burst-1",
    "order_id": "scenario-043-coordinated_burst-agent-coordinated_burst-1-22",
    "action": "new",
    "side": "sell",
    "price": 65029.9914,
    "quantity": 0.04,
    "remaining_quantity": 0.04
  },
  {
    "event_id": "556b37dd958f6bf7b74543b707515c7bf54c2e75052982e3f7c6c27f793bd75a",
    "schema_version": "1.0.0",
    "event_type": "agent_order",
    "source": "synthetic_agent",
    "symbol": "BTCUSDT",
    "exchange": "binance_usdm",
    "timestamp": "2024-05-01T00:00:00.276000Z",
    "sequence": 23,
    "scenario_id": "scenario-043-coordinated_burst",
    "agent_id": "agent-coordinated_burst-2",
    "order_id": "scenario-043-coordinated_burst-agent-coordinated_burst-2-23",
    "action": "new",
    "side": "sell",
    "price": 65029.9914,
    "quantity": 0.04,
    "remaining_quantity": 0.04
  },
  {
    "event_id": "f51c8b1007a8af5873f3101be9033389713e3e909f7104ff6bf38e80429eda05",
    "schema_version": "1.0.0",
    "event_type": "agent_order",
    "source": "synthetic_agent",
    "symbol": "BTCUSDT",
    "exchange": "binance_usdm",
    "timestamp": "2024-05-01T00:00:00.288000Z",
    "sequence": 24,
    "scenario_id": "scenario-043-coordinated_burst",
    "agent_id": "agent-coordinated_burst-0",
    "order_id": "scenario-043-coordinated_burst-agent-coordinated_burst-0-24",
    "action": "new",
    "side": "buy",
    "price": 65056.0086,
    "quantity": 0.04,
    "remaining_quantity": 0.04
  },
  {
    "event_id": "861ee77ac32816c4b6cc14903bf62f8f7731af67a1d1d80d918a6f1f512ed2c0",
    "schema_version": "1.0.0",
    "event_type": "agent_order",
    "source": "synthetic_agent",
    "symbol": "BTCUSDT",
    "exchange": "binance_usdm",
    "timestamp": "2024-05-01T00:00:03Z",
    "sequence": 25,
    "scenario_id": "scenario-043-coordinated_burst",
    "agent_id": "agent-coordinated_burst-1",
    "order_id": "scenario-043-coordinated_burst-agent-coordinated_burst-1-25",
    "action": "new",
    "side": "sell",
    "price": 65029.9914,
    "quantity": 0.04,
    "remaining_quantity": 0.04
  },
  {
    "event_id": "e079c4e55ae96851e5ea37a436b19e726d77b385a53e93e3874c8d536b8bc72c",
    "schema_version": "1.0.0",
    "event_type": "agent_order",
    "source": "synthetic_agent",
    "symbol": "BTCUSDT",
    "exchange": "binance_usdm",
    "timestamp": "2024-05-01T00:00:00.312000Z",
    "sequence": 26,
    "scenario_id": "scenario-043-coordinated_burst",
    "agent_id": "agent-coordinated_burst-2",
    "order_id": "scenario-043-coordinated_burst-agent-coordinated_burst-2-26",
    "action": "new",
    "side": "sell",
    "price": 65029.9914,
    "quantity": 0.04,
    "remaining_quantity": 0.04
  },
  {
    "event_id": "cc5f24ac7e639b209458d1fdc115504af2a1d96ba4b6a843ab29a6e950b7ed01",
    "schema_version": "1.0.0",
    "event_type": "agent_order",
    "source": "synthetic_agent",
    "symbol": "BTCUSDT",
    "exchange": "binance_usdm",
    "timestamp": "2024-05-01T00:00:00.324000Z",
    "sequence": 27,
    "scenario_id": "scenario-043-coordinated_burst",
    "agent_id": "agent-coordinated_burst-0",
    "order_id": "scenario-043-coordinated_burst-agent-coordinated_burst-0-27",
    "action": "new",
    "side": "buy",
    "price": 65056.0086,
    "quantity": 0.04,
    "remaining_quantity": 0.04
  },
  {
    "event_id": "9d89b0fc1b4ec78f0122d316789a582a2843945f76d2dfc0a72a51d3b78a0437",
    "schema_version": "1.0.0",
    "event_type": "agent_order",
    "source": "synthetic_agent",
    "symbol": "BTCUSDT",
    "exchange": "binance_usdm",
    "timestamp": "2024-05-01T00:00:00.336000Z",
    "sequence": 28,
    "scenario_id": "scenario-043-coordinated_burst",
    "agent_id": "agent-coordinated_burst-1",
    "order_id": "scenario-043-coordinated_burst-agent-coordinated_burst-1-28",
    "action": "new",
    "side": "sell",
    "price": 65029.9914,
    "quantity": 0.04,
    "remaining_quantity": 0.04
  },
  {
    "event_id": "66ef8fff42dcdce1102f0eabec3fc80eba81823124d8c9de112ab96ed481b73d",
    "schema_version": "1.0.0",
    "event_type": "agent_order",
    "source": "synthetic_agent",
    "symbol": "BTCUSDT",
    "exchange": "binance_usdm",
    "timestamp": "2024-05-01T00:00:00.348000Z",
    "sequence": 29,
    "scenario_id": "scenario-043-coordinated_burst",
    "agent_id": "agent-coordinated_burst-2",
    "order_id": "scenario-043-coordinated_burst-agent-coordinated_burst-2-29",
    "action": "new",
    "side": "sell",
    "price": 65029.9914,
    "quantity": 0.04,
    "remaining_quantity": 0.04
  }
]