[
  {
    "event_id": "1c09b11aa2fea30ce83baa04b06197b2e248b17669769adab90fd7bf8ce8bb95",
    "schema_version": "1.0.0",
    "event_type": "agent_order",
    "source": "synthetic_agent",
    "symbol": "BTCUSDT",
    "exchange": "binance_usdm",
    "timestamp": "2024-05-01T00:00:00Z",
    "sequence": 0,
    "scenario_id": "scenario-427-coordinated_burst",
    "agent_id": "agent-coordinated_burst-0",
    "order_id": "scenario-427-coordinated_burst-agent-coordinated_burst-0-0",
    "action": "new",
    "side": "buy",
    "price": 65440.085399999996,
    "quantity": 0.04,
    "remaining_quantity": 0.04
  },
  {
    "event_id": "d22db2f25710b26cca2b1becc077e59ce917a364b857099d7b959b78a03ceee3",
    "schema_version": "1.0.0",
    "event_type": "agent_order",
    "source": "synthetic_agent",
    "symbol": "BTCUSDT",
    "exchange": "binance_usdm",
    "timestamp": "2024-05-01T00:00:00.012000Z",
    "sequence": 1,
    "scenario_id": "scenario-427-coordinated_burst",
    "agent_id": "agent-coordinated_burst-1",
    "order_id": "scenario-427-coordinated_burst-agent-coordinated_burst-1-1",
    "action": "new",
    "side": "sell",
    "price": 65413.914600000004,
    "quantity": 0.04,
    "remaining_quantity": 0.04
  },
  {
    "event_id": "2c1ea9d666cd466739f263920aa83cc0ccf4dd1ccdf0f0c5296652aac5744c8a",
    "schema_version": "1.0.0",
    "event_type": "agent_order",
    "source": "synthetic_agent",
    "symbol": "BTCUSDT",
    "exchange": "binance_usdm",
    "timestamp": "2024-05-01T00:00:00.024000Z",
    "sequence": 2,
    "scenario_id": "scenario-427-coordinated_burst",
    "agent_id": "agent-coordinated_burst-2",
    "order_id": "scenario-427-coordinated_burst-agent-coordinated_burst-2-2",
    "action": "new",
    "side": "sell",
    "price": 65413.914600000004,
    "quantity": 0.04,
    "remaining_quantity": 0.04
  },
  {
    "event_id": "92579c1c8accb782f8afe5e3d40660fbebf861e036ac29e7c72a0f8c4d7b1006",
    "schema_version": "1.0.0",
    "event_type": "agent_order",
    "source": "synthetic_agent",
    "symbol": "BTCUSDT",
    "exchange": "binance_usdm",
    "timestamp": "2024-05-01T00:00:00.036000Z",
    "sequence": 3,
    "scenario_id": "scenario-427-coordinated_burst",
    "agent_id": "agent-coordinated_burst-0",
    "order_id": "scenario-427-coordinated_burst-agent-coordinated_burst-0-3",
    "action": "new",
    "side": "buy",
    "price": 65440.085399999996,
    "quantity": 0.04,
    "remaining_quantity": 0.04
  },
  {
    "event_id": "2afb4a53951ced64ce7da07322fe9b50fb050f6a5c3b04553888cf1861db5104",
    "schema_version": "1.0.0",
    "event_type": "agent_order",
    "source": "synthetic_agent",
    "symbol": "BTCUSDT",
    "exchange": "binance_usdm",
    "timestamp": "2024-05-01T00:00:00.048000Z",
    "sequence": 4,
    "scenario_id": "scenario-427-coordinated_burst",
    "agent_id": "agent-coordinated_burst-1",
    "order_id": "scenario-427-coordinated_burst-agent-coordinated_burst-1-4",
    "action": "new",
    "side": "sell",
    "price": 65413.914600000004,
    "quantity": 0.04,
    "remaining_quantity": 0.04
  },
  {
    "event_id": "0a54bc23b1b7cf3388bb4876b441f460dd89214cd8e8c52e387e2bc4d950ee61",
    "schema_version": "1.0.0",
    "event_type": "agent_order",
    "source": "synthetic_agent",
    "symbol": "BTCUSDT",
    "exchange": "binance_usdm",
    "timestamp": "2024-05-01T00:00:00.600000Z",
    "sequence": 5,
    "scenario_id": "scenario-427-coordinated_burst",
    "agent_id": "agent-coordinated_burst-2",
    "order_id": "scenario-427-coordinated_burst-agent-coordinated_burst-2-5",
    "action": "new",
    "side": "sell",
    "price": 65413.914600000004,
    "quantity": 0.04,
    "remaining_quantity": 0.04
  },
  {
    "event_id": "7a8a072e3d0dbfdedb4c02dfc6878692bb17eb35194cb3aa1a536cb60304fa58",
    "schema_version": "1.0.0",
    "event_type": "agent_order",
    "source": "synthetic_agent",
    "symbol": "BTCUSDT",
    "exchange": "binance_usdm",
    "timestamp": "2024-05-01T00:00:00.072000Z",
    "sequence": 6,
    "scenario_id": "scenario-427-coordinated_burst",
    "agent_id": "agent-coordinated_burst-0",
    "order_id": "scenario-427-coordinated_burst-agent-coordinated_burst-0-6",
    "action": "new",
    "side": "buy",
    "price": 65440.085399999996,
    "quantity": 0.04,
    "remaining_quantity": 0.04
  },
  {
    "event_id": "1a74833ec0c17d02ab8a1c2ffda916865aaa5845b58db58084e5cb1f03e13700",
    "schema_version": "1.0.0",
    "event_type": "agent_order",
    "source": "synthetic_agent",
    "symbol": "BTCUSDT",
    "exchange": "binance_usdm",
    "timestamp": "2024-05-01T00:00:00.084000Z",
    "sequence": 7,
    "scenario_id": "scenario-427-coordinated_burst",
    "agent_id": "agent-coordinated_burst-1",
    "order_id": "scenario-427-coordinated_burst-agent-coordinated_burst-1-7",
    "action": "new",
    "side": "sell",
    "price": 65413.914600000004,
    "quantity": 0.04,
    "remaining_quantity": 0.04
  },
  {
    "event_id": "4cd377276402646c507987fdf5187932949e59ed5f3fc5fe8c780ca7942b4204",
    "schema_version": "1.0.0",
    "event_type": "agent_order",
    "source": "synthetic_agent",
    "symbol": "BTCUSDT",
    "exchange": "binance_usdm",
    "timestamp": "2024-05-01T00:00:00.096000Z",
    "sequence": 8,
    "scenario_id": "scenario-427-coordinated_burst",
    "agent_id": "agent-coordinated_burst-2",
    "order_id": "scenario-427-coordinated_burst-agent-coordinated_burst-2-8",
    "action": "new",
    "side": "sell",
    "price": 65413.914600000004,
    "quantity": 0.04,
    "remaining_quantity": 0.04
  },
  {
    "event_id": "468cf859e106c2140405dd3b91fd90a570314f414c3f9d4f403c732105296827",
    "schema_version": "1.0.0",
    "event_type": "agent_order",
    "source": "synthetic_agent",
    "symbol": "BTCUSDT",
    "exchange": "binance_usdm",
    "timestamp": "2024-05-01T00:00:00.108000Z",
    "sequence": 9,
    "scenario_id": "scenario-427-coordinated_burst",
    "agent_id": "agent-coordinated_burst-0",
    "order_id": "scenario-427-coordinated_burst-agent-coordinated_burst-0-9",
    "action": "new",
    "side": "buy",
    "price": 65440.085399999996,
    "quantity": 0.04,
    "remaining_quantity": 0.04
  },
  {
    "event_id": "55b6b730a397196a633a0e784d94181e7039ccd65b45b2a1d0cfaba011986fef",
    "schema_version": "1.0.0",
    "event_type": "agent_order",
    "source": "synthetic_agent",
    "symbol": "BTCUSDT",
    "exchange": "binance_usdm",
    "timestamp": "2024-05-01T00:00:01.200000Z",
    "sequence": 10,
    "scenario_id": "scenario-427-coordinated_burst",
    "agent_id": "agent-coordinated_burst-1",
    "order_id": "scenario-427-coordinated_burst-agent-coordinated_burst-1-10",
    "action": "new",
    "side": "sell",
    "price": 65413.914600000004,
    "quantity": 0.04,
    "remaining_quantity": 0.04
  },
  {
    "event_id": "ddd27d26502387494ec468016f7bab23a04bbafe260451b7a26bd31746b1fb8f",
    "schema_version": "1.0.0",
    "event_type": "agent_order",
    "source": "synthetic_agent",
    "symbol": "BTCUSDT",
    "exchange": "binance_usdm",
    "timestamp": "2024-05-01T00:00:00.132000Z",
    "sequence": 11,
    "scenario_id": "scenario-427-coordinated_burst",
    "agent_id": "agent-coordinated_burst-2",
    "order_id": "scenario-427-coordinated_burst-agent-coordinated_burst-2-11",
    "action": "new",
    "side": "sell",
    "price": 65413.914600000004,
    "quantity": 0.04,
    "remaining_quantity": 0.04
  },
  {
    "event_id": "fc9bc71b3828a969322314b46aac4de1db813eaab6f9eae62a616e1686512f18",
    "schema_version": "1.0.0",
    "event_type": "agent_order",
    "source": "synthetic_agent",
    "symbol": "BTCUSDT",
    "exchange": "binance_usdm",
    "timestamp": "2024-05-01T00:00:00.144000Z",
    "sequence": 12,
    "scenario_id": "scenario-427-coordinated_burst",
    "agent_id": "agent-coordinated_burst-0",
    "order_id": "scenario-427-coordinated_burst-agent-coordinated_burst-0-12",
    "action": "new",
    "side": "buy",
    "price": 65440.085399999996,
    "quantity": 0.04,
    "remaining_quantity": 0.04
  },
  {
    "event_id": "8899c3cd55f31ab6cc9a3be24d320031f46500e12f8ea82aa4dde50080eb1ce4",
    "schema_version": "1.0.0",
    "event_type": "agent_order",
    "source": "synthetic_agent",
    "symbol": "BTCUSDT",
    "exchange": "binance_usdm",
    "timestamp": "2024-05-01T00:00:00.156000Z",
    "sequence": 13,
    "scenario_id": "scenario-427-coordinated_burst",
    "agent_id": "agent-coordinated_burst-1",
    "order_id": "scenario-427-coordinated_burst-agent-coordinated_burst-1-13",
    "action": "new",
    "side": "sell",
    "price": 65413.914600000004,
    "quantity": 0.04,
    "remaining_quantity": 0.04
  },
  {
    "event_id": "a2f7d67b518f5bbe62e8cc3d63d5635a5925d553fcb2166bb0f65c52c172ba87",
    "schema_version": "1.0.0",
    "event_type": "agent_order",
    "source": "synthetic_agent",
    "symbol": "BTCUSDT",
    "exchange": "binance_usdm",
    "timestamp": "2024-05-01T00:00:00.168000Z",
    "sequence": 14,
    "scenario_id": "scenario-427-coordinated_burst",
    "agent_id": "agent-coordinated_burst-2",
    "order_id": "scenario-427-coordinated_burst-agent-coordinated_burst-2-14",
    "action": "new",
    "side": "sell",
    "price": 65413.914600000004,
    "quantity": 0.04,
    "remaining_quantity": 0.04
  },
  {
    "event_id": "876c57555f9e585e4365a7b1441fbd7a8d64766d4c4101e17df7856794bedcc0",
    "schema_version": "1.0.0",
    "event_type": "agent_order",
    "source": "synthetic_agent",
    "symbol": "BTCUSDT",
    "exchange": "binance_usdm",
    "timestamp": "2024-05-01T00:00:01.800000Z",
    "sequence": 15,
    "scenario_id": "scenario-427-coordinated_burst",
    "agent_id": "agent-coordinated_burst-0",
    "order_id": "scenario-427-coordinated_burst-agent-coordinated_burst-0-15",
    "action": "new",
    "side": "buy",
    "price": 65440.085399999996,
    "quantity": 0.04,
    "remaining_quantity": 0.04
  },
  {
    "event_id": "747a6f4facaefdbae9d4deea8b11ae7b724e70d6891befd69dcfce034e5db50c",
    "schema_version": "1.0.0",
    "event_type": "agent_order",
    "source": "synthetic_agent",
    "symbol": "BTCUSDT",
    "exchange": "binance_usdm",
    "timestamp": "2024-05-01T00:00:00.192000Z",
    "sequence": 16,
    "scenario_id": "scenario-427-coordinated_burst",
    "agent_id": "agent-coordinated_burst-1",
    "order_id": "scenario-427-coordinated_burst-agent-coordinated_burst-1-16",
    "action": "new",
    "side": "sell",
    "price": 65413.914600000004,
    "quantity": 0.04,
    "remaining_quantity": 0.04
  },
  {
    "event_id": "a296ed6f4df515307b9970a4ae1c9d07ddb7ae8c484bd91fae1c6a0fa6fe8ea2",
    "schema_version": "1.0.0",
    "event_type": "agent_order",
    "source": "synthetic_agent",
    "symbol": "BTCUSDT",
    "exchange": "binance_usdm",
    "timestamp": "2024-05-01T00:00:00.204000Z",
    "sequence": 17,
    "scenario_id": "scenario-427-coordinated_burst",
    "agent_id": "agent-coordinated_burst-2",
    "order_id": "scenario-427-coordinated_burst-agent-coordinated_burst-2-17",
    "action": "new",
    "side": "sell",
    "price": 65413.914600000004,
    "quantity": 0.04,
    "remaining_quantity": 0.04
  },
  {
    "event_id": "9802f3099ef157e32224924dc2886e618eaae2f477bb860ece99c0706750dc55",
    "schema_version": "1.0.0",
    "event_type": "agent_order",
    "source": "synthetic_agent",
    "symbol": "BTCUSDT",
    "exchange": "binance_usdm",
    "timestamp": "2024-05-01T00:00:00.216000Z",
    "sequence": 18,
    "scenario_id": "scenario-427-coordinated_burst",
    "agent_id": "agent-coordinated_burst-0",
    "order_id": "scenario-427-coordinated_burst-agent-coordinated_burst-0-18",
    "action": "new",
    "side": "buy",
    "price": 65440.085399999996,
    "quantity": 0.04,
    "remaining_quantity": 0.04
  },
  {
    "event_id": "0aaf77d3ba4afa1aec8558acd6baa944ea79e28c78c456692d1dffc56af701fe",
    "schema_version": "1.0.0",
    "event_type": "agent_order",
    "source": "synthetic_agent",
    "symbol": "BTCUSDT",
    "exchange": "binance_usdm",
    "timestamp": "2024-05-01T00:00:00.228000Z",
    "sequence": 19,
    "scenario_id": "scenario-427-coordinated_burst",
    "agent_id": "agent-coordinated_burst-1",
    "order_id": "scenario-427-coordinated_burst-agent-coordinated_burst-1-19",
    "action": "new",
    "side": "sell",
    "price": 65413.914600000004,
    "quantity": 0.04,
    "remaining_quantity": 0.04
  },
  {
    "event_id": "4f3210aabd2e8b22d076113eeb29adf28fd376a071b0eff776fe136b2fa16070",
    "schema_version": "1.0.0",
    "event_type": "agent_order",
    "source": "synthetic_agent",
    "symbol": "BTCUSDT",
    "exchange": "binance_usdm",
    "timestamp": "2024-05-01T00:00:02.400000Z",
    "sequence": 20,
    "scenario_id": "scenario-427-coordinated_burst",
    "agent_id": "agent-coordinated_burst-2",
    "order_id": "scenario-427-coordinated_burst-agent-coordinated_burst-2-20",
    "action": "new",
    "side": "sell",
    "price": 65413.914600000004,
    "quantity": 0.04,
    "remaining_quantity": 0.04
  },
  {
    "event_id": "a6e36b6ef7197c6b1579e397b0fc804c1f670f1254f7e433a4e7606e7801933c",
    "schema_version": "1.0.0",
    "event_type": "agent_order",
    "source": "synthetic_agent",
    "symbol": "BTCUSDT",
    "exchange": "binance_usdm",
    "timestamp": "2024-05-01T00:00:00.252000Z",
    "sequence": 21,
    "scenario_id": "scenario-427-coordinated_burst",
    "agent_id": "agent-coordinated_burst-0",
    "order_id": "scenario-427-coordinated_burst-agent-coordinated_burst-0-21",
    "action": "new",
    "side": "buy",
    "price": 65440.085399999996,
    "quantity": 0.04,
    "remaining_quantity": 0.04
  },
  {
    "event_id": "a6aaf3972d3ce2a3409c08c9fded30b2677f7951daa3014c90dd02748e9a28ee",
    "schema_version": "1.0.0",
    "event_type": "agent_order",
    "source": "synthetic_agent",
    "symbol": "BTCUSDT",
    "exchange": "binance_usdm",
    "timestamp": "2024-05-01T00:00:00.264000Z",
    "sequence": 22,
    "scenario_id": "scenario-427-coordinated_burst",
    "agent_id": "agent-coordinated_burst-1",
    "order_id": "scenario-427-coordinated_burst-agent-coordinated_burst-1-22",
    "action": "new",
    "side": "sell",
    "price": 65413.914600000004,
    "quantity": 0.04,
    "remaining_quantity": 0.04
  },
  {
    "event_id": "5484e33645c78267b89f6b5f359567443a5350e80f71609d1015927fa565926d",
    "schema_version": "1.0.0",
    "event_type": "agent_order",
    "source": "synthetic_agent",
    "symbol": "BTCUSDT",
    "exchange": "binance_usdm",
    "timestamp": "2024-05-01T00:00:00.276000Z",
    "sequence": 23,
    "scenario_id": "scenario-427-coordinated_burst",
    "agent_id": "agent-coordinated_burst-2",
    "order_id": "scenario-427-coordinated_burst-agent-coordinated_burst-2-23",
    "action": "new",
    "side": "sell",
    "price": 65413.914600000004,
    "quantity": 0.04,
    "remaining_quantity": 0.04
  },
  {
    "event_id": "999c847cfb08f0324e116df872aa252431806edbf2f2ff8860de493d20b5cfe3",
    "schema_version": "1.0.0",
    "event_type": "agent_order",
    "source": "synthetic_agent",
    "symbol": "BTCUSDT",
    "exchange": "binance_usdm",
    "timestamp": "2024-05-01T00:00:00.288000Z",
    "sequence": 24,
    "scenario_id": "scenario-427-coordinated_burst",
    "agent_id": "agent-coordinated_burst-0",
    "order_id": "scenario-427-coordinated_burst-agent-coordinated_burst-0-24",
    "action": "new",
    "side": "buy",
    "price": 65440.085399999996,
    "quantity": 0.04,
    "remaining_quantity": 0.04
  },
  {
    "event_id": "1ea50eef2daeb1bedb52581d71b03d6ddce60356190e2cad2af4235fdaedd939",
    "schema_version": "1.0.0",
    "event_type": "agent_order",
    "source": "synthetic_agent",
    "symbol": "BTCUSDT",
    "exchange": "binance_usdm",
    "timestamp": "2024-05-01T00:00:03Z",
    "sequence": 25,
    "scenario_id": "scenario-427-coordinated_burst",
    "agent_id": "agent-coordinated_burst-1",
    "order_id": "scenario-427-coordinated_burst-agent-coordinated_burst-1-25",
    "action": "new",
    "side": "sell",
    "price": 65413.914600000004,
    "quantity": 0.04,
    "remaining_quantity": 0.04
  },
  {
    "event_id": "1db5d6f80f89675f513e54be6a689a1250ac8672c1fc66d650a7067a06a64425",
    "schema_version": "1.0.0",
    "event_type": "agent_order",
    "source": "synthetic_agent",
    "symbol": "BTCUSDT",
    "exchange": "binance_usdm",
    "timestamp": "2024-05-01T00:00:00.312000Z",
    "sequence": 26,
    "scenario_id": "scenario-427-coordinated_burst",
    "agent_id": "agent-coordinated_burst-2",
    "order_id": "scenario-427-coordinated_burst-agent-coordinated_burst-2-26",
    "action": "new",
    "side": "sell",
    "price": 65413.914600000004,
    "quantity": 0.04,
    "remaining_quantity": 0.04
  },
  {
    "event_id": "c526b4377cb7ac185b798ca69e0b884dee2d22add52ea975e423a46fd0b7d812",
    "schema_version": "1.0.0",
    "event_type": "agent_order",
    "source": "synthetic_agent",
    "symbol": "BTCUSDT",
    "exchange": "binance_usdm",
    "timestamp": "2024-05-01T00:00:00.324000Z",
    "sequence": 27,
    "scenario_id": "scenario-427-coordinated_burst",
    "agent_id": "agent-coordinated_burst-0",
    "order_id": "scenario-427-coordinated_burst-agent-coordinated_burst-0-27",
    "action": "new",
    "side": "buy",
    "price": 65440.085399999996,
    "quantity": 0.04,
    "remaining_quantity": 0.04
  },
  {
    "event_id": "692b8bdf48f1277c31a3e0d9db8975659a2f073a732e28bcfd27b1743b5bf582",
    "schema_version": "1.0.0",
    "event_type": "agent_order",
    "source": "synthetic_agent",
    "symbol": "BTCUSDT",
    "exchange": "binance_usdm",
    "timestamp": "2024-05-01T00:00:00.336000Z",
    "sequence": 28,
    "scenario_id": "scenario-427-coordinated_burst",
    "agent_id": "agent-coordinated_burst-1",
    "order_id": "scenario-427-coordinated_burst-agent-coordinated_burst-1-28",
    "action": "new",
    "side": "sell",
    "price": 65413.914600000004,
    "quantity": 0.04,
    "remaining_quantity": 0.04
  },
  {
    "event_id": "8b175146275ed6dc6389277fa703832f91a78faaa6b433acd7a74a8478547401",
    "schema_version": "1.0.0",
    "event_type": "agent_order",
    "source": "synthetic_agent",
    "symbol": "BTCUSDT",
    "exchange": "binance_usdm",
    "timestamp": "2024-05-01T00:00:00.348000Z",
    "sequence": 29,
    "scenario_id": "scenario-427-coordinated_burst",
    "agent_id": "agent-coordinated_burst-2",
    "order_id": "scenario-427-coordinated_burst-agent-coordinated_burst-2-29",
    "action": "new",
    "side": "sell",
    "price": 65413.914600000004,
    "quantity": 0.04,
    "remaining_quantity": 0.04
  }
]