[
  {
    "event_id": "df781e70cf5a230c1fea3f28ed2a4a9416e071549dd1c3ed672ed57ffc3755d1",
    "schema_version": "1.0.0",
    "event_type": "agent_order",
    "source": "synthetic_agent",
    "symbol": "BTCUSDT",
    "exchange": "binance_usdm",
    "timestamp": "2024-05-01T00:00:00Z",
    "sequence": 0,
    "scenario_id": "scenario-369-stop_run_sweep",
    "agent_id": "agent-stop_run_sweep",
    "order_id": "scenario-369-stop_run_sweep-agent-stop_run_sweep-0",
    "action": "new",
    "side": "buy",
    "price": 65434.36899999999,
    "quantity": 0.06,
    "remaining_quantity": 0.06
  },
  {
    "event_id": "e11fa66a57b10a0a6d33116b9b59205e7a3d44d626a2e0c2ab9e17aa2e2c90b3",
    "schema_version": "1.0.0",
    "event_type": "agent_order",
    "source": "synthetic_agent",
    "symbol": "BTCUSDT",
    "exchange": "binance_usdm",
    "timestamp": "2024-05-01T00:00:00.030000Z",
    "sequence": 1,
    "scenario_id": "scenario-369-stop_run_sweep",
    "agent_id": "agent-stop_run_sweep",
    "order_id": "scenario-369-stop_run_sweep-agent-stop_run_sweep-1",
    "action": "new",
    "side": "buy",
    "price": 65437.63745,
    "quantity": 0.06,
    "remaining_quantity": 0.06
  },
  {
    "event_id": "e5cfeaf449e325d92902b1b3e0c0194436fbdfc2de304e9404a17d5cd08bf3fa",
    "schema_version": "1.0.0",
    "event_type": "agent_order",
    "source": "synthetic_agent",
    "symbol": "BTCUSDT",
    "exchange": "binance_usdm",
    "timestamp": "2024-05-01T00:00:00.060000Z",
    "sequence": 2,
    "scenario_id": "scenario-369-stop_run_sweep",
    "agent_id": "agent-stop_run_sweep",
    "order_id": "scenario-369-stop_run_sweep-agent-stop_run_sweep-2",
    "action": "new",
    "side": "buy",
    "price": 65440.90589999999,
    "quantity": 0.06,
    "remaining_quantity": 0.06
  },
  {
    "event_id": "70f4ea918bc568bfbc88a44318e48944688b451132630d983c88654079d49d72",
    "schema_version": "1.0.0",
    "event_type": "agent_order",
    "source": "synthetic_agent",
    "symbol": "BTCUSDT",
    "exchange": "binance_usdm",
    "timestamp": "2024-05-01T00:00:00.090000Z",
    "sequence": 3,
    "scenario_id": "scenario-369-stop_run_sweep",
    "agent_id": "agent-stop_run_sweep",
    "order_id": "scenario-369-stop_run_sweep-agent-stop_run_sweep-3",
    "action": "new",
    "side": "buy",
    "price": 65444.17435,
    "quantity": 0.06,
    "remaining_quantity": 0.06
  },
  {
    "event_id": "3b9eeecc3d1b9a5b6df82fb84dc06789009bcea954b185d83e5f69f803cc5afd",
    "schema_version": "1.0.0",
    "event_type": "agent_order",
    "source": "synthetic_agent",
    "symbol": "BTCUSDT",
    "exchange": "binance_usdm",
    "timestamp": "2024-05-01T00:00:00.120000Z",
    "sequence": 4,
    "scenario_id": "scenario-369-stop_run_sweep",
    "agent_id": "agent-stop_run_sweep",
    "order_id": "scenario-369-stop_run_sweep-agent-stop_run_sweep-4",
    "action": "new",
    "side": "buy",
    "price": 65447.44279999999,
    "quantity": 0.06,
    "remaining_quantity": 0.06
  },
  {
    "event_id": "8753f6e487fec029e4626c453267e82b210ee3d56cec79ad686139ed4a5de85e",
    "schema_version": "1.0.0",
    "event_type": "agent_order",
    "source": "synthetic_agent",
    "symbol": "BTCUSDT",
    "exchange": "binance_usdm",
    "timestamp": "2024-05-01T00:00:00.150000Z",
    "sequence": 5,
    "scenario_id": "scenario-369-stop_run_sweep",
    "agent_id": "agent-stop_run_sweep",
    "order_id": "scenario-369-stop_run_sweep-agent-stop_run_sweep-5",
    "action": "new",
    "side": "buy",
    "price": 65450.71125,
    "quantity": 0.06,
    "remaining_quantity": 0.06
  },
  {
    "event_id": "efcbe16586efa1e527f45a029bacf1487a3e53ce8373fb468d397804bb695a90",
    "schema_version": "1.0.0",
    "event_type": "agent_order",
    "source": "synthetic_agent",
    "symbol": "BTCUSDT",
    "exchange": "binance_usdm",
    "timestamp": "2024-05-01T00:00:00.180000Z",
    "sequence": 6,
    "scenario_id": "scenario-369-stop_run_sweep",
    "agent_id": "agent-stop_run_sweep",
    "order_id": "scenario-369-stop_run_sweep-agent-stop_run_sweep-6",
    "action": "new",
    "side": "buy",
    "price": 65453.97969999999,
    "quantity": 0.06,
    "remaining_quantity": 0.06
  },
  {
    "event_id": "214be41b270e3df68e01e0e3ae79548ccad7a5137c66e50b446d8116e89ed163",
    "schema_version": "1.0.0",
    "event_type": "agent_order",
    "source": "synthetic_agent",
    "symbol": "BTCUSDT",
    "exchange": "binance_usdm",
    "timestamp": "2024-05-01T00:00:00.210000Z",
    "sequence": 7,
    "scenario_id": "scenario-369-stop_run_sweep",
    "agent_id": "agent-stop_run_sweep",
    "order_id": "scenario-369-stop_run_sweep-agent-stop_run_sweep-7",
    "action": "new",
    "side": "buy",
    "price": 65457.24815,
    "quantity": 0.06,
    "remaining_quantity": 0.06
  },
  {
    "event_id": "658aef4d0581d65cc9229045905793d34f0d0d2fa277fdf3724c9cb6df24a306",
    "schema_version": "1.0.0",
    "event_type": "agent_order",
    "source": "synthetic_agent",
    "symbol": "BTCUSDT",
    "exchange": "binance_usdm",
    "timestamp": "2024-05-01T00:00:00.240000Z",
    "sequence": 8,
    "scenario_id": "scenario-369-stop_run_sweep",
    "agent_id": "agent-stop_run_sweep",
    "order_id": "scenario-369-stop_run_sweep-agent-stop_run_sweep-8",
    "action": "new",
    "side": "buy",
    "price": 65460.51659999999,
    "quantity": 0.06,
    "remaining_quantity": 0.06
  },
  {
    "event_id": "f8fa0f6649a2e26e3d50ecee851fa12adb523cfe281054e3818bfe1fb281eba1",
    "schema_version": "1.0.0",
    "event_type": "agent_order",
    "source": "synthetic_agent",
    "symbol": "BTCUSDT",
    "exchange": "binance_usdm",
    "timestamp": "2024-05-01T00:00:00.270000Z",
    "sequence": 9,
    "scenario_id": "scenario-369-stop_run_sweep",
    "agent_id": "agent-stop_run_sweep",
    "order_id": "scenario-369-stop_run_sweep-agent-stop_run_sweep-9",
    "action": "new",
    "side": "buy",
    "price": 65463.78505,
    "quantity": 0.06,
    "remaining_quantity": 0.06
  },
  {
    "event_id": "6802febc296d7eb0e84b42a293fb3bfa661ff10b9a744bf26587f8f60035292a",
    "schema_version": "1.0.0",
    "event_type": "agent_order",
    "source": "synthetic_agent",
    "symbol": "BTCUSDT",
    "exchange": "binance_usdm",
    "timestamp": "2024-05-01T00:00:00.300000Z",
    "sequence": 10,
    "scenario_id": "scenario-369-stop_run_sweep",
    "agent_id": "agent-stop_run_sweep",
    "order_id": "scenario-369-stop_run_sweep-agent-stop_run_sweep-10",
    "action": "new",
    "side": "buy",
    "price": 65467.05349999999,
    "quantity": 0.06,
    "remaining_quantity": 0.06
  },
  {
    "event_id": "d66e3dc3c41262ec287c73b5782ae04b33e0de039a87ae5d2d8caddbd707c5e3",
    "schema_version": "1.0.0",
    "event_type": "agent_order",
    "source": "synthetic_agent",
    "symbol": "BTCUSDT",
    "exchange": "binance_usdm",
    "timestamp": "2024-05-01T00:00:00.330000Z",
    "sequence": 11,
    "scenario_id": "scenario-369-stop_run_sweep",
    "agent_id": "agent-stop_run_sweep",
    "order_id": "scenario-369-stop_run_sweep-agent-stop_run_sweep-11",
    "action": "new",
    "side": "buy",
    "price": 65470.32195,
    "quantity": 0.06,
    "remaining_quantity": 0.06
  },
  {
    "event_id": "68e8dd26e428e8f2c73298acd3312a4fd3118927eb25cbf2e2d4ef0389989206",
    "schema_version": "1.0.0",
    "event_type": "agent_order",
    "source": "synthetic_agent",
    "symbol": "BTCUSDT",
    "exchange": "binance_usdm",
    "timestamp": "2024-05-01T00:00:00.360000Z",
    "sequence": 12,
    "scenario_id": "scenario-369-stop_run_sweep",
    "agent_id": "agent-stop_run_sweep",
    "order_id": "scenario-369-stop_run_sweep-agent-stop_run_sweep-12",
    "action": "new",
    "side": "buy",
    "price": 65473.59039999999,
    "quantity": 0.06,
    "remaining_quantity": 0.06
  },
  {
    "event_id": "65742f0d30f5655877011d882d954ff99131dd92713499594094f90e037907bd",
    "schema_version": "1.0.0",
    "event_type": "agent_order",
    "source": "synthetic_agent",
    "symbol": "BTCUSDT",
    "exchange": "binance_usdm",
    "timestamp": "2024-05-01T00:00:00.390000Z",
    "sequence": 13,
    "scenario_id": "scenario-369-stop_run_sweep",
    "agent_id": "agent-stop_run_sweep",
    "order_id": "scenario-369-stop_run_sweep-agent-stop_run_sweep-13",
    "action": "new",
    "side": "buy",
    "price": 65476.85885,
    "quantity": 0.06,
    "remaining_quantity": 0.06
  },
  {
    "event_id": "db047d6a843d43bf81ffb8a7ad13ebb0c6a0037bf23a196968dcc32e4f8e9758",
    "schema_version": "1.0.0",
    "event_type": "agent_order",
    "source": "synthetic_agent",
    "symbol": "BTCUSDT",
    "exchange": "binance_usdm",
    "timestamp": "2024-05-01T00:00:00.420000Z",
    "sequence": 14,
    "scenario_id": "scenario-369-stop_run_sweep",
    "agent_id": "agent-stop_run_sweep",
    "order_id": "scenario-369-stop_run_sweep-agent-stop_run_sweep-14",
    "action": "new",
    "side": "buy",
    "price": 65480.127299999986,
    "quantity": 0.06,
    "remaining_quantity": 0.06
  },
  {
    "event_id": "caa904c4e54b10c308a783736350a8f6092f67bf9e0e78b40f7cad167efadfed",
    "schema_version": "1.0.0",
    "event_type": "agent_order",
    "source": "synthetic_agent",
    "symbol": "BTCUSDT",
    "exchange": "binance_usdm",
    "timestamp": "2024-05-01T00:00:00.450000Z",
    "sequence": 15,
    "scenario_id": "scenario-369-stop_run_sweep",
    "agent_id": "agent-stop_run_sweep",
    "order_id": "scenario-369-stop_run_sweep-agent-stop_run_sweep-15",
    "action": "new",
    "side": "buy",
    "price": 65483.395749999996,
    "quantity": 0.06,
    "remaining_quantity": 0.06
  },
  {
    "event_id": "dd559fbba97ea08e255b6b2d91d527d17b8d1353dbe6bbc447292953272f02be",
    "schema_version": "1.0.0",
    "event_type": "agent_order",
    "source": "synthetic_agent",
    "symbol": "BTCUSDT",
    "exchange": "binance_usdm",
    "timestamp": "2024-05-01T00:00:00.480000Z",
    "sequence": 16,
    "scenario_id": "scenario-369-stop_run_sweep",
    "agent_id": "agent-stop_run_sweep",
    "order_id": "scenario-369-stop_run_sweep-agent-stop_run_sweep-16",
    "action": "new",
    "side": "buy",
    "price": 65486.664199999985,
    "quantity": 0.06,
    "remaining_quantity": 0.06
  },
  {
    "event_id": "e573d3f387c0ff6684e51948c9ccaabe749ca5b21a8f23096888ff44fae8e63f",
    "schema_version": "1.0.0",
    "event_type": "agent_order",
    "source": "synthetic_agent",
    "symbol": "BTCUSDT",
    "exchange": "binance_usdm",
    "timestamp": "2024-05-01T00:00:00.510000Z",
    "sequence": 17,
    "scenario_id": "scenario-369-stop_run_sweep",
    "agent_id": "agent-stop_run_sweep",
    "order_id": "scenario-369-stop_run_sweep-agent-stop_run_sweep-17",
    "action": "new",
    "side": "buy",
    "price": 65489.932649999995,
    "quantity": 0.06,
    "remaining_quantity": 0.06
  },
  {
    "event_id": "981a4d0ce846ff5c0fab59879a21a27d7aaa008e1486d0ccf50287f07c8f9006",
    "schema_version": "1.0.0",
    "event_type": "agent_order",
    "source": "synthetic_agent",
    "symbol": "BTCUSDT",
    "exchange": "binance_usdm",
    "timestamp": "2024-05-01T00:00:00.540000Z",
    "sequence": 18,
    "scenario_id": "scenario-369-stop_run_sweep",
    "agent_id": "agent-stop_run_sweep",
    "order_id": "scenario-369-stop_run_sweep-agent-stop_run_sweep-18",
    "action": "new",
    "side": "buy",
    "price": 65493.201099999984,
    "quantity": 0.06,
    "remaining_quantity": 0.06
  },
  {
    "event_id": "4bd5ea987ad8e0803b9cbf0f2af72a8f2faa801bef8dd3b694d2f4c016787673",
    "schema_version": "1.0.0",
    "event_type": "agent_order",
    "source": "synthetic_agent",
    "symbol": "BTCUSDT",
    "exchange": "binance_usdm",
    "timestamp": "2024-05-01T00:00:00.570000Z",
    "sequence": 19,
    "scenario_id": "scenario-369-stop_run_sweep",
    "agent_id": "agent-stop_run_sweep",
    "order_id": "scenario-369-stop_run_sweep-agent-stop_run_sweep-19",
    "action": "new",
    "side": "buy",
    "price": 65496.469549999994,
    "quantity": 0.06,
    "remaining_quantity": 0.06
  },
  {
    "event_id": "cdc1acb1465a5c66b4b34c130b905c29da7385caf5a79baf850830eeee684951",
    "schema_version": "1.0.0",
    "event_type": "agent_order",
    "source": "synthetic_agent",
    "symbol": "BTCUSDT",
    "exchange": "binance_usdm",
    "timestamp": "2024-05-01T00:00:00.600000Z",
    "sequence": 20,
    "scenario_id": "scenario-369-stop_run_sweep",
    "agent_id": "agent-stop_run_sweep",
    "order_id": "scenario-369-stop_run_sweep-agent-stop_run_sweep-20",
    "action": "new",
    "side": "buy",
    "price": 65499.73799999998,
    "quantity": 0.06,
    "remaining_quantity": 0.06
  },
  {
    "event_id": "56341b792fa93a7eae839635ddbc40cbed413c7a3c92a4961977038ac2ee70a8",
    "schema_version": "1.0.0",
    "event_type": "agent_order",
    "source": "synthetic_agent",
    "symbol": "BTCUSDT",
    "exchange": "binance_usdm",
    "timestamp": "2024-05-01T00:00:00.630000Z",
    "sequence": 21,
    "scenario_id": "scenario-369-stop_run_sweep",
    "agent_id": "agent-stop_run_sweep",
    "order_id": "scenario-369-stop_run_sweep-agent-stop_run_sweep-21",
    "action": "new",
    "side": "buy",
    "price": 65503.00644999999,
    "quantity": 0.06,
    "remaining_quantity": 0.06
  },
  {
    "event_id": "4db0833b74085a843d3724e0af551b00ecdfc488225f28d73a080f6769402813",
    "schema_version": "1.0.0",
    "event_type": "agent_order",
    "source": "synthetic_agent",
    "symbol": "BTCUSDT",
    "exchange": "binance_usdm",
    "timestamp": "2024-05-01T00:00:00.660000Z",
    "sequence": 22,
    "scenario_id": "scenario-369-stop_run_sweep",
    "agent_id": "agent-stop_run_sweep",
    "order_id": "scenario-369-stop_run_sweep-agent-stop_run_sweep-22",
    "action": "new",
    "side": "buy",
    "price": 65506.2749,
    "quantity": 0.06,
    "remaining_quantity": 0.06
  },
  {
    "event_id": "c032ec53602b5a09b65e80e4da7d16d1e75b7a9e25d22f800a7d3f14a35f49fa",
    "schema_version": "1.0.0",
    "event_type": "agent_order",
    "source": "synthetic_agent",
    "symbol": "BTCUSDT",
    "exchange": "binance_usdm",
    "timestamp": "2024-05-01T00:00:00.690000Z",
    "sequence": 23,
    "scenario_id": "scenario-369-stop_run_sweep",
    "agent_id": "agent-stop_run_sweep",
    "order_id": "scenario-369-stop_run_sweep-agent-stop_run_sweep-23",
    "action": "new",
    "side": "buy",
    "price": 65509.54334999999,
    "quantity": 0.06,
    "remaining_quantity": 0.06
  },
  {
    "event_id": "3b27f97c7ed9bfff919ade7483650c7fd769bb4a7e247f993869bcfc65856207",
    "schema_version": "1.0.0",
    "event_type": "agent_order",
    "source": "synthetic_agent",
    "symbol": "BTCUSDT",
    "exchange": "binance_usdm",
    "timestamp": "2024-05-01T00:00:00.720000Z",
    "sequence": 24,
    "scenario_id": "scenario-369-stop_run_sweep",
    "agent_id": "agent-stop_run_sweep",
    "order_id": "scenario-369-stop_run_sweep-agent-stop_run_sweep-24",
    "action": "new",
    "side": "buy",
    "price": 65512.811799999996,
    "quantity": 0.06,
    "remaining_quantity": 0.06
  },
  {
    "event_id": "ce06b3d57196ce8c306edf4cb16cc63f396f34a82deb0518aa0a8097b3b95cbe",
    "schema_version": "1.0.0",
    "event_type": "agent_order",
    "source": "synthetic_agent",
    "symbol": "BTCUSDT",
    "exchange": "binance_usdm",
    "timestamp": "2024-05-01T00:00:00.750000Z",
    "sequence": 25,
    "scenario_id": "scenario-369-stop_run_sweep",
    "agent_id": "agent-stop_run_sweep",
    "order_id": "scenario-369-stop_run_sweep-agent-stop_run_sweep-25",
    "action": "new",
    "side": "buy",
    "price": 65516.08024999999,
    "quantity": 0.06,
    "remaining_quantity": 0.06
  },
  {
    "event_id": "a991f5d213a751d62f4030b2e872c06f3bf7fb8e94e604f2fb1cdfb76db145e4",
    "schema_version": "1.0.0",
    "event_type": "agent_order",
    "source": "synthetic_agent",
    "symbol": "BTCUSDT",
    "exchange": "binance_usdm",
    "timestamp": "2024-05-01T00:00:00.780000Z",
    "sequence": 26,
    "scenario_id": "scenario-369-stop_run_sweep",
    "agent_id": "agent-stop_run_sweep",
    "order_id": "scenario-369-stop_run_sweep-agent-stop_run_sweep-26",
    "action": "new",
    "side": "buy",
    "price": 65519.348699999995,
    "quantity": 0.06,
    "remaining_quantity": 0.06
  },
  {
    "event_id": "fa5eba02b03c88a1dd807d4f762b7c7e99e5e3670316173ae0725a4e9fe43357",
    "schema_version": "1.0.0",
    "event_type": "agent_order",
    "source": "synthetic_agent",
    "symbol": "BTCUSDT",
    "exchange": "binance_usdm",
    "timestamp": "2024-05-01T00:00:00.810000Z",
    "sequence": 27,
    "scenario_id": "scenario-369-stop_run_sweep",
    "agent_id": "agent-stop_run_sweep",
    "order_id": "scenario-369-stop_run_sweep-agent-stop_run_sweep-27",
    "action": "new",
    "side": "buy",
    "price": 65522.61714999999,
    "quantity": 0.06,
    "remaining_quantity": 0.06
  },
  {
    "event_id": "5fb6e141b4a094f22b16d2cc8c2bed165b5b027be6237a1f22d1682ab19af0fa",
    "schema_version": "1.0.0",
    "event_type": "agent_order",
    "source": "synthetic_agent",
    "symbol": "BTCUSDT",
    "exchange": "binance_usdm",
    "timestamp": "2024-05-01T00:00:00.840000Z",
    "sequence": 28,
    "scenario_id": "scenario-369-stop_run_sweep",
    "agent_id": "agent-stop_run_sweep",
    "order_id": "scenario-369-stop_run_sweep-agent-stop_run_sweep-28",
    "action": "new",
    "side": "buy",
    "price": 65525.885599999994,
    "quantity": 0.06,
    "remaining_quantity": 0.06
  },
  {
    "event_id": "2892b0d9f7563de32e4e65fc27ce31e20e3dfd602b2c6cf3c38661f3f9c00225",
    "schema_version": "1.0.0",
    "event_type": "agent_order",
    "source": "synthetic_agent",
    "symbol": "BTCUSDT",
    "exchange": "binance_usdm",
    "timestamp": "2024-05-01T00:00:00.870000Z",
    "sequence": 29,
    "scenario_id": "scenario-369-stop_run_sweep",
    "agent_id": "agent-stop_run_sweep",
    "order_id": "scenario-369-stop_run_sweep-agent-stop_run_sweep-29",
    "action": "new",
    "side": "buy",
    "price": 65529.15404999999,
    "quantity": 0.06,
    "remaining_quantity": 0.06
  }
]