[
  {
    "event_id": "749e9b891c9ee0d58854efc6f1e7359fa562919c5b041a1b6b82559db264ddf4",
    "schema_version": "1.0.0",
    "event_type": "agent_order",
    "source": "synthetic_agent",
    "symbol": "BTCUSDT",
    "exchange": "binance_usdm",
    "timestamp": "2024-05-01T00:00:00Z",
    "sequence": 0,
    "scenario_id": "scenario-348-passive_market_maker",
    "agent_id": "agent-passive_market_maker",
    "order_id": "scenario-348-passive_market_maker-agent-passive_market_maker-0",
    "action": "new",
    "side": "buy",
    "price": 65282.652,
    "quantity": 0.01,
    "remaining_quantity": 0.01
  },
  {
    "event_id": "e68c79b1b8978fac488b03cf65b2ff76004eae14a24bba15c617f17cb9d5a622",
    "schema_version": "1.0.0",
    "event_type": "agent_order",
    "source": "synthetic_agent",
    "symbol": "BTCUSDT",
    "exchange": "binance_usdm",
    "timestamp": "2024-05-01T00:00:00.100000Z",
    "sequence": 1,
    "scenario_id": "scenario-348-passive_market_maker",
    "agent_id": "agent-passive_market_maker",
    "order_id": "scenario-348-passive_market_maker-agent-passive_market_maker-1",
    "action": "new",
    "side": "sell",
    "price": 65413.34799999999,
    "quantity": 0.01,
    "remaining_quantity": 0.01
  },
  {
    "event_id": "70d54024b9cb7bd7dcfea5787ecdb4e84bd7aab7a1756518504549c3934b78be",
    "schema_version": "1.0.0",
    "event_type": "agent_order",
    "source": "synthetic_agent",
    "symbol": "BTCUSDT",
    "exchange": "binance_usdm",
    "timestamp": "2024-05-01T00:00:00.200000Z",
    "sequence": 2,
    "scenario_id": "scenario-348-passive_market_maker",
    "agent_id": "agent-passive_market_maker",
    "order_id": "scenario-348-passive_market_maker-agent-passive_market_maker-2",
    "action": "new",
    "side": "buy",
    "price": 65282.652,
    "quantity": 0.01,
    "remaining_quantity": 0.01
  },
  {
    "event_id": "16a5434d05b5273dd08ddf224a3614607632dbb53bd32b00c39a185edb08178f",
    "schema_version": "1.0.0",
    "event_type": "agent_order",
    "source": "synthetic_agent",
    "symbol": "BTCUSDT",
    "exchange": "binance_usdm",
    "timestamp": "2024-05-01T00:00:00.300000Z",
    "sequence": 3,
    "scenario_id": "scenario-348-passive_market_maker",
    "agent_id": "agent-passive_market_maker",
    "order_id": "scenario-348-passive_market_maker-agent-passive_market_maker-3",
    "action": "new",
    "side": "sell",
    "price": 65413.34799999999,
    "quantity": 0.01,
    "remaining_quantity": 0.01
  },
  {
    "event_id": "4ef39166179c46872e2fa4786e46e7e9ac4b09b712a2c760f987d8cfcd8bd3b5",
    "schema_version": "1.0.0",
    "event_type": "agent_order",
    "source": "synthetic_agent",
    "symbol": "BTCUSDT",
    "exchange": "binance_usdm",
    "timestamp": "2024-05-01T00:00:00.400000Z",
    "sequence": 4,
    "scenario_id": "scenario-348-passive_market_maker",
    "agent_id": "agent-passive_market_maker",
    "order_id": "scenario-348-passive_market_maker-agent-passive_market_maker-4",
    "action": "new",
    "side": "buy",
    "price": 65282.652,
    "quantity": 0.01,
    "remaining_quantity": 0.01
  },
  {
    "event_id": "608e2caec9da3549e981c01937649563de5bae884ea21a9a97176bf75940eeab",
    "schema_version": "1.0.0",
    "event_type": "agent_order",
    "source": "synthetic_agent",
    "symbol": "BTCUSDT",
    "exchange": "binance_usdm",
    "timestamp": "2024-05-01T00:00:00.500000Z",
    "sequence": 5,
    "scenario_id": "scenario-348-passive_market_maker",
    "agent_id": "agent-passive_market_maker",
    "order_id": "scenario-348-passive_market_maker-agent-passive_market_maker-5",
    "action": "new",
    "side": "sell",
    "price": 65413.34799999999,
    "quantity": 0.01,
    "remaining_quantity": 0.01
  },
  {
    "event_id": "1efc505a58aef5ddad8a53a098cfec92d99e7e7dd8e2a13c70204e48ab5a2401",
    "schema_version": "1.0.0",
    "event_type": "agent_order",
    "source": "synthetic_agent",
    "symbol": "BTCUSDT",
    "exchange": "binance_usdm",
    "timestamp": "2024-05-01T00:00:00.600000Z",
    "sequence": 6,
    "scenario_id": "scenario-348-passive_market_maker",
    "agent_id": "agent-passive_market_maker",
    "order_id": "scenario-348-passive_market_maker-agent-passive_market_maker-6",
    "action": "new",
    "side": "buy",
    "price": 65282.652,
    "quantity": 0.01,
    "remaining_quantity": 0.01
  },
  {
    "event_id": "a91f2467cd56a48794db009c49f288dbff3be287d33b56f31d47410001318be8",
    "schema_version": "1.0.0",
    "event_type": "agent_order",
    "source": "synthetic_agent",
    "symbol": "BTCUSDT",
    "exchange": "binance_usdm",
    "timestamp": "2024-05-01T00:00:00.700000Z",
    "sequence": 7,
    "scenario_id": "scenario-348-passive_market_maker",
    "agent_id": "agent-passive_market_maker",
    "order_id": "scenario-348-passive_market_maker-agent-passive_market_maker-7",
    "action": "new",
    "side": "sell",
    "price": 65413.34799999999,
    "quantity": 0.01,
    "remaining_quantity": 0.01
  },
  {
    "event_id": "bfbe81cac09537e323ef23c7bf6ff876f911a006ab7a7cd5cdddb6597d0fd52a",
    "schema_version": "1.0.0",
    "event_type": "agent_order",
    "source": "synthetic_agent",
    "symbol": "BTCUSDT",
    "exchange": "binance_usdm",
    "timestamp": "2024-05-01T00:00:00.800000Z",
    "sequence": 8,
    "scenario_id": "scenario-348-passive_market_maker",
    "agent_id": "agent-passive_market_maker",
    "order_id": "scenario-348-passive_market_maker-agent-passive_market_maker-8",
    "action": "new",
    "side": "buy",
    "price": 65282.652,
    "quantity": 0.01,
    "remaining_quantity": 0.01
  },
  {
    "event_id": "a34bf622d1d91efbcd400c5a7fd80003dbeda5a78c2d147db49a859e14ab2174",
    "schema_version": "1.0.0",
    "event_type": "agent_order",
    "source": "synthetic_agent",
    "symbol": "BTCUSDT",
    "exchange": "binance_usdm",
    "timestamp": "2024-05-01T00:00:00.900000Z",
    "sequence": 9,
    "scenario_id": "scenario-348-passive_market_maker",
    "agent_id": "agent-passive_market_maker",
    "order_id": "scenario-348-passive_market_maker-agent-passive_market_maker-9",
    "action": "new",
    "side": "sell",
    "price": 65413.34799999999,
    "quantity": 0.01,
    "remaining_quantity": 0.01
  },
  {
    "event_id": "936454a70ab163babab18fe8fcbca39e2e34b3178c8c3300644ee210ca166562",
    "schema_version": "1.0.0",
    "event_type": "agent_order",
    "source": "synthetic_agent",
    "symbol": "BTCUSDT",
    "exchange": "binance_usdm",
    "timestamp": "2024-05-01T00:00:01Z",
    "sequence": 10,
    "scenario_id": "scenario-348-passive_market_maker",
    "agent_id": "agent-passive_market_maker",
    "order_id": "scenario-348-passive_market_maker-agent-passive_market_maker-10",
    "action": "new",
    "side": "buy",
    "price": 65282.652,
    "quantity": 0.01,
    "remaining_quantity": 0.01
  },
  {
    "event_id": "d70e0bdb0dbf262985a1f52781fa5c909d13db180c1a690bfd98c45a0c62b355",
    "schema_version": "1.0.0",
    "event_type": "agent_order",
    "source": "synthetic_agent",
    "symbol": "BTCUSDT",
    "exchange": "binance_usdm",
    "timestamp": "2024-05-01T00:00:01.100000Z",
    "sequence": 11,
    "scenario_id": "scenario-348-passive_market_maker",
    "agent_id": "agent-passive_market_maker",
    "order_id": "scenario-348-passive_market_maker-agent-passive_market_maker-11",
    "action": "new",
    "side": "sell",
    "price": 65413.34799999999,
    "quantity": 0.01,
    "remaining_quantity": 0.01
  },
  {
    "event_id": "9e7db97cb48e2ac0fbd52e1d2213afb9943a6f8b9afa9d3aa27393c016ba6b99",
    "schema_version": "1.0.0",
    "event_type": "agent_order",
    "source": "synthetic_agent",
    "symbol": "BTCUSDT",
    "exchange": "binance_usdm",
    "timestamp": "2024-05-01T00:00:01.200000Z",
    "sequence": 12,
    "scenario_id": "scenario-348-passive_market_maker",
    "agent_id": "agent-passive_market_maker",
    "order_id": "scenario-348-passive_market_maker-agent-passive_market_maker-12",
    "action": "new",
    "side": "buy",
    "price": 65282.652,
    "quantity": 0.01,
    "remaining_quantity": 0.01
  },
  {
    "event_id": "e3b707d1f0ef3c28dda7de1d343456b4614999a0b9895476460e670146e9a223",
    "schema_version": "1.0.0",
    "event_type": "agent_order",
    "source": "synthetic_agent",
    "symbol": "BTCUSDT",
    "exchange": "binance_usdm",
    "timestamp": "2024-05-01T00:00:01.300000Z",
    "sequence": 13,
    "scenario_id": "scenario-348-passive_market_maker",
    "agent_id": "agent-passive_market_maker",
    "order_id": "scenario-348-passive_market_maker-agent-passive_market_maker-13",
    "action": "new",
    "side": "sell",
    "price": 65413.34799999999,
    "quantity": 0.01,
    "remaining_quantity": 0.01
  },
  {
    "event_id": "03b06c18417904072f295ab99a07f9819209e5cf54b56431ed6d8e6daed9c428",
    "schema_version": "1.0.0",
    "event_type": "agent_order",
    "source": "synthetic_agent",
    "symbol": "BTCUSDT",
    "exchange": "binance_usdm",
    "timestamp": "2024-05-01T00:00:01.400000Z",
    "sequence": 14,
    "scenario_id": "scenario-348-passive_market_maker",
    "agent_id": "agent-passive_market_maker",
    "order_id": "scenario-348-passive_market_maker-agent-passive_market_maker-14",
    "action": "new",
    "side": "buy",
    "price": 65282.652,
    "quantity": 0.01,
    "remaining_quantity": 0.01
  },
  {
    "event_id": "91c2cff2dc768f26379596dae085090d807d4e5726f63588434aa8f537f0cf69",
    "schema_version": "1.0.0",
    "event_type": "agent_order",
    "source": "synthetic_agent",
    "symbol": "BTCUSDT",
    "exchange": "binance_usdm",
    "timestamp": "2024-05-01T00:00:01.500000Z",
    "sequence": 15,
    "scenario_id": "scenario-348-passive_market_maker",
    "agent_id": "agent-passive_market_maker",
    "order_id": "scenario-348-passive_market_maker-agent-passive_market_maker-15",
    "action": "new",
    "side": "sell",
    "price": 65413.34799999999,
    "quantity": 0.01,
    "remaining_quantity": 0.01
  },
  {
    "event_id": "7f5db2429a837d448792240457938b587f36a211f230d5583afa2cb2cb5add4e",
    "schema_version": "1.0.0",
    "event_type": "agent_order",
    "source": "synthetic_agent",
    "symbol": "BTCUSDT",
    "exchange": "binance_usdm",
    "timestamp": "2024-05-01T00:00:01.600000Z",
    "sequence": 16,
    "scenario_id": "scenario-348-passive_market_maker",
    "agent_id": "agent-passive_market_maker",
    "order_id": "scenario-348-passive_market_maker-agent-passive_market_maker-16",
    "action": "new",
    "side": "buy",
    "price": 65282.652,
    "quantity": 0.01,
    "remaining_quantity": 0.01
  },
  {
    "event_id": "e2e87cfac4432e6c0fa08183af6cdcdd8f1cc9a13d91d42cfb34339e2931528e",
    "schema_version": "1.0.0",
    "event_type": "agent_order",
    "source": "synthetic_agent",
    "symbol": "BTCUSDT",
    "exchange": "binance_usdm",
    "timestamp": "2024-05-01T00:00:01.700000Z",
    "sequence": 17,
    "scenario_id": "scenario-348-passive_market_maker",
    "agent_id": "agent-passive_market_maker",
    "order_id": "scenario-348-passive_market_maker-agent-passive_market_maker-17",
    "action": "new",
    "side": "sell",
    "price": 65413.34799999999,
    "quantity": 0.01,
    "remaining_quantity": 0.01
  },
  {
    "event_id": "c6b152a6aa28739d4ff7312f7a2122406c49eaa5198e45474a46471fcd2d53ad",
    "schema_version": "1.0.0",
    "event_type": "agent_order",
    "source": "synthetic_agent",
    "symbol": "BTCUSDT",
    "exchange": "binance_usdm",
    "timestamp": "2024-05-01T00:00:01.800000Z",
    "sequence": 18,
    "scenario_id": "scenario-348-passive_market_maker",
    "agent_id": "agent-passive_market_maker",
    "order_id": "scenario-348-passive_market_maker-agent-passive_market_maker-18",
    "action": "new",
    "side": "buy",
    "price": 65282.652,
    "quantity": 0.01,
    "remaining_quantity": 0.01
  },
  {
    "event_id": "611bb21680f11087c4cb8ea5ceb60bf4ff7c4b733ee7ade5eb81d525182a3d04",
    "schema_version": "1.0.0",
    "event_type": "agent_order",
    "source": "synthetic_agent",
    "symbol": "BTCUSDT",
    "exchange": "binance_usdm",
    "timestamp": "2024-05-01T00:00:01.900000Z",
    "sequence": 19,
    "scenario_id": "scenario-348-passive_market_maker",
    "agent_id": "agent-passive_market_maker",
    "order_id": "scenario-348-passive_market_maker-agent-passive_market_maker-19",
    "action": "new",
    "side": "sell",
    "price": 65413.34799999999,
    "quantity": 0.01,
    "remaining_quantity": 0.01
  },
  {
    "event_id": "fa75c9188a3759f9a81f2365bd6c5f60c72fb36adc6d12faafd34c3af6fb8d94",
    "schema_version": "1.0.0",
    "event_type": "agent_order",
    "source": "synthetic_agent",
    "symbol": "BTCUSDT",
    "exchange": "binance_usdm",
    "timestamp": "2024-05-01T00:00:02Z",
    "sequence": 20,
    "scenario_id": "scenario-348-passive_market_maker",
    "agent_id": "agent-passive_market_maker",
    "order_id": "scenario-348-passive_market_maker-agent-passive_market_maker-20",
    "action": "new",
    "side": "buy",
    "price": 65282.652,
    "quantity": 0.01,
    "remaining_quantity": 0.01
  },
  {
    "event_id": "8d5ee111ed818759deec7ccd91fbf51327c79d254f694a554b973afacb36daf3",
    "schema_version": "1.0.0",
    "event_type": "agent_order",
    "source": "synthetic_agent",
    "symbol": "BTCUSDT",
    "exchange": "binance_usdm",
    "timestamp": "2024-05-01T00:00:02.100000Z",
    "sequence": 21,
    "scenario_id": "scenario-348-passive_market_maker",
    "agent_id": "agent-passive_market_maker",
    "order_id": "scenario-348-passive_market_maker-agent-passive_market_maker-21",
    "action": "new",
    "side": "sell",
    "price": 65413.34799999999,
    "quantity": 0.01,
    "remaining_quantity": 0.01
  },
  {
    "event_id": "876bf7224c43b2015ab7480c398f0340a9b6d04e7d88dd0e880ead64ac8b70a5",
    "schema_version": "1.0.0",
    "event_type": "agent_order",
    "source": "synthetic_agent",
    "symbol": "BTCUSDT",
    "exchange": "binance_usdm",
    "timestamp": "2024-05-01T00:00:02.200000Z",
    "sequence": 22,
    "scenario_id": "scenario-348-passive_market_maker",
    "agent_id": "agent-passive_market_maker",
    "order_id": "scenario-348-passive_market_maker-agent-passive_market_maker-22",
    "action": "new",
    "side": "buy",
    "price": 65282.652,
    "quantity": 0.01,
    "remaining_quantity": 0.01
  },
  {
    "event_id": "7ed50e885929ac28da2696901c99c5cd1d095e7b916ef1f35c63e83b9c478b72",
    "schema_version": "1.0.0",
    "event_type": "agent_order",
    "source": "synthetic_agent",
    "symbol": "BTCUSDT",
    "exchange": "binance_usdm",
    "timestamp": "2024-05-01T00:00:02.300000Z",
    "sequence": 23,
    "scenario_id": "scenario-348-passive_market_maker",
    "agent_id": "agent-passive_market_maker",
    "order_id": "scenario-348-passive_market_maker-agent-passive_market_maker-23",
    "action": "new",
    "side": "sell",
    "price": 65413.34799999999,
    "quantity": 0.01,
    "remaining_quantity": 0.01
  },
  {
    "event_id": "e2e50e08d7b1504b45efe44f95fea778901980218b3ff39d40f8386b410db222",
    "schema_version": "1.0.0",
    "event_type": "agent_order",
    "source": "synthetic_agent",
    "symbol": "BTCUSDT",
    "exchange": "binance_usdm",
    "timestamp": "2024-05-01T00:00:02.400000Z",
    "sequence": 24,
    "scenario_id": "scenario-348-passive_market_maker",
    "agent_id": "agent-passive_market_maker",
    "order_id": "scenario-348-passive_market_maker-agent-passive_market_maker-24",
    "action": "new",
    "side": "buy",
    "price": 65282.652,
    "quantity": 0.01,
    "remaining_quantity": 0.01
  },
  {
    "event_id": "1f7a525df3623c579f4799e200975d89f7876dadd6bcf59b9bc80a33adc14368",
    "schema_version": "1.0.0",
    "event_type": "agent_order",
    "source": "synthetic_agent",
    "symbol": "BTCUSDT",
    "exchange": "binance_usdm",
    "timestamp": "2024-05-01T00:00:02.500000Z",
    "sequence": 25,
    "scenario_id": "scenario-348-passive_market_maker",
    "agent_id": "agent-passive_market_maker",
    "order_id": "scenario-348-passive_market_maker-agent-passive_market_maker-25",
    "action": "new",
    "side": "sell",
    "price": 65413.34799999999,
    "quantity": 0.01,
    "remaining_quantity": 0.01
  },
  {
    "event_id": "1492fc7853c5a89e236806106e351be06890545bdb3c1965b1f0e21301dd142c",
    "schema_version": "1.0.0",
    "event_type": "agent_order",
    "source": "synthetic_agent",
    "symbol": "BTCUSDT",
    "exchange": "binance_usdm",
    "timestamp": "2024-05-01T00:00:02.600000Z",
    "sequence": 26,
    "scenario_id": "scenario-348-passive_market_maker",
    "agent_id": "agent-passive_market_maker",
    "order_id": "scenario-348-passive_market_maker-agent-passive_market_maker-26",
    "action": "new",
    "side": "buy",
    "price": 65282.652,
    "quantity": 0.01,
    "remaining_quantity": 0.01
  },
  {
    "event_id": "1ee878deb3945a853c942b9a5d4e47fcdbb3947fcc1c6150dc8da1bf904f6fdb",
    "schema_version": "1.0.0",
    "event_type": "agent_order",
    "source": "synthetic_agent",
    "symbol": "BTCUSDT",
    "exchange": "binance_usdm",
    "timestamp": "2024-05-01T00:00:02.700000Z",
    "sequence": 27,
    "scenario_id": "scenario-348-passive_market_maker",
    "agent_id": "agent-passive_market_maker",
    "order_id": "scenario-348-passive_market_maker-agent-passive_market_maker-27",
    "action": "new",
    "side": "sell",
    "price": 65413.34799999999,
    "quantity": 0.01,
    "remaining_quantity": 0.01
  },
  {
    "event_id": "e07943e32f7b327172b4b84fc386f0300c431b38c7c51ed543539d5a0a47a757",
    "schema_version": "1.0.0",
    "event_type": "agent_order",
    "source": "synthetic_agent",
    "symbol": "BTCUSDT",
    "exchange": "binance_usdm",
    "timestamp": "2024-05-01T00:00:02.800000Z",
    "sequence": 28,
    "scenario_id": "scenario-348-passive_market_maker",
    "agent_id": "agent-passive_market_maker",
    "order_id": "scenario-348-passive_market_maker-agent-passive_market_maker-28",
    "action": "new",
    "side": "buy",
    "price": 65282.652,
    "quantity": 0.01,
    "remaining_quantity": 0.01
  },
  {
    "event_id": "5c4bc311d121b40342f06735d7e5dfdb0d0635bbe5065541cf050453525b90aa",
    "schema_version": "1.0.0",
    "event_type": "agent_order",
    "source": "synthetic_agent",
    "symbol": "BTCUSDT",
    "exchange": "binance_usdm",
    "timestamp": "2024-05-01T00:00:02.900000Z",
    "sequence": 29,
    "scenario_id": "scenario-348-passive_market_maker",
    "agent_id": "agent-passive_market_maker",
    "order_id": "scenario-348-passive_market_maker-agent-passive_market_maker-29",
    "action": "new",
    "side": "sell",
    "price": 65413.34799999999,
    "quantity": 0.01,
    "remaining_quantity": 0.01
  }
]