[
  {
    "event_id": "bf8405b283840675e2949f268f01d70d2022ce9457eb386ec6ed6d1f3b726067",
    "schema_version": "1.0.0",
    "event_type": "agent_order",
    "source": "synthetic_agent",
    "symbol": "BTCUSDT",
    "exchange": "binance_usdm",
    "timestamp": "2024-05-01T00:00:00Z",
    "sequence": 0,
    "scenario_id": "scenario-490-runaway_inventory",
    "agent_id": "agent-runaway_inventory",
    "order_id": "scenario-490-runaway_inventory-agent-runaway_inventory-0",
    "action": "new",
    "side": "buy",
    "price": 65490.0,
    "quantity": 0.01,
    "remaining_quantity": 0.01
  },
  {
    "event_id": "d7a1b8c89f60c0974dfc17c4dfdbb85f2914516bec83b8474ccc8e978252dfbe",
    "schema_version": "1.0.0",
    "event_type": "agent_order",
    "source": "synthetic_agent",
    "symbol": "BTCUSDT",
    "exchange": "binance_usdm",
    "timestamp": "2024-05-01T00:00:00.070000Z",
    "sequence": 1,
    "scenario_id": "scenario-490-runaway_inventory",
    "agent_id": "agent-runaway_inventory",
    "order_id": "scenario-490-runaway_inventory-agent-runaway_inventory-1",
    "action": "new",
    "side": "buy",
    "price": 65491.9647,
    "quantity": 0.012,
    "remaining_quantity": 0.012
  },
  {
    "event_id": "2f63edb659e8d84feaec4ecb3bcae4a2449d5c053cc24fba23c54a416f1d95b0",
    "schema_version": "1.0.0",
    "event_type": "agent_order",
    "source": "synthetic_agent",
    "symbol": "BTCUSDT",
    "exchange": "binance_usdm",
    "timestamp": "2024-05-01T00:00:00.140000Z",
    "sequence": 2,
    "scenario_id": "scenario-490-runaway_inventory",
    "agent_id": "agent-runaway_inventory",
    "order_id": "scenario-490-runaway_inventory-agent-runaway_inventory-2",
    "action": "new",
    "side": "buy",
    "price": 65493.92939999999,
    "quantity": 0.014,
    "remaining_quantity": 0.014
  },
  {
    "event_id": "3ee17932c39d2f9a18c80d434ed54f706f5f1154f02562a23c8b21ab8c289a23",
    "schema_version": "1.0.0",
    "event_type": "agent_order",
    "source": "synthetic_agent",
    "symbol": "BTCUSDT",
    "exchange": "binance_usdm",
    "timestamp": "2024-05-01T00:00:00.210000Z",
    "sequence": 3,
    "scenario_id": "scenario-490-runaway_inventory",
    "agent_id": "agent-runaway_inventory",
    "order_id": "scenario-490-runaway_inventory-agent-runaway_inventory-3",
    "action": "new",
    "side": "buy",
    "price": 65495.8941,
    "quantity": 0.016,
    "remaining_quantity": 0.016
  },
  {
    "event_id": "ec18b76caffae12a85c5b3846de3c11472dd12bc2393d177938573213979c417",
    "schema_version": "1.0.0",
    "event_type": "agent_order",
    "source": "synthetic_agent",
    "symbol": "BTCUSDT",
    "exchange": "binance_usdm",
    "timestamp": "2024-05-01T00:00:00.280000Z",
    "sequence": 4,
    "scenario_id": "scenario-490-runaway_inventory",
    "agent_id": "agent-runaway_inventory",
    "order_id": "scenario-490-runaway_inventory-agent-runaway_inventory-4",
    "action": "new",
    "side": "buy",
    "price": 65497.858799999995,
    "quantity": 0.018000000000000002,
    "remaining_quantity": 0.018000000000000002
  },
  {
    "event_id": "793659367503aac2ddb96b52d7379e4c38bb0288c435c0cf194c6ff35e1dea0a",
    "schema_version": "1.0.0",
    "event_type": "agent_order",
    "source": "synthetic_agent",
    "symbol": "BTCUSDT",
    "exchange": "binance_usdm",
    "timestamp": "2024-05-01T00:00:00.350000Z",
    "sequence": 5,
    "scenario_id": "scenario-490-runaway_inventory",
    "agent_id": "agent-runaway_inventory",
    "order_id": "scenario-490-runaway_inventory-agent-runaway_inventory-5",
    "action": "new",
    "side": "buy",
    "price": 65499.823500000006,
    "quantity": 0.02,
    "remaining_quantity": 0.02
  },
  {
    "event_id": "fa84dbe961e7f9f6c42cc0910735f01283b55b2eff183c4e5755512ea89eccac",
    "schema_version": "1.0.0",
    "event_type": "agent_order",
    "source": "synthetic_agent",
    "symbol": "BTCUSDT",
    "exchange": "binance_usdm",
    "timestamp": "2024-05-01T00:00:00.420000Z",
    "sequence": 6,
    "scenario_id": "scenario-490-runaway_inventory",
    "agent_id": "agent-runaway_inventory",
    "order_id": "scenario-490-runaway_inventory-agent-runaway_inventory-6",
    "action": "new",
    "side": "buy",
    "price": 65501.7882,
    "quantity": 0.022,
    "remaining_quantity": 0.022
  },
  {
    "event_id": "34faa1c551669ebce79635b86edc649d590d887a68e2bdc9a4e331dc4407a232",
    "schema_version": "1.0.0",
    "event_type": "agent_order",
    "source": "synthetic_agent",
    "symbol": "BTCUSDT",
    "exchange": "binance_usdm",
    "timestamp": "2024-05-01T00:00:00.490000Z",
    "sequence": 7,
    "scenario_id": "scenario-490-runaway_inventory",
    "agent_id": "agent-runaway_inventory",
    "order_id": "scenario-490-runaway_inventory-agent-runaway_inventory-7",
    "action": "new",
    "side": "buy",
    "price": 65503.7529,
    "quantity": 0.024,
    "remaining_quantity": 0.024
  },
  {
    "event_id": "30813540173e39a1d59898f6207e033e311d555838081a65586a543ffb3686d9",
    "schema_version": "1.0.0",
    "event_type": "agent_order",
    "source": "synthetic_agent",
    "symbol": "BTCUSDT",
    "exchange": "binance_usdm",
    "timestamp": "2024-05-01T00:00:00.560000Z",
    "sequence": 8,
    "scenario_id": "scenario-490-runaway_inventory",
    "agent_id": "agent-runaway_inventory",
    "order_id": "scenario-490-runaway_inventory-agent-runaway_inventory-8",
    "action": "new",
    "side": "buy",
    "price": 65505.7176,
    "quantity": 0.026000000000000002,
    "remaining_quantity": 0.026000000000000002
  },
  {
    "event_id": "8646843a9a73660ca2a988f85f4abcbb0a729482fff927b600f53812aeacdef6",
    "schema_version": "1.0.0",
    "event_type": "agent_order",
    "source": "synthetic_agent",
    "symbol": "BTCUSDT",
    "exchange": "binance_usdm",
    "timestamp": "2024-05-01T00:00:00.630000Z",
    "sequence": 9,
    "scenario_id": "scenario-490-runaway_inventory",
    "agent_id": "agent-runaway_inventory",
    "order_id": "scenario-490-runaway_inventory-agent-runaway_inventory-9",
    "action": "new",
    "side": "buy",
    "price": 65507.6823,
    "quantity": 0.028000000000000004,
    "remaining_quantity": 0.028000000000000004
  },
  {
    "event_id": "d1c0145968a596b06321f4ef4c9087c825a517a62cbc8d9926d6cfa55b3723d6",
    "schema_version": "1.0.0",
    "event_type": "agent_order",
    "source": "synthetic_agent",
    "symbol": "BTCUSDT",
    "exchange": "binance_usdm",
    "timestamp": "2024-05-01T00:00:00.700000Z",
    "sequence": 10,
    "scenario_id": "scenario-490-runaway_inventory",
    "agent_id": "agent-runaway_inventory",
    "order_id": "scenario-490-runaway_inventory-agent-runaway_inventory-10",
    "action": "new",
    "side": "buy",
    "price": 65509.647,
    "quantity": 0.03,
    "remaining_quantity": 0.03
  },
  {
    "event_id": "2a46c43ed0d6587a6ca10bcea790b3b89c91aa5203efc5b80bd7e3945fa42461",
    "schema_version": "1.0.0",
    "event_type": "agent_order",
    "source": "synthetic_agent",
    "symbol": "BTCUSDT",
    "exchange": "binance_usdm",
    "timestamp": "2024-05-01T00:00:00.770000Z",
    "sequence": 11,
    "scenario_id": "scenario-490-runaway_inventory",
    "agent_id": "agent-runaway_inventory",
    "order_id": "scenario-490-runaway_inventory-agent-runaway_inventory-11",
    "action": "new",
    "side": "buy",
    "price": 65511.611699999994,
    "quantity": 0.032,
    "remaining_quantity": 0.032
  },
  {
    "event_id": "67f4678aa7620c278a343d66d05d42375ce8f2465896334f9ca40e69ca6b5efc",
    "schema_version": "1.0.0",
    "event_type": "agent_order",
    "source": "synthetic_agent",
    "symbol": "BTCUSDT",
    "exchange": "binance_usdm",
    "timestamp": "2024-05-01T00:00:00.840000Z",
    "sequence": 12,
    "scenario_id": "scenario-490-runaway_inventory",
    "agent_id": "agent-runaway_inventory",
    "order_id": "scenario-490-runaway_inventory-agent-runaway_inventory-12",
    "action": "new",
    "side": "buy",
    "price": 65513.5764,
    "quantity": 0.034,
    "remaining_quantity": 0.034
  },
  {
    "event_id": "7c96a40dcba5184bc1bbd831dec9b5ba8072fbc7fb481ea1d0b2bd6060b02d94",
    "schema_version": "1.0.0",
    "event_type": "agent_order",
    "source": "synthetic_agent",
    "symbol": "BTCUSDT",
    "exchange": "binance_usdm",
    "timestamp": "2024-05-01T00:00:00.910000Z",
    "sequence": 13,
    "scenario_id": "scenario-490-runaway_inventory",
    "agent_id": "agent-runaway_inventory",
    "order_id": "scenario-490-runaway_inventory-agent-runaway_inventory-13",
    "action": "new",
    "side": "buy",
    "price": 65515.541099999995,
    "quantity": 0.036000000000000004,
    "remaining_quantity": 0.036000000000000004
  },
  {
    "event_id": "41f134a29e989cf08639644061ed03d6c63cfe2d9c0b93c7ea10793ceae83852",
    "schema_version": "1.0.0",
    "event_type": "agent_order",
    "source": "synthetic_agent",
    "symbol": "BTCUSDT",
    "exchange": "binance_usdm",
    "timestamp": "2024-05-01T00:00:00.980000Z",
    "sequence": 14,
    "scenario_id": "scenario-490-runaway_inventory",
    "agent_id": "agent-runaway_inventory",
    "order_id": "scenario-490-runaway_inventory-agent-runaway_inventory-14",
    "action": "new",
    "side": "buy",
    "price": 65517.505800000006,
    "quantity": 0.038,
    "remaining_quantity": 0.038
  },
  {
    "event_id": "1357477e208be194f6e935ff12ac640e67c41573ed899095afb6ff9020826974",
    "schema_version": "1.0.0",
    "event_type": "agent_order",
    "source": "synthetic_agent",
    "symbol": "BTCUSDT",
    "exchange": "binance_usdm",
    "timestamp": "2024-05-01T00:00:01.050000Z",
    "sequence": 15,
    "scenario_id": "scenario-490-runaway_inventory",
    "agent_id": "agent-runaway_inventory",
    "order_id": "scenario-490-runaway_inventory-agent-runaway_inventory-15",
    "action": "new",
    "side": "buy",
    "price": 65519.4705,
    "quantity": 0.04,
    "remaining_quantity": 0.04
  },
  {
    "event_id": "0d80f778853e7fa74b03f2a49ccdea00141f4fe20d7b94cd6b510efcfccb23c6",
    "schema_version": "1.0.0",
    "event_type": "agent_order",
    "source": "synthetic_agent",
    "symbol": "BTCUSDT",
    "exchange": "binance_usdm",
    "timestamp": "2024-05-01T00:00:01.120000Z",
    "sequence": 16,
    "scenario_id": "scenario-490-runaway_inventory",
    "agent_id": "agent-runaway_inventory",
    "order_id": "scenario-490-runaway_inventory-agent-runaway_inventory-16",
    "action": "new",
    "side": "buy",
    "price": 65521.4352,
    "quantity": 0.042,
    "remaining_quantity": 0.042
  },
  {
    "event_id": "c98455000b8200aac00b4983fa5186d3d6e7a309a0419dc42b80291253e7c02e",
    "schema_version": "1.0.0",
    "event_type": "agent_order",
    "source": "synthetic_agent",
    "symbol": "BTCUSDT",
    "exchange": "binance_usdm",
    "timestamp": "2024-05-01T00:00:01.190000Z",
    "sequence": 17,
    "scenario_id": "scenario-490-runaway_inventory",
    "agent_id": "agent-runaway_inventory",
    "order_id": "scenario-490-runaway_inventory-agent-runaway_inventory-17",
    "action": "new",
    "side": "buy",
    "price": 65523.399900000004,
    "quantity": 0.044000000000000004,
    "remaining_quantity": 0.044000000000000004
  },
  {
    "event_id": "aa2175ea3a2d89d4faec5479b648251f047dbaf2927314c9f484268a14125dc6",
    "schema_version": "1.0.0",
    "event_type": "agent_order",
    "source": "synthetic_agent",
    "symbol": "BTCUSDT",
    "exchange": "binance_usdm",
    "timestamp": "2024-05-01T00:00:01.260000Z",
    "sequence": 18,
    "scenario_id": "scenario-490-runaway_inventory",
    "agent_id": "agent-runaway_inventory",
    "order_id": "scenario-490-runaway_inventory-agent-runaway_inventory-18",
    "action": "new",
    "side": "buy",
    "price": 65525.3646,
    "quantity": 0.046000000000000006,
    "remaining_quantity": 0.046000000000000006
  },
  {
    "event_id": "7d61c099907f5763371cb975178743e155ef416f77b1d2dce38fa83a31b392ea",
    "schema_version": "1.0.0",
    "event_type": "agent_order",
    "source": "synthetic_agent",
    "symbol": "BTCUSDT",
    "exchange": "binance_usdm",
    "timestamp": "2024-05-01T00:00:01.330000Z",
    "sequence": 19,
    "scenario_id": "scenario-490-runaway_inventory",
    "agent_id": "agent-runaway_inventory",
    "order_id": "scenario-490-runaway_inventory-agent-runaway_inventory-19",
    "action": "new",
    "side": "buy",
    "price": 65527.3293,
    "quantity": 0.048,
    "remaining_quantity": 0.048
  },
  {
    "event_id": "3f0b8b876053eb4f29c93add859f85f724f0263c25b8f3f26cf212740f1e716d",
    "schema_version": "1.0.0",
    "event_type": "agent_order",
    "source": "synthetic_agent",
    "symbol": "BTCUSDT",
    "exchange": "binance_usdm",
    "timestamp": "2024-05-01T00:00:01.400000Z",
    "sequence": 20,
    "scenario_id": "scenario-490-runaway_inventory",
    "agent_id": "agent-runaway_inventory",
    "order_id": "scenario-490-runaway_inventory-agent-runaway_inventory-20",
    "action": "new",
    "side": "buy",
    "price": 65529.293999999994,
    "quantity": 0.05,
    "remaining_quantity": 0.05
  },
  {
    "event_id": "4636019a5c4a582248f68c45d63b3b6ce3a46f7515ac27229b5466ae42ddff97",
    "schema_version": "1.0.0",
    "event_type": "agent_order",
    "source": "synthetic_agent",
    "symbol": "BTCUSDT",
    "exchange": "binance_usdm",
    "timestamp": "2024-05-01T00:00:01.470000Z",
    "sequence": 21,
    "scenario_id": "scenario-490-runaway_inventory",
    "agent_id": "agent-runaway_inventory",
    "order_id": "scenario-490-runaway_inventory-agent-runaway_inventory-21",
    "action": "new",
    "side": "buy",
    "price": 65531.25869999999,
    "quantity": 0.052000000000000005,
    "remaining_quantity": 0.052000000000000005
  },
  {
    "event_id": "8732ebd4b3b2cd29805d968f0ae20f07813e78defa12622b81625c6932ad0baa",
    "schema_version": "1.0.0",
    "event_type": "agent_order",
    "source": "synthetic_agent",
    "symbol": "BTCUSDT",
    "exchange": "binance_usdm",
    "timestamp": "2024-05-01T00:00:01.540000Z",
    "sequence": 22,
    "scenario_id": "scenario-490-runaway_inventory",
    "agent_id": "agent-runaway_inventory",
    "order_id": "scenario-490-runaway_inventory-agent-runaway_inventory-22",
    "action": "new",
    "side": "buy",
    "price": 65533.22340000001,
    "quantity": 0.054,
    "remaining_quantity": 0.054
  },
  {
    "event_id": "a1679cf972d185bea82ffe7c2d0ccfd12aa388936a8912ed3fe276a8dfb9ebd7",
    "schema_version": "1.0.0",
    "event_type": "agent_order",
    "source": "synthetic_agent",
    "symbol": "BTCUSDT",
    "exchange": "binance_usdm",
    "timestamp": "2024-05-01T00:00:01.610000Z",
    "sequence": 23,
    "scenario_id": "scenario-490-runaway_inventory",
    "agent_id": "agent-runaway_inventory",
    "order_id": "scenario-490-runaway_inventory-agent-runaway_inventory-23",
    "action": "new",
    "side": "buy",
    "price": 65535.18810000001,
    "quantity": 0.056,
    "remaining_quantity": 0.056
  },
  {
    "event_id": "8cfa01176883e978fad64300b31f9f4f5b53e17f67f4704a66e70312d6ccd885",
    "schema_version": "1.0.0",
    "event_type": "agent_order",
    "source": "synthetic_agent",
    "symbol": "BTCUSDT",
    "exchange": "binance_usdm",
    "timestamp": "2024-05-01T00:00:01.680000Z",
    "sequence": 24,
    "scenario_id": "scenario-490-runaway_inventory",
    "agent_id": "agent-runaway_inventory",
    "order_id": "scenario-490-runaway_inventory-agent-runaway_inventory-24",
    "action": "new",
    "side": "buy",
    "price": 65537.15280000001,
    "quantity": 0.058,
    "remaining_quantity": 0.058
  },
  {
    "event_id": "61eeb2f4982cbd8d6e658180dd28f212e211cf489b6dfe3df87ba837922c0656",
    "schema_version": "1.0.0",
    "event_type": "agent_order",
    "source": "synthetic_agent",
    "symbol": "BTCUSDT",
    "exchange": "binance_usdm",
    "timestamp": "2024-05-01T00:00:01.750000Z",
    "sequence": 25,
    "scenario_id": "scenario-490-runaway_inventory",
    "agent_id": "agent-runaway_inventory",
    "order_id": "scenario-490-runaway_inventory-agent-runaway_inventory-25",
    "action": "new",
    "side": "buy",
    "price": 65539.11750000001,
    "quantity": 0.060000000000000005,
    "remaining_quantity": 0.060000000000000005
  },
  {
    "event_id": "e967130530d6d4b767a2daa0ea0e8be7bf88905f8b665502c3fe7db1c97464d4",
    "schema_version": "1.0.0",
    "event_type": "agent_order",
    "source": "synthetic_agent",
    "symbol": "BTCUSDT",
    "exchange": "binance_usdm",
    "timestamp": "2024-05-01T00:00:01.820000Z",
    "sequence": 26,
    "scenario_id": "scenario-490-runaway_inventory",
    "agent_id": "agent-runaway_inventory",
    "order_id": "scenario-490-runaway_inventory-agent-runaway_inventory-26",
    "action": "new",
    "side": "buy",
    "price": 65541.0822,
    "quantity": 0.062000000000000006,
    "remaining_quantity": 0.062000000000000006
  },
  {
    "event_id": "5ea4abdeea057b1e8d5944be3b73a031b718b53c876a56fbe5d7afda224bc565",
    "schema_version": "1.0.0",
    "event_type": "agent_order",
    "source": "synthetic_agent",
    "symbol": "BTCUSDT",
    "exchange": "binance_usdm",
    "timestamp": "2024-05-01T00:00:01.890000Z",
    "sequence": 27,
    "scenario_id": "scenario-490-runaway_inventory",
    "agent_id": "agent-runaway_inventory",
    "order_id": "scenario-490-runaway_inventory-agent-runaway_inventory-27",
    "action": "new",
    "side": "buy",
    "price": 65543.0469,
    "quantity": 0.064,
    "remaining_quantity": 0.064
  },
  {
    "event_id": "90c96157388ba39a6e93e4371004f26188364ef24a5781aa407b3900f7191c4a",
    "schema_version": "1.0.0",
    "event_type": "agent_order",
    "source": "synthetic_agent",
    "symbol": "BTCUSDT",
    "exchange": "binance_usdm",
    "timestamp": "2024-05-01T00:00:01.960000Z",
    "sequence": 28,
    "scenario_id": "scenario-490-runaway_inventory",
    "agent_id": "agent-runaway_inventory",
    "order_id": "scenario-490-runaway_inventory-agent-runaway_inventory-28",
    "action": "new",
    "side": "buy",
    "price": 65545.0116,
    "quantity": 0.066,
    "remaining_quantity": 0.066
  },
  {
    "event_id": "d32f5b03eff206670627b6e1363a5094dac341f533b2004e3b9135fb5c5b7c75",
    "schema_version": "1.0.0",
    "event_type": "agent_order",
    "source": "synthetic_agent",
    "symbol": "BTCUSDT",
    "exchange": "binance_usdm",
    "timestamp": "2024-05-01T00:00:02.030000Z",
    "sequence": 29,
    "scenario_id": "scenario-490-runaway_inventory",
    "agent_id": "agent-runaway_inventory",
    "order_id": "scenario-490-runaway_inventory-agent-runaway_inventory-29",
    "action": "new",
    "side": "buy",
    "price": 65546.9763,
    "quantity": 0.068,
    "remaining_quantity": 0.068
  }
]