[
  {
    "event_id": "e0883631f8b8e72ab0e201777f71060be762a4a96611d86ecf7f9b6a269cd518",
    "schema_version": "1.0.0",
    "event_type": "agent_order",
    "source": "synthetic_agent",
    "symbol": "BTCUSDT",
    "exchange": "binance_usdm",
    "timestamp": "2024-05-01T00:00:00Z",
    "sequence": 0,
    "scenario_id": "scenario-192-passive_market_maker",
    "agent_id": "agent-passive_market_maker",
    "order_id": "scenario-192-passive_market_maker-agent-passive_market_maker-0",
    "action": "new",
    "side": "buy",
    "price": 65126.808,
    "quantity": 0.01,
    "remaining_quantity": 0.01
  },
  {
    "event_id": "65c0d46f617cbddf967f5473a93ac155d064d89c49e0280fa3575be1f5be8029",
    "schema_version": "1.0.0",
    "event_type": "agent_order",
    "source": "synthetic_agent",
    "symbol": "BTCUSDT",
    "exchange": "binance_usdm",
    "timestamp": "2024-05-01T00:00:00.100000Z",
    "sequence": 1,
    "scenario_id": "scenario-192-passive_market_maker",
    "agent_id": "agent-passive_market_maker",
    "order_id": "scenario-192-passive_market_maker-agent-passive_market_maker-1",
    "action": "new",
    "side": "sell",
    "price": 65257.191999999995,
    "quantity": 0.01,
    "remaining_quantity": 0.01
  },
  {
    "event_id": "1951eda05429c544a740011a3884bc86687a95264ffc8d559363dd53d0ac9af5",
    "schema_version": "1.0.0",
    "event_type": "agent_order",
    "source": "synthetic_agent",
    "symbol": "BTCUSDT",
    "exchange": "binance_usdm",
    "timestamp": "2024-05-01T00:00:00.200000Z",
    "sequence": 2,
    "scenario_id": "scenario-192-passive_market_maker",
    "agent_id": "agent-passive_market_maker",
    "order_id": "scenario-192-passive_market_maker-agent-passive_market_maker-2",
    "action": "new",
    "side": "buy",
    "price": 65126.808,
    "quantity": 0.01,
    "remaining_quantity": 0.01
  },
  {
    "event_id": "e2d2bd78cf62c8260620d1f486bd8c0270ca5ca26d72ab36e71a2002991325f1",
    "schema_version": "1.0.0",
    "event_type": "agent_order",
    "source": "synthetic_agent",
    "symbol": "BTCUSDT",
    "exchange": "binance_usdm",
    "timestamp": "2024-05-01T00:00:00.300000Z",
    "sequence": 3,
    "scenario_id": "scenario-192-passive_market_maker",
    "agent_id": "agent-passive_market_maker",
    "order_id": "scenario-192-passive_market_maker-agent-passive_market_maker-3",
    "action": "new",
    "side": "sell",
    "price": 65257.191999999995,
    "quantity": 0.01,
    "remaining_quantity": 0.01
  },
  {
    "event_id": "86c55af13d2be62a884c78a660eb96202944c7c0f0f0d147b193173008fb971a",
    "schema_version": "1.0.0",
    "event_type": "agent_order",
    "source": "synthetic_agent",
    "symbol": "BTCUSDT",
    "exchange": "binance_usdm",
    "timestamp": "2024-05-01T00:00:00.400000Z",
    "sequence": 4,
    "scenario_id": "scenario-192-passive_market_maker",
    "agent_id": "agent-passive_market_maker",
    "order_id": "scenario-192-passive_market_maker-agent-passive_market_maker-4",
    "action": "new",
    "side": "buy",
    "price": 65126.808,
    "quantity": 0.01,
    "remaining_quantity": 0.01
  },
  {
    "event_id": "b1414dbe729337d98bb6894a532b20c09532653622ec283b2b46b7c6cdeb8af8",
    "schema_version": "1.0.0",
    "event_type": "agent_order",
    "source": "synthetic_agent",
    "symbol": "BTCUSDT",
    "exchange": "binance_usdm",
    "timestamp": "2024-05-01T00:00:00.500000Z",
    "sequence": 5,
    "scenario_id": "scenario-192-passive_market_maker",
    "agent_id": "agent-passive_market_maker",
    "order_id": "scenario-192-passive_market_maker-agent-passive_market_maker-5",
    "action": "new",
    "side": "sell",
    "price": 65257.191999999995,
    "quantity": 0.01,
    "remaining_quantity": 0.01
  },
  {
    "event_id": "08c12a9751fa775aa9b031f001316b8ede0096f3f7348c90803f3bf1b3da7163",
    "schema_version": "1.0.0",
    "event_type": "agent_order",
    "source": "synthetic_agent",
    "symbol": "BTCUSDT",
    "exchange": "binance_usdm",
    "timestamp": "2024-05-01T00:00:00.600000Z",
    "sequence": 6,
    "scenario_id": "scenario-192-passive_market_maker",
    "agent_id": "agent-passive_market_maker",
    "order_id": "scenario-192-passive_market_maker-agent-passive_market_maker-6",
    "action": "new",
    "side": "buy",
    "price": 65126.808,
    "quantity": 0.01,
    "remaining_quantity": 0.01
  },
  {
    "event_id": "79ac118e29e01951cc05b8a03c85a09f71fdd4aa3077849495d224a939432410",
    "schema_version": "1.0.0",
    "event_type": "agent_order",
    "source": "synthetic_agent",
    "symbol": "BTCUSDT",
    "exchange": "binance_usdm",
    "timestamp": "2024-05-01T00:00:00.700000Z",
    "sequence": 7,
    "scenario_id": "scenario-192-passive_market_maker",
    "agent_id": "agent-passive_market_maker",
    "order_id": "scenario-192-passive_market_maker-agent-passive_market_maker-7",
    "action": "new",
    "side": "sell",
    "price": 65257.191999999995,
    "quantity": 0.01,
    "remaining_quantity": 0.01
  },
  {
    "event_id": "9113ddac801eca0a5535ace5b17b8cf74ed6a5fa945cd1efc9251ce662fbfe76",
    "schema_version": "1.0.0",
    "event_type": "agent_order",
    "source": "synthetic_agent",
    "symbol": "BTCUSDT",
    "exchange": "binance_usdm",
    "timestamp": "2024-05-01T00:00:00.800000Z",
    "sequence": 8,
    "scenario_id": "scenario-192-passive_market_maker",
    "agent_id": "agent-passive_market_maker",
    "order_id": "scenario-192-passive_market_maker-agent-passive_market_maker-8",
    "action": "new",
    "side": "buy",
    "price": 65126.808,
    "quantity": 0.01,
    "remaining_quantity": 0.01
  },
  {
    "event_id": "d60c87c73ef029bf9ae19db0abcb064015ac420f3ba99dff486e55de80ca1558",
    "schema_version": "1.0.0",
    "event_type": "agent_order",
    "source": "synthetic_agent",
    "symbol": "BTCUSDT",
    "exchange": "binance_usdm",
    "timestamp": "2024-05-01T00:00:00.900000Z",
    "sequence": 9,
    "scenario_id": "scenario-192-passive_market_maker",
    "agent_id": "agent-passive_market_maker",
    "order_id": "scenario-192-passive_market_maker-agent-passive_market_maker-9",
    "action": "new",
    "side": "sell",
    "price": 65257.191999999995,
    "quantity": 0.01,
    "remaining_quantity": 0.01
  },
  {
    "event_id": "79fe90b9546dca44b02a85556dba6a06256bcd8b4a7ce240ebe1b937cb139d47",
    "schema_version": "1.0.0",
    "event_type": "agent_order",
    "source": "synthetic_agent",
    "symbol": "BTCUSDT",
    "exchange": "binance_usdm",
    "timestamp": "2024-05-01T00:00:01Z",
    "sequence": 10,
    "scenario_id": "scenario-192-passive_market_maker",
    "agent_id": "agent-passive_market_maker",
    "order_id": "scenario-192-passive_market_maker-agent-passive_market_maker-10",
    "action": "new",
    "side": "buy",
    "price": 65126.808,
    "quantity": 0.01,
    "remaining_quantity": 0.01
  },
  {
    "event_id": "ad36aad90e0f222a6efcb81b0315d4f078a4eceedaf9107fa1c7a5af5652ea8a",
    "schema_version": "1.0.0",
    "event_type": "agent_order",
    "source": "synthetic_agent",
    "symbol": "BTCUSDT",
    "exchange": "binance_usdm",
    "timestamp": "2024-05-01T00:00:01.100000Z",
    "sequence": 11,
    "scenario_id": "scenario-192-passive_market_maker",
    "agent_id": "agent-passive_market_maker",
    "order_id": "scenario-192-passive_market_maker-agent-passive_market_maker-11",
    "action": "new",
    "side": "sell",
    "price": 65257.191999999995,
    "quantity": 0.01,
    "remaining_quantity": 0.01
  },
  {
    "event_id": "259527dfb97edeee0733c09c632253f5476923710dbe324c4f47ee784c36439e",
    "schema_version": "1.0.0",
    "event_type": "agent_order",
    "source": "synthetic_agent",
    "symbol": "BTCUSDT",
    "exchange": "binance_usdm",
    "timestamp": "2024-05-01T00:00:01.200000Z",
    "sequence": 12,
    "scenario_id": "scenario-192-passive_market_maker",
    "agent_id": "agent-passive_market_maker",
    "order_id": "scenario-192-passive_market_maker-agent-passive_market_maker-12",
    "action": "new",
    "side": "buy",
    "price": 65126.808,
    "quantity": 0.01,
    "remaining_quantity": 0.01
  },
  {
    "event_id": "da3c1d9d593371568ddc0bc3c64ba0697ea1134422b1e9ed12dbb2970faaeef5",
    "schema_version": "1.0.0",
    "event_type": "agent_order",
    "source": "synthetic_agent",
    "symbol": "BTCUSDT",
    "exchange": "binance_usdm",
    "timestamp": "2024-05-01T00:00:01.300000Z",
    "sequence": 13,
    "scenario_id": "scenario-192-passive_market_maker",
    "agent_id": "agent-passive_market_maker",
    "order_id": "scenario-192-passive_market_maker-agent-passive_market_maker-13",
    "action": "new",
    "side": "sell",
    "price": 65257.191999999995,
    "quantity": 0.01,
    "remaining_quantity": 0.01
  },
  {
    "event_id": "d0e1c203639a4fae8395731d5c97825244a0e3c3f52d61d194a4b6917b22a957",
    "schema_version": "1.0.0",
    "event_type": "agent_order",
    "source": "synthetic_agent",
    "symbol": "BTCUSDT",
    "exchange": "binance_usdm",
    "timestamp": "2024-05-01T00:00:01.400000Z",
    "sequence": 14,
    "scenario_id": "scenario-192-passive_market_maker",
    "agent_id": "agent-passive_market_maker",
    "order_id": "scenario-192-passive_market_maker-agent-passive_market_maker-14",
    "action": "new",
    "side": "buy",
    "price": 65126.808,
    "quantity": 0.01,
    "remaining_quantity": 0.01
  },
  {
    "event_id": "766e18fd576eeb3c062007c871347f1e2f693ccde4c167c2a6dd5820eb387d2b",
    "schema_version": "1.0.0",
    "event_type": "agent_order",
    "source": "synthetic_agent",
    "symbol": "BTCUSDT",
    "exchange": "binance_usdm",
    "timestamp": "2024-05-01T00:00:01.500000Z",
    "sequence": 15,
    "scenario_id": "scenario-192-passive_market_maker",
    "agent_id": "agent-passive_market_maker",
    "order_id": "scenario-192-passive_market_maker-agent-passive_market_maker-15",
    "action": "new",
    "side": "sell",
    "price": 65257.191999999995,
    "quantity": 0.01,
    "remaining_quantity": 0.01
  },
  {
    "event_id": "e8fb4da7d692bdfac888912e5d9562e0a664c6923c79f5f489484df687f3dd43",
    "schema_version": "1.0.0",
    "event_type": "agent_order",
    "source": "synthetic_agent",
    "symbol": "BTCUSDT",
    "exchange": "binance_usdm",
    "timestamp": "2024-05-01T00:00:01.600000Z",
    "sequence": 16,
    "scenario_id": "scenario-192-passive_market_maker",
    "agent_id": "agent-passive_market_maker",
    "order_id": "scenario-192-passive_market_maker-agent-passive_market_maker-16",
    "action": "new",
    "side": "buy",
    "price": 65126.808,
    "quantity": 0.01,
    "remaining_quantity": 0.01
  },
  {
    "event_id": "b7b807e9246e9d2c3a990ed5f5ba4eb6309f40aa57d85e528cff2b98d2115e50",
    "schema_version": "1.0.0",
    "event_type": "agent_order",
    "source": "synthetic_agent",
    "symbol": "BTCUSDT",
    "exchange": "binance_usdm",
    "timestamp": "2024-05-01T00:00:01.700000Z",
    "sequence": 17,
    "scenario_id": "scenario-192-passive_market_maker",
    "agent_id": "agent-passive_market_maker",
    "order_id": "scenario-192-passive_market_maker-agent-passive_market_maker-17",
    "action": "new",
    "side": "sell",
    "price": 65257.191999999995,
    "quantity": 0.01,
    "remaining_quantity": 0.01
  },
  {
    "event_id": "338e97dbea108671dd71ee5ed3b47e6f7f21545f3c16f8271a9885a2fad2302b",
    "schema_version": "1.0.0",
    "event_type": "agent_order",
    "source": "synthetic_agent",
    "symbol": "BTCUSDT",
    "exchange": "binance_usdm",
    "timestamp": "2024-05-01T00:00:01.800000Z",
    "sequence": 18,
    "scenario_id": "scenario-192-passive_market_maker",
    "agent_id": "agent-passive_market_maker",
    "order_id": "scenario-192-passive_market_maker-agent-passive_market_maker-18",
    "action": "new",
    "side": "buy",
    "price": 65126.808,
    "quantity": 0.01,
    "remaining_quantity": 0.01
  },
  {
    "event_id": "fdae03db2144a765b03275c7365016890a1065f09b5b946fb1168bcd5b4922cb",
    "schema_version": "1.0.0",
    "event_type": "agent_order",
    "source": "synthetic_agent",
    "symbol": "BTCUSDT",
    "exchange": "binance_usdm",
    "timestamp": "2024-05-01T00:00:01.900000Z",
    "sequence": 19,
    "scenario_id": "scenario-192-passive_market_maker",
    "agent_id": "agent-passive_market_maker",
    "order_id": "scenario-192-passive_market_maker-agent-passive_market_maker-19",
    "action": "new",
    "side": "sell",
    "price": 65257.191999999995,
    "quantity": 0.01,
    "remaining_quantity": 0.01
  },
  {
    "event_id": "32088e9584e06de59790df591421fd029ff7fb73fa589e937bd82e360c4fb98c",
    "schema_version": "1.0.0",
    "event_type": "agent_order",
    "source": "synthetic_agent",
    "symbol": "BTCUSDT",
    "exchange": "binance_usdm",
    "timestamp": "2024-05-01T00:00:02Z",
    "sequence": 20,
    "scenario_id": "scenario-192-passive_market_maker",
    "agent_id": "agent-passive_market_maker",
    "order_id": "scenario-192-passive_market_maker-agent-passive_market_maker-20",
    "action": "new",
    "side": "buy",
    "price": 65126.808,
    "quantity": 0.01,
    "remaining_quantity": 0.01
  },
  {
    "event_id": "9955650c68762b77118158c6fbe7b8f795caa186d623d71762fee87da5ee9fad",
    "schema_version": "1.0.0",
    "event_type": "agent_order",
    "source": "synthetic_agent",
    "symbol": "BTCUSDT",
    "exchange": "binance_usdm",
    "timestamp": "2024-05-01T00:00:02.100000Z",
    "sequence": 21,
    "scenario_id": "scenario-192-passive_market_maker",
    "agent_id": "agent-passive_market_maker",
    "order_id": "scenario-192-passive_market_maker-agent-passive_market_maker-21",
    "action": "new",
    "side": "sell",
    "price": 65257.191999999995,
    "quantity": 0.01,
    "remaining_quantity": 0.01
  },
  {
    "event_id": "e2767dab48174db9b41df6f30a1184beff868ea2b48e2c0527b63fbefb4c886a",
    "schema_version": "1.0.0",
    "event_type": "agent_order",
    "source": "synthetic_agent",
    "symbol": "BTCUSDT",
    "exchange": "binance_usdm",
    "timestamp": "2024-05-01T00:00:02.200000Z",
    "sequence": 22,
    "scenario_id": "scenario-192-passive_market_maker",
    "agent_id": "agent-passive_market_maker",
    "order_id": "scenario-192-passive_market_maker-agent-passive_market_maker-22",
    "action": "new",
    "side": "buy",
    "price": 65126.808,
    "quantity": 0.01,
    "remaining_quantity": 0.01
  },
  {
    "event_id": "2b6bc60681ead4dd9ca979dc5157c9e79937ea6a407f35625eb67d37dcb1c31a",
    "schema_version": "1.0.0",
    "event_type": "agent_order",
    "source": "synthetic_agent",
    "symbol": "BTCUSDT",
    "exchange": "binance_usdm",
    "timestamp": "2024-05-01T00:00:02.300000Z",
    "sequence": 23,
    "scenario_id": "scenario-192-passive_market_maker",
    "agent_id": "agent-passive_market_maker",
    "order_id": "scenario-192-passive_market_maker-agent-passive_market_maker-23",
    "action": "new",
    "side": "sell",
    "price": 65257.191999999995,
    "quantity": 0.01,
    "remaining_quantity": 0.01
  },
  {
    "event_id": "8db1962693ec61b1e27d75cf0080dae39636879e4f190f9a29ed7807bbf46b77",
    "schema_version": "1.0.0",
    "event_type": "agent_order",
    "source": "synthetic_agent",
    "symbol": "BTCUSDT",
    "exchange": "binance_usdm",
    "timestamp": "2024-05-01T00:00:02.400000Z",
    "sequence": 24,
    "scenario_id": "scenario-192-passive_market_maker",
    "agent_id": "agent-passive_market_maker",
    "order_id": "scenario-192-passive_market_maker-agent-passive_market_maker-24",
    "action": "new",
    "side": "buy",
    "price": 65126.808,
    "quantity": 0.01,
    "remaining_quantity": 0.01
  },
  {
    "event_id": "944e77f81299e2ba778614ccaf0055f940cf89464758ade47d641ae24eb2fb2a",
    "schema_version": "1.0.0",
    "event_type": "agent_order",
    "source": "synthetic_agent",
    "symbol": "BTCUSDT",
    "exchange": "binance_usdm",
    "timestamp": "2024-05-01T00:00:02.500000Z",
    "sequence": 25,
    "scenario_id": "scenario-192-passive_market_maker",
    "agent_id": "agent-passive_market_maker",
    "order_id": "scenario-192-passive_market_maker-agent-passive_market_maker-25",
    "action": "new",
    "side": "sell",
    "price": 65257.191999999995,
    "quantity": 0.01,
    "remaining_quantity": 0.01
  },
  {
    "event_id": "37ab32b3986feef9e83a77e77467812d91797165c72c97369cd3ef47c846188c",
    "schema_version": "1.0.0",
    "event_type": "agent_order",
    "source": "synthetic_agent",
    "symbol": "BTCUSDT",
    "exchange": "binance_usdm",
    "timestamp": "2024-05-01T00:00:02.600000Z",
    "sequence": 26,
    "scenario_id": "scenario-192-passive_market_maker",
    "agent_id": "agent-passive_market_maker",
    "order_id": "scenario-192-passive_market_maker-agent-passive_market_maker-26",
    "action": "new",
    "side": "buy",
    "price": 65126.808,
    "quantity": 0.01,
    "remaining_quantity": 0.01
  },
  {
    "event_id": "0e95dc976fc17920bb8fd24c2f29ca1d0efe35fee82194e45eae37dfed447642",
    "schema_version": "1.0.0",
    "event_type": "agent_order",
    "source": "synthetic_agent",
    "symbol": "BTCUSDT",
    "exchange": "binance_usdm",
    "timestamp": "2024-05-01T00:00:02.700000Z",
    "sequence": 27,
    "scenario_id": "scenario-192-passive_market_maker",
    "agent_id": "agent-passive_market_maker",
    "order_id": "scenario-192-passive_market_maker-agent-passive_market_maker-27",
    "action": "new",
    "side": "sell",
    "price": 65257.191999999995,
    "quantity": 0.01,
    "remaining_quantity": 0.01
  },
  {
    "event_id": "917df5166c10db873d7d5e242612c24adeb3db48baa73c3412208b9a8edbf2c7",
    "schema_version": "1.0.0",
    "event_type": "agent_order",
    "source": "synthetic_agent",
    "symbol": "BTCUSDT",
    "exchange": "binance_usdm",
    "timestamp": "2024-05-01T00:00:02.800000Z",
    "sequence": 28,
    "scenario_id": "scenario-192-passive_market_maker",
    "agent_id": "agent-passive_market_maker",
    "order_id": "scenario-192-passive_market_maker-agent-passive_market_maker-28",
    "action": "new",
    "side": "buy",
    "price": 65126.808,
    "quantity": 0.01,
    "remaining_quantity": 0.01
  },
  {
    "event_id": "ee5e14d3613a537edb979ac544a5b6fe1846e05ce5c3e637055d3db04770cf04",
    "schema_version": "1.0.0",
    "event_type": "agent_order",
    "source": "synthetic_agent",
    "symbol": "BTCUSDT",
    "exchange": "binance_usdm",
    "timestamp": "2024-05-01T00:00:02.900000Z",
    "sequence": 29,
    "scenario_id": "scenario-192-passive_market_maker",
    "agent_id": "agent-passive_market_maker",
    "order_id": "scenario-192-passive_market_maker-agent-passive_market_maker-29",
    "action": "new",
    "side": "sell",
    "price": 65257.191999999995,
    "quantity": 0.01,
    "remaining_quantity": 0.01
  }
]