[
  {
    "event_id": "04f4021237072ca06daab39a8b498a571f4983c4ec088c5066b5366af1aa7d99",
    "schema_version": "1.0.0",
    "event_type": "agent_order",
    "source": "synthetic_agent",
    "symbol": "BTCUSDT",
    "exchange": "binance_usdm",
    "timestamp": "2024-05-01T00:00:00Z",
    "sequence": 0,
    "scenario_id": "scenario-463-coordinated_burst",
    "agent_id": "agent-coordinated_burst-0",
    "order_id": "scenario-463-coordinated_burst-agent-coordinated_burst-0-0",
    "action": "new",
    "side": "buy",
    "price": 65476.092599999996,
    "quantity": 0.04,
    "remaining_quantity": 0.04
  },
  {
    "event_id": "b09f220fbccb2137a1e4f745dc521a9d65ae763c8bcc364f0a21d0d2abb6faf0",
    "schema_version": "1.0.0",
    "event_type": "agent_order",
    "source": "synthetic_agent",
    "symbol": "BTCUSDT",
    "exchange": "binance_usdm",
    "timestamp": "2024-05-01T00:00:00.012000Z",
    "sequence": 1,
    "scenario_id": "scenario-463-coordinated_burst",
    "agent_id": "agent-coordinated_burst-1",
    "order_id": "scenario-463-coordinated_burst-agent-coordinated_burst-1-1",
    "action": "new",
    "side": "sell",
    "price": 65449.907400000004,
    "quantity": 0.04,
    "remaining_quantity": 0.04
  },
  {
    "event_id": "f255712e6a37806217979818531e64bd8626f7d08769cdc5db3e4f0108be04f3",
    "schema_version": "1.0.0",
    "event_type": "agent_order",
    "source": "synthetic_agent",
    "symbol": "BTCUSDT",
    "exchange": "binance_usdm",
    "timestamp": "2024-05-01T00:00:00.024000Z",
    "sequence": 2,
    "scenario_id": "scenario-463-coordinated_burst",
    "agent_id": "agent-coordinated_burst-2",
    "order_id": "scenario-463-coordinated_burst-agent-coordinated_burst-2-2",
    "action": "new",
    "side": "sell",
    "price": 65449.907400000004,
    "quantity": 0.04,
    "remaining_quantity": 0.04
  },
  {
    "event_id": "d3f911e906fa9ce0484c5d22cb6e1a1674c3a7a49f20df3c1da262a2a82041b2",
    "schema_version": "1.0.0",
    "event_type": "agent_order",
    "source": "synthetic_agent",
    "symbol": "BTCUSDT",
    "exchange": "binance_usdm",
    "timestamp": "2024-05-01T00:00:00.036000Z",
    "sequence": 3,
    "scenario_id": "scenario-463-coordinated_burst",
    "agent_id": "agent-coordinated_burst-0",
    "order_id": "scenario-463-coordinated_burst-agent-coordinated_burst-0-3",
    "action": "new",
    "side": "buy",
    "price": 65476.092599999996,
    "quantity": 0.04,
    "remaining_quantity": 0.04
  },
  {
    "event_id": "e6f16f4e0ea7e8ec9b71553e5aef87686085ecf830b4982f3067c0dca191658c",
    "schema_version": "1.0.0",
    "event_type": "agent_order",
    "source": "synthetic_agent",
    "symbol": "BTCUSDT",
    "exchange": "binance_usdm",
    "timestamp": "2024-05-01T00:00:00.048000Z",
    "sequence": 4,
    "scenario_id": "scenario-463-coordinated_burst",
    "agent_id": "agent-coordinated_burst-1",
    "order_id": "scenario-463-coordinated_burst-agent-coordinated_burst-1-4",
    "action": "new",
    "side": "sell",
    "price": 65449.907400000004,
    "quantity": 0.04,
    "remaining_quantity": 0.04
  },
  {
    "event_id": "15897b528679ee7046072203519e16a0d494741aea8436bc02aa1981e9cade16",
    "schema_version": "1.0.0",
    "event_type": "agent_order",
    "source": "synthetic_agent",
    "symbol": "BTCUSDT",
    "exchange": "binance_usdm",
    "timestamp": "2024-05-01T00:00:00.600000Z",
    "sequence": 5,
    "scenario_id": "scenario-463-coordinated_burst",
    "agent_id": "agent-coordinated_burst-2",
    "order_id": "scenario-463-coordinated_burst-agent-coordinated_burst-2-5",
    "action": "new",
    "side": "sell",
    "price": 65449.907400000004,
    "quantity": 0.04,
    "remaining_quantity": 0.04
  },
  {
    "event_id": "e37e6b9270ed8bbd9db29b4dccf7e6dd7608a72e0a89e79c37763493192aff72",
    "schema_version": "1.0.0",
    "event_type": "agent_order",
    "source": "synthetic_agent",
    "symbol": "BTCUSDT",
    "exchange": "binance_usdm",
    "timestamp": "2024-05-01T00:00:00.072000Z",
    "sequence": 6,
    "scenario_id": "scenario-463-coordinated_burst",
    "agent_id": "agent-coordinated_burst-0",
    "order_id": "scenario-463-coordinated_burst-agent-coordinated_burst-0-6",
    "action": "new",
    "side": "buy",
    "price": 65476.092599999996,
    "quantity": 0.04,
    "remaining_quantity": 0.04
  },
  {
    "event_id": "e8b3108b26f9b1f90188958e8e28e57641801a93b8b0487cc83d236e2e0a57e8",
    "schema_version": "1.0.0",
    "event_type": "agent_order",
    "source": "synthetic_agent",
    "symbol": "BTCUSDT",
    "exchange": "binance_usdm",
    "timestamp": "2024-05-01T00:00:00.084000Z",
    "sequence": 7,
    "scenario_id": "scenario-463-coordinated_burst",
    "agent_id": "agent-coordinated_burst-1",
    "order_id": "scenario-463-coordinated_burst-agent-coordinated_burst-1-7",
    "action": "new",
    "side": "sell",
    "price": 65449.907400000004,
    "quantity": 0.04,
    "remaining_quantity": 0.04
  },
  {
    "event_id": "6f8bf91e47f0cc68126f6b0e5dd6e82e05eb54b7cffa1dfaa81ceedaf7ea2bad",
    "schema_version": "1.0.0",
    "event_type": "agent_order",
    "source": "synthetic_agent",
    "symbol": "BTCUSDT",
    "exchange": "binance_usdm",
    "timestamp": "2024-05-01T00:00:00.096000Z",
    "sequence": 8,
    "scenario_id": "scenario-463-coordinated_burst",
    "agent_id": "agent-coordinated_burst-2",
    "order_id": "scenario-463-coordinated_burst-agent-coordinated_burst-2-8",
    "action": "new",
    "side": "sell",
    "price": 65449.907400000004,
    "quantity": 0.04,
    "remaining_quantity": 0.04
  },
  {
    "event_id": "2e64e4d531bc418fead461b4f9075d3360e4e1f773e813913b614eca11841712",
    "schema_version": "1.0.0",
    "event_type": "agent_order",
    "source": "synthetic_agent",
    "symbol": "BTCUSDT",
    "exchange": "binance_usdm",
    "timestamp": "2024-05-01T00:00:00.108000Z",
    "sequence": 9,
    "scenario_id": "scenario-463-coordinated_burst",
    "agent_id": "agent-coordinated_burst-0",
    "order_id": "scenario-463-coordinated_burst-agent-coordinated_burst-0-9",
    "action": "new",
    "side": "buy",
    "price": 65476.092599999996,
    "quantity": 0.04,
    "remaining_quantity": 0.04
  },
  {
    "event_id": "b8f8c3d0f578beb7586581008dc9ddf2f69563f2a36adb501ddc355fe0772912",
    "schema_version": "1.0.0",
    "event_type": "agent_order",
    "source": "synthetic_agent",
    "symbol": "BTCUSDT",
    "exchange": "binance_usdm",
    "timestamp": "2024-05-01T00:00:01.200000Z",
    "sequence": 10,
    "scenario_id": "scenario-463-coordinated_burst",
    "agent_id": "agent-coordinated_burst-1",
    "order_id": "scenario-463-coordinated_burst-agent-coordinated_burst-1-10",
    "action": "new",
    "side": "sell",
    "price": 65449.907400000004,
    "quantity": 0.04,
    "remaining_quantity": 0.04
  },
  {
    "event_id": "e312f8162229d13d25e1c28999ec2285235f2d4c0278bf8fb779cf275453e30a",
    "schema_version": "1.0.0",
    "event_type": "agent_order",
    "source": "synthetic_agent",
    "symbol": "BTCUSDT",
    "exchange": "binance_usdm",
    "timestamp": "2024-05-01T00:00:00.132000Z",
    "sequence": 11,
    "scenario_id": "scenario-463-coordinated_burst",
    "agent_id": "agent-coordinated_burst-2",
    "order_id": "scenario-463-coordinated_burst-agent-coordinated_burst-2-11",
    "action": "new",
    "side": "sell",
    "price": 65449.907400000004,
    "quantity": 0.04,
    "remaining_quantity": 0.04
  },
  {
    "event_id": "899f3f25708512ed24e6f0f82c6d962048f62c451d93fc77e2c1a8fb244bac49",
    "schema_version": "1.0.0",
    "event_type": "agent_order",
    "source": "synthetic_agent",
    "symbol": "BTCUSDT",
    "exchange": "binance_usdm",
    "timestamp": "2024-05-01T00:00:00.144000Z",
    "sequence": 12,
    "scenario_id": "scenario-463-coordinated_burst",
    "agent_id": "agent-coordinated_burst-0",
    "order_id": "scenario-463-coordinated_burst-agent-coordinated_burst-0-12",
    "action": "new",
    "side": "buy",
    "price": 65476.092599999996,
    "quantity": 0.04,
    "remaining_quantity": 0.04
  },
  {
    "event_id": "e99ebaa04134b0a3cfdc9a0463e84305fb0a1d151cafcfa8db08231d2db956c5",
    "schema_version": "1.0.0",
    "event_type": "agent_order",
    "source": "synthetic_agent",
    "symbol": "BTCUSDT",
    "exchange": "binance_usdm",
    "timestamp": "2024-05-01T00:00:00.156000Z",
    "sequence": 13,
    "scenario_id": "scenario-463-coordinated_burst",
    "agent_id": "agent-coordinated_burst-1",
    "order_id": "scenario-463-coordinated_burst-agent-coordinated_burst-1-13",
    "action": "new",
    "side": "sell",
    "price": 65449.907400000004,
    "quantity": 0.04,
    "remaining_quantity": 0.04
  },
  {
    "event_id": "b07d6ae0bbab6f12b52ccd6dcd45e5750eea0b971a2ad7b97b8ebd9c907ac38b",
    "schema_version": "1.0.0",
    "event_type": "agent_order",
    "source": "synthetic_agent",
    "symbol": "BTCUSDT",
    "exchange": "binance_usdm",
    "timestamp": "2024-05-01T00:00:00.168000Z",
    "sequence": 14,
    "scenario_id": "scenario-463-coordinated_burst",
    "agent_id": "agent-coordinated_burst-2",
    "order_id": "scenario-463-coordinated_burst-agent-coordinated_burst-2-14",
    "action": "new",
    "side": "sell",
    "price": 65449.907400000004,
    "quantity": 0.04,
    "remaining_quantity": 0.04
  },
  {
    "event_id": "238254a992edec46ba385dd8e3a1266ff627e069c7a64d5e16ae52f9db33fd2e",
    "schema_version": "1.0.0",
    "event_type": "agent_order",
    "source": "synthetic_agent",
    "symbol": "BTCUSDT",
    "exchange": "binance_usdm",
    "timestamp": "2024-05-01T00:00:01.800000Z",
    "sequence": 15,
    "scenario_id": "scenario-463-coordinated_burst",
    "agent_id": "agent-coordinated_burst-0",
    "order_id": "scenario-463-coordinated_burst-agent-coordinated_burst-0-15",
    "action": "new",
    "side": "buy",
    "price": 65476.092599999996,
    "quantity": 0.04,
    "remaining_quantity": 0.04
  },
  {
    "event_id": "7fd7b31616172a3d61b57882883416948c123ab57031059fa2a52d9f78c43214",
    "schema_version": "1.0.0",
    "event_type": "agent_order",
    "source": "synthetic_agent",
    "symbol": "BTCUSDT",
    "exchange": "binance_usdm",
    "timestamp": "2024-05-01T00:00:00.192000Z",
    "sequence": 16,
    "scenario_id": "scenario-463-coordinated_burst",
    "agent_id": "agent-coordinated_burst-1",
    "order_id": "scenario-463-coordinated_burst-agent-coordinated_burst-1-16",
    "action": "new",
    "side": "sell",
    "price": 65449.907400000004,
    "quantity": 0.04,
    "remaining_quantity": 0.04
  },
  {
    "event_id": "22b865a71a2d7791411b64e673bc1780c0a6a24d45cb116c4f8b335e1fa3dbee",
    "schema_version": "1.0.0",
    "event_type": "agent_order",
    "source": "synthetic_agent",
    "symbol": "BTCUSDT",
    "exchange": "binance_usdm",
    "timestamp": "2024-05-01T00:00:00.204000Z",
    "sequence": 17,
    "scenario_id": "scenario-463-coordinated_burst",
    "agent_id": "agent-coordinated_burst-2",
    "order_id": "scenario-463-coordinated_burst-agent-coordinated_burst-2-17",
    "action": "new",
    "side": "sell",
    "price": 65449.907400000004,
    "quantity": 0.04,
    "remaining_quantity": 0.04
  },
  {
    "event_id": "441208289750dbff3823286efabfc534f9dbaa2036a7bf1fc551024bc4df8ef5",
    "schema_version": "1.0.0",
    "event_type": "agent_order",
    "source": "synthetic_agent",
    "symbol": "BTCUSDT",
    "exchange": "binance_usdm",
    "timestamp": "2024-05-01T00:00:00.216000Z",
    "sequence": 18,
    "scenario_id": "scenario-463-coordinated_burst",
    "agent_id": "agent-coordinated_burst-0",
    "order_id": "scenario-463-coordinated_burst-agent-coordinated_burst-0-18",
    "action": "new",
    "side": "buy",
    "price": 65476.092599999996,
    "quantity": 0.04,
    "remaining_quantity": 0.04
  },
  {
    "event_id": "2776a15f9a3fe9439af1138c6225de7351b3db36f364e0e3fb9b751998397fd4",
    "schema_version": "1.0.0",
    "event_type": "agent_order",
    "source": "synthetic_agent",
    "symbol": "BTCUSDT",
    "exchange": "binance_usdm",
    "timestamp": "2024-05-01T00:00:00.228000Z",
    "sequence": 19,
    "scenario_id": "scenario-463-coordinated_burst",
    "agent_id": "agent-coordinated_burst-1",
    "order_id": "scenario-463-coordinated_burst-agent-coordinated_burst-1-19",
    "action": "new",
    "side": "sell",
    "price": 65449.907400000004,
    "quantity": 0.04,
    "remaining_quantity": 0.04
  },
  {
    "event_id": "0fbe4f996b47a398b7527ff679f4dcc2bce304c2cccd8a7d9c50adf85cafd499",
    "schema_version": "1.0.0",
    "event_type": "agent_order",
    "source": "synthetic_agent",
    "symbol": "BTCUSDT",
    "exchange": "binance_usdm",
    "timestamp": "2024-05-01T00:00:02.400000Z",
    "sequence": 20,
    "scenario_id": "scenario-463-coordinated_burst",
    "agent_id": "agent-coordinated_burst-2",
    "order_id": "scenario-463-coordinated_burst-agent-coordinated_burst-2-20",
    "action": "new",
    "side": "sell",
    "price": 65449.907400000004,
    "quantity": 0.04,
    "remaining_quantity": 0.04
  },
  {
    "event_id": "c3f964ce82b3bc725b1759dda4ee99320fa1356b010d5cd29f786adfd6f8617e",
    "schema_version": "1.0.0",
    "event_type": "agent_order",
    "source": "synthetic_agent",
    "symbol": "BTCUSDT",
    "exchange": "binance_usdm",
    "timestamp": "2024-05-01T00:00:00.252000Z",
    "sequence": 21,
    "scenario_id": "scenario-463-coordinated_burst",
    "agent_id": "agent-coordinated_burst-0",
    "order_id": "scenario-463-coordinated_burst-agent-coordinated_burst-0-21",
    "action": "new",
    "side": "buy",
    "price": 65476.092599999996,
    "quantity": 0.04,
    "remaining_quantity": 0.04
  },
  {
    "event_id": "e01fb9954510edd64b7cc06f7e084a68ae805856d142cf0d0d769bab9f38ffd5",
    "schema_version": "1.0.0",
    "event_type": "agent_order",
    "source": "synthetic_agent",
    "symbol": "BTCUSDT",
    "exchange": "binance_usdm",
    "timestamp": "2024-05-01T00:00:00.264000Z",
    "sequence": 22,
    "scenario_id": "scenario-463-coordinated_burst",
    "agent_id": "agent-coordinated_burst-1",
    "order_id": "scenario-463-coordinated_burst-agent-coordinated_burst-1-22",
    "action": "new",
    "side": "sell",
    "price": 65449.907400000004,
    "quantity": 0.04,
    "remaining_quantity": 0.04
  },
  {
    "event_id": "3b8e061d51b7c5c7a78e401cb96e3d24f4022a0ee28de4c823a9ae189b760deb",
    "schema_version": "1.0.0",
    "event_type": "agent_order",
    "source": "synthetic_agent",
    "symbol": "BTCUSDT",
    "exchange": "binance_usdm",
    "timestamp": "2024-05-01T00:00:00.276000Z",
    "sequence": 23,
    "scenario_id": "scenario-463-coordinated_burst",
    "agent_id": "agent-coordinated_burst-2",
    "order_id": "scenario-463-coordinated_burst-agent-coordinated_burst-2-23",
    "action": "new",
    "side": "sell",
    "price": 65449.907400000004,
    "quantity": 0.04,
    "remaining_quantity": 0.04
  },
  {
    "event_id": "3c6e786605757d36c612e854600c6ff518e20333cb20cd35ca8f9993c14945f9",
    "schema_version": "1.0.0",
    "event_type": "agent_order",
    "source": "synthetic_agent",
    "symbol": "BTCUSDT",
    "exchange": "binance_usdm",
    "timestamp": "2024-05-01T00:00:00.288000Z",
    "sequence": 24,
    "scenario_id": "scenario-463-coordinated_burst",
    "agent_id": "agent-coordinated_burst-0",
    "order_id": "scenario-463-coordinated_burst-agent-coordinated_burst-0-24",
    "action": "new",
    "side": "buy",
    "price": 65476.092599999996,
    "quantity": 0.04,
    "remaining_quantity": 0.04
  },
  {
    "event_id": "99f1798e03f1fecd6af647bb8a6fd4fc7bb2a82df6eb1c5dfad75bea961a2752",
    "schema_version": "1.0.0",
    "event_type": "agent_order",
    "source": "synthetic_agent",
    "symbol": "BTCUSDT",
    "exchange": "binance_usdm",
    "timestamp": "2024-05-01T00:00:03Z",
    "sequence": 25,
    "scenario_id": "scenario-463-coordinated_burst",
    "agent_id": "agent-coordinated_burst-1",
    "order_id": "scenario-463-coordinated_burst-agent-coordinated_burst-1-25",
    "action": "new",
    "side": "sell",
    "price": 65449.907400000004,
    "quantity": 0.04,
    "remaining_quantity": 0.04
  },
  {
    "event_id": "ec27f4e65c1c7c63d686b336c6d2546d8e68da6b873c8b287a1cb7caecad6cdc",
    "schema_version": "1.0.0",
    "event_type": "agent_order",
    "source": "synthetic_agent",
    "symbol": "BTCUSDT",
    "exchange": "binance_usdm",
    "timestamp": "2024-05-01T00:00:00.312000Z",
    "sequence": 26,
    "scenario_id": "scenario-463-coordinated_burst",
    "agent_id": "agent-coordinated_burst-2",
    "order_id": "scenario-463-coordinated_burst-agent-coordinated_burst-2-26",
    "action": "new",
    "side": "sell",
    "price": 65449.907400000004,
    "quantity": 0.04,
    "remaining_quantity": 0.04
  },
  {
    "event_id": "34f4847e7deb291cbc85dc096d7bfb729745fed7ead7b2933159c34130ab57f8",
    "schema_version": "1.0.0",
    "event_type": "agent_order",
    "source": "synthetic_agent",
    "symbol": "BTCUSDT",
    "exchange": "binance_usdm",
    "timestamp": "2024-05-01T00:00:00.324000Z",
    "sequence": 27,
    "scenario_id": "scenario-463-coordinated_burst",
    "agent_id": "agent-coordinated_burst-0",
    "order_id": "scenario-463-coordinated_burst-agent-coordinated_burst-0-27",
    "action": "new",
    "side": "buy",
    "price": 65476.092599999996,
    "quantity": 0.04,
    "remaining_quantity": 0.04
  },
  {
    "event_id": "ad5160ad4ab0726e01e9ae651e3de4d9d5cb6789472ed0177a03d80140d76ea0",
    "schema_version": "1.0.0",
    "event_type": "agent_order",
    "source": "synthetic_agent",
    "symbol": "BTCUSDT",
    "exchange": "binance_usdm",
    "timestamp": "2024-05-01T00:00:00.336000Z",
    "sequence": 28,
    "scenario_id": "scenario-463-coordinated_burst",
    "agent_id": "agent-coordinated_burst-1",
    "order_id": "scenario-463-coordinated_burst-agent-coordinated_burst-1-28",
    "action": "new",
    "side": "sell",
    "price": 65449.907400000004,
    "quantity": 0.04,
    "remaining_quantity": 0.04
  },
  {
    "event_id": "042cceebf8a5e10c73ce149f65999ff614b1e9e7d924a0b46fd94dc9e0eac90a",
    "schema_version": "1.0.0",
    "event_type": "agent_order",
    "source": "synthetic_agent",
    "symbol": "BTCUSDT",
    "exchange": "binance_usdm",
    "timestamp": "2024-05-01T00:00:00.348000Z",
    "sequence": 29,
    "scenario_id": "scenario-463-coordinated_burst",
    "agent_id": "agent-coordinated_burst-2",
    "order_id": "scenario-463-coordinated_burst-agent-coordinated_burst-2-29",
    "action": "new",
    "side": "sell",
    "price": 65449.907400000004,
    "quantity": 0.04,
    "remaining_quantity": 0.04
  }
]