[
  {
    "event_id": "304c4bc2d11fd4a7d77b18a1022e09cb5c4f2d289cbe7619611952e413571726",
    "schema_version": "1.0.0",
    "event_type": "agent_order",
    "source": "synthetic_agent",
    "symbol": "BTCUSDT",
    "exchange": "binance_usdm",
    "timestamp": "2024-05-01T00:00:00Z",
    "sequence": 0,
    "scenario_id": "scenario-377-momentum_ignition",
    "agent_id": "agent-momentum_ignition",
    "order_id": "scenario-377-momentum_ignition-agent-momentum_ignition-0",
    "action": "new",
    "side": "buy",
    "price": 65442.37699999999,
    "quantity": 0.08,
    "remaining_quantity": 0.08
  },
  {
    "event_id": "be3fb62954276f8357c5d5dfcbf89227812f61d58a0a2db7f6abaf398522bd40",
    "schema_version": "1.0.0",
    "event_type": "agent_order",
    "source": "synthetic_agent",
    "symbol": "BTCUSDT",
    "exchange": "binance_usdm",
    "timestamp": "2024-05-01T00:00:00.080000Z",
    "sequence": 1,
    "scenario_id": "scenario-377-momentum_ignition",
    "agent_id": "agent-momentum_ignition",
    "order_id": "scenario-377-momentum_ignition-agent-momentum_ignition-1",
    "action": "new",
    "side": "buy",
    "price": 65443.68453999999,
    "quantity": 0.08,
    "remaining_quantity": 0.08
  },
  {
    "event_id": "6f672752b7e518c82d1cf981666d126b6117930b52fd1367e710c60010db443c",
    "schema_version": "1.0.0",
    "event_type": "agent_order",
    "source": "synthetic_agent",
    "symbol": "BTCUSDT",
    "exchange": "binance_usdm",
    "timestamp": "2024-05-01T00:00:00.160000Z",
    "sequence": 2,
    "scenario_id": "scenario-377-momentum_ignition",
    "agent_id": "agent-momentum_ignition",
    "order_id": "scenario-377-momentum_ignition-agent-momentum_ignition-2",
    "action": "new",
    "side": "buy",
    "price": 65444.992079999996,
    "quantity": 0.08,
    "remaining_quantity": 0.08
  },
  {
    "event_id": "727fa0372cd8b3eab1db17327fae2e385bcffcce52f927d8cea930d9f04d560b",
    "schema_version": "1.0.0",
    "event_type": "agent_order",
    "source": "synthetic_agent",
    "symbol": "BTCUSDT",
    "exchange": "binance_usdm",
    "timestamp": "2024-05-01T00:00:00.240000Z",
    "sequence": 3,
    "scenario_id": "scenario-377-momentum_ignition",
    "agent_id": "agent-momentum_ignition",
    "order_id": "scenario-377-momentum_ignition-agent-momentum_ignition-3",
    "action": "new",
    "side": "buy",
    "price": 65446.29961999999,
    "quantity": 0.08,
    "remaining_quantity": 0.08
  },
  {
    "event_id": "390523a455ab2ad81305996e02bc68f92211cc932a093b71d18497e2036f7670",
    "schema_version": "1.0.0",
    "event_type": "agent_order",
    "source": "synthetic_agent",
    "symbol": "BTCUSDT",
    "exchange": "binance_usdm",
    "timestamp": "2024-05-01T00:00:00.320000Z",
    "sequence": 4,
    "scenario_id": "scenario-377-momentum_ignition",
    "agent_id": "agent-momentum_ignition",
    "order_id": "scenario-377-momentum_ignition-agent-momentum_ignition-4",
    "action": "new",
    "side": "buy",
    "price": 65447.60716,
    "quantity": 0.08,
    "remaining_quantity": 0.08
  },
  {
    "event_id": "829bd8afaa3e3b1e755d09d6914cd5ea43fdf9139f150e263c692722cf8a91f6",
    "schema_version": "1.0.0",
    "event_type": "agent_order",
    "source": "synthetic_agent",
    "symbol": "BTCUSDT",
    "exchange": "binance_usdm",
    "timestamp": "2024-05-01T00:00:00.400000Z",
    "sequence": 5,
    "scenario_id": "scenario-377-momentum_ignition",
    "agent_id": "agent-momentum_ignition",
    "order_id": "scenario-377-momentum_ignition-agent-momentum_ignition-5",
    "action": "new",
    "side": "buy",
    "price": 65448.914699999994,
    "quantity": 0.08,
    "remaining_quantity": 0.08
  },
  {
    "event_id": "d56504cdc2f4f72227da658bb71954458299f5da91e6756fe0ce463a282f6505",
    "schema_version": "1.0.0",
    "event_type": "agent_order",
    "source": "synthetic_agent",
    "symbol": "BTCUSDT",
    "exchange": "binance_usdm",
    "timestamp": "2024-05-01T00:00:00.480000Z",
    "sequence": 6,
    "scenario_id": "scenario-377-momentum_ignition",
    "agent_id": "agent-momentum_ignition",
    "order_id": "scenario-377-momentum_ignition-agent-momentum_ignition-6",
    "action": "new",
    "side": "buy",
    "price": 65450.22223999999,
    "quantity": 0.08,
    "remaining_quantity": 0.08
  },
  {
    "event_id": "13d635bd5f4d7e9a62dce6c181aab2695fccf7c0623720cc73aa13a046032360",
    "schema_version": "1.0.0",
    "event_type": "agent_order",
    "source": "synthetic_agent",
    "symbol": "BTCUSDT",
    "exchange": "binance_usdm",
    "timestamp": "2024-05-01T00:00:00.560000Z",
    "sequence": 7,
    "scenario_id": "scenario-377-momentum_ignition",
    "agent_id": "agent-momentum_ignition",
    "order_id": "scenario-377-momentum_ignition-agent-momentum_ignition-7",
    "action": "new",
    "side": "buy",
    "price": 65451.52978,
    "quantity": 0.08,
    "remaining_quantity": 0.08
  },
  {
    "event_id": "5414bc20888ab53e7e5b9621c9fd6844826bdf9456fcd0dd0c00eabe1dbfb8a8",
    "schema_version": "1.0.0",
    "event_type": "agent_order",
    "source": "synthetic_agent",
    "symbol": "BTCUSDT",
    "exchange": "binance_usdm",
    "timestamp": "2024-05-01T00:00:00.640000Z",
    "sequence": 8,
    "scenario_id": "scenario-377-momentum_ignition",
    "agent_id": "agent-momentum_ignition",
    "order_id": "scenario-377-momentum_ignition-agent-momentum_ignition-8",
    "action": "new",
    "side": "buy",
    "price": 65452.83731999999,
    "quantity": 0.08,
    "remaining_quantity": 0.08
  },
  {
    "event_id": "737183b33544dd5c55432ccbdd953bb024c60dca2dd02b9550db7276d86f0692",
    "schema_version": "1.0.0",
    "event_type": "agent_order",
    "source": "synthetic_agent",
    "symbol": "BTCUSDT",
    "exchange": "binance_usdm",
    "timestamp": "2024-05-01T00:00:00.720000Z",
    "sequence": 9,
    "scenario_id": "scenario-377-momentum_ignition",
    "agent_id": "agent-momentum_ignition",
    "order_id": "scenario-377-momentum_ignition-agent-momentum_ignition-9",
    "action": "new",
    "side": "buy",
    "price": 65454.14486,
    "quantity": 0.08,
    "remaining_quantity": 0.08
  },
  {
    "event_id": "ec5372bbc3612ddf38d72c5be523dad78f48b2a2a054b73e31bb1f54cd6387bb",
    "schema_version": "1.0.0",
    "event_type": "agent_order",
    "source": "synthetic_agent",
    "symbol": "BTCUSDT",
    "exchange": "binance_usdm",
    "timestamp": "2024-05-01T00:00:00.800000Z",
    "sequence": 10,
    "scenario_id": "scenario-377-momentum_ignition",
    "agent_id": "agent-momentum_ignition",
    "order_id": "scenario-377-momentum_ignition-agent-momentum_ignition-10",
    "action": "new",
    "side": "buy",
    "price": 65455.452399999995,
    "quantity": 0.08,
    "remaining_quantity": 0.08
  },
  {
    "event_id": "6edb0518c163120152cbbf1b7c963eba25f7444dd0c2621ca06ce30c4224e092",
    "schema_version": "1.0.0",
    "event_type": "agent_order",
    "source": "synthetic_agent",
    "symbol": "BTCUSDT",
    "exchange": "binance_usdm",
    "timestamp": "2024-05-01T00:00:00.880000Z",
    "sequence": 11,
    "scenario_id": "scenario-377-momentum_ignition",
    "agent_id": "agent-momentum_ignition",
    "order_id": "scenario-377-momentum_ignition-agent-momentum_ignition-11",
    "action": "new",
    "side": "buy",
    "price": 65456.75994,
    "quantity": 0.08,
    "remaining_quantity": 0.08
  },
  {
    "event_id": "71a5642798d05f10fe7442a0682f770c858d5e445dafc24e4408739cbf72ea2d",
    "schema_version": "1.0.0",
    "event_type": "agent_order",
    "source": "synthetic_agent",
    "symbol": "BTCUSDT",
    "exchange": "binance_usdm",
    "timestamp": "2024-05-01T00:00:00.960000Z",
    "sequence": 12,
    "scenario_id": "scenario-377-momentum_ignition",
    "agent_id": "agent-momentum_ignition",
    "order_id": "scenario-377-momentum_ignition-agent-momentum_ignition-12",
    "action": "new",
    "side": "buy",
    "price": 65458.06747999999,
    "quantity": 0.08,
    "remaining_quantity": 0.08
  },
  {
    "event_id": "0098ac1227b3fd84377e613f01879cba746e2f803c04fadc10faca1e8508f440",
    "schema_version": "1.0.0",
    "event_type": "agent_order",
    "source": "synthetic_agent",
    "symbol": "BTCUSDT",
    "exchange": "binance_usdm",
    "timestamp": "2024-05-01T00:00:01.040000Z",
    "sequence": 13,
    "scenario_id": "scenario-377-momentum_ignition",
    "agent_id": "agent-momentum_ignition",
    "order_id": "scenario-377-momentum_ignition-agent-momentum_ignition-13",
    "action": "new",
    "side": "buy",
    "price": 65459.375019999985,
    "quantity": 0.08,
    "remaining_quantity": 0.08
  },
  {
    "event_id": "95f987be719ce3ad59625617d2f98cb01d749c24f34fa96cf815bcfce92af864",
    "schema_version": "1.0.0",
    "event_type": "agent_order",
    "source": "synthetic_agent",
    "symbol": "BTCUSDT",
    "exchange": "binance_usdm",
    "timestamp": "2024-05-01T00:00:01.120000Z",
    "sequence": 14,
    "scenario_id": "scenario-377-momentum_ignition",
    "agent_id": "agent-momentum_ignition",
    "order_id": "scenario-377-momentum_ignition-agent-momentum_ignition-14",
    "action": "new",
    "side": "buy",
    "price": 65460.682559999994,
    "quantity": 0.08,
    "remaining_quantity": 0.08
  },
  {
    "event_id": "74040cefeb2494deb9da3524a95d1f4d8dac981d1998a96ed2e486e2eb6f262d",
    "schema_version": "1.0.0",
    "event_type": "agent_order",
    "source": "synthetic_agent",
    "symbol": "BTCUSDT",
    "exchange": "binance_usdm",
    "timestamp": "2024-05-01T00:00:01.200000Z",
    "sequence": 15,
    "scenario_id": "scenario-377-momentum_ignition",
    "agent_id": "agent-momentum_ignition",
    "order_id": "scenario-377-momentum_ignition-agent-momentum_ignition-15",
    "action": "new",
    "side": "buy",
    "price": 65461.99009999999,
    "quantity": 0.08,
    "remaining_quantity": 0.08
  },
  {
    "event_id": "1a6e587dceb97b01e65ddf6ac3a960ab14c2ba7687d06859cff9b44c55871828",
    "schema_version": "1.0.0",
    "event_type": "agent_order",
    "source": "synthetic_agent",
    "symbol": "BTCUSDT",
    "exchange": "binance_usdm",
    "timestamp": "2024-05-01T00:00:01.280000Z",
    "sequence": 16,
    "scenario_id": "scenario-377-momentum_ignition",
    "agent_id": "agent-momentum_ignition",
    "order_id": "scenario-377-momentum_ignition-agent-momentum_ignition-16",
    "action": "new",
    "side": "buy",
    "price": 65463.29764,
    "quantity": 0.08,
    "remaining_quantity": 0.08
  },
  {
    "event_id": "7be54fab12940261dde62586c1302b005913950ff02ad99db3528d791bd92b0f",
    "schema_version": "1.0.0",
    "event_type": "agent_order",
    "source": "synthetic_agent",
    "symbol": "BTCUSDT",
    "exchange": "binance_usdm",
    "timestamp": "2024-05-01T00:00:01.360000Z",
    "sequence": 17,
    "scenario_id": "scenario-377-momentum_ignition",
    "agent_id": "agent-momentum_ignition",
    "order_id": "scenario-377-momentum_ignition-agent-momentum_ignition-17",
    "action": "new",
    "side": "buy",
    "price": 65464.60517999999,
    "quantity": 0.08,
    "remaining_quantity": 0.08
  },
  {
    "event_id": "ee41934fcb8e13c1c254ce52c2072b16c875a3c56d98f028824e87e277f197e7",
    "schema_version": "1.0.0",
    "event_type": "agent_order",
    "source": "synthetic_agent",
    "symbol": "BTCUSDT",
    "exchange": "binance_usdm",
    "timestamp": "2024-05-01T00:00:01.440000Z",
    "sequence": 18,
    "scenario_id": "scenario-377-momentum_ignition",
    "agent_id": "agent-momentum_ignition",
    "order_id": "scenario-377-momentum_ignition-agent-momentum_ignition-18",
    "action": "new",
    "side": "buy",
    "price": 65465.912719999986,
    "quantity": 0.08,
    "remaining_quantity": 0.08
  },
  {
    "event_id": "cbf9f216c81445d77c7a64dc8919a14b3d77d8cd88969191f3eecae5486e005c",
    "schema_version": "1.0.0",
    "event_type": "agent_order",
    "source": "synthetic_agent",
    "symbol": "BTCUSDT",
    "exchange": "binance_usdm",
    "timestamp": "2024-05-01T00:00:01.520000Z",
    "sequence": 19,
    "scenario_id": "scenario-377-momentum_ignition",
    "agent_id": "agent-momentum_ignition",
    "order_id": "scenario-377-momentum_ignition-agent-momentum_ignition-19",
    "action": "new",
    "side": "buy",
    "price": 65467.220259999995,
    "quantity": 0.08,
    "remaining_quantity": 0.08
  },
  {
    "event_id": "e16b9800f868755764e4e6f0b8d3265fee9900cb666a2915b46ee330189f5afc",
    "schema_version": "1.0.0",
    "event_type": "agent_order",
    "source": "synthetic_agent",
    "symbol": "BTCUSDT",
    "exchange": "binance_usdm",
    "timestamp": "2024-05-01T00:00:01.600000Z",
    "sequence": 20,
    "scenario_id": "scenario-377-momentum_ignition",
    "agent_id": "agent-momentum_ignition",
    "order_id": "scenario-377-momentum_ignition-agent-momentum_ignition-20",
    "action": "new",
    "side": "buy",
    "price": 65468.52779999999,
    "quantity": 0.08,
    "remaining_quantity": 0.08
  },
  {
    "event_id": "9b5ee8a707c650fc2a5ac0248323ccdcda50be8f137c62e763211336d08ff9d2",
    "schema_version": "1.0.0",
    "event_type": "agent_order",
    "source": "synthetic_agent",
    "symbol": "BTCUSDT",
    "exchange": "binance_usdm",
    "timestamp": "2024-05-01T00:00:01.680000Z",
    "sequence": 21,
    "scenario_id": "scenario-377-momentum_ignition",
    "agent_id": "agent-momentum_ignition",
    "order_id": "scenario-377-momentum_ignition-agent-momentum_ignition-21",
    "action": "new",
    "side": "buy",
    "price": 65469.83534,
    "quantity": 0.08,
    "remaining_quantity": 0.08
  },
  {
    "event_id": "db6998455d283f028805e16e7dcea0f47a7bdb1580c018f4202728ba873b0894",
    "schema_version": "1.0.0",
    "event_type": "agent_order",
    "source": "synthetic_agent",
    "symbol": "BTCUSDT",
    "exchange": "binance_usdm",
    "timestamp": "2024-05-01T00:00:01.760000Z",
    "sequence": 22,
    "scenario_id": "scenario-377-momentum_ignition",
    "agent_id": "agent-momentum_ignition",
    "order_id": "scenario-377-momentum_ignition-agent-momentum_ignition-22",
    "action": "new",
    "side": "buy",
    "price": 65471.14287999999,
    "quantity": 0.08,
    "remaining_quantity": 0.08
  },
  {
    "event_id": "e829541ae9967c2fa709eeb17e4856b64d9a7f6d0a6985307be8038a62caea1c",
    "schema_version": "1.0.0",
    "event_type": "agent_order",
    "source": "synthetic_agent",
    "symbol": "BTCUSDT",
    "exchange": "binance_usdm",
    "timestamp": "2024-05-01T00:00:01.840000Z",
    "sequence": 23,
    "scenario_id": "scenario-377-momentum_ignition",
    "agent_id": "agent-momentum_ignition",
    "order_id": "scenario-377-momentum_ignition-agent-momentum_ignition-23",
    "action": "new",
    "side": "buy",
    "price": 65472.45041999999,
    "quantity": 0.08,
    "remaining_quantity": 0.08
  },
  {
    "event_id": "5d530087f6c32b9515a8a8694519f49e3c90979dd78fcd71c4efee53b7ee5651",
    "schema_version": "1.0.0",
    "event_type": "agent_order",
    "source": "synthetic_agent",
    "symbol": "BTCUSDT",
    "exchange": "binance_usdm",
    "timestamp": "2024-05-01T00:00:01.920000Z",
    "sequence": 24,
    "scenario_id": "scenario-377-momentum_ignition",
    "agent_id": "agent-momentum_ignition",
    "order_id": "scenario-377-momentum_ignition-agent-momentum_ignition-24",
    "action": "new",
    "side": "buy",
    "price": 65473.757959999995,
    "quantity": 0.08,
    "remaining_quantity": 0.08
  },
  {
    "event_id": "7ea368772a3c121546253e0322372f4b559ed5cdec53262564835721b8befcd2",
    "schema_version": "1.0.0",
    "event_type": "agent_order",
    "source": "synthetic_agent",
    "symbol": "BTCUSDT",
    "exchange": "binance_usdm",
    "timestamp": "2024-05-01T00:00:02Z",
    "sequence": 25,
    "scenario_id": "scenario-377-momentum_ignition",
    "agent_id": "agent-momentum_ignition",
    "order_id": "scenario-377-momentum_ignition-agent-momentum_ignition-25",
    "action": "new",
    "side": "buy",
    "price": 65475.06549999999,
    "quantity": 0.08,
    "remaining_quantity": 0.08
  },
  {
    "event_id": "5b7d4fa1f89d6b6488626cf11c4e5658aae9636c0c14eed12248c1b7dbc87c42",
    "schema_version": "1.0.0",
    "event_type": "agent_order",
    "source": "synthetic_agent",
    "symbol": "BTCUSDT",
    "exchange": "binance_usdm",
    "timestamp": "2024-05-01T00:00:02.080000Z",
    "sequence": 26,
    "scenario_id": "scenario-377-momentum_ignition",
    "agent_id": "agent-momentum_ignition",
    "order_id": "scenario-377-momentum_ignition-agent-momentum_ignition-26",
    "action": "new",
    "side": "buy",
    "price": 65476.37304,
    "quantity": 0.08,
    "remaining_quantity": 0.08
  },
  {
    "event_id": "02a733be4240f1bdfa01beebfac71fd4949cf21fc69e14bdcd3cad7954da7096",
    "schema_version": "1.0.0",
    "event_type": "agent_order",
    "source": "synthetic_agent",
    "symbol": "BTCUSDT",
    "exchange": "binance_usdm",
    "timestamp": "2024-05-01T00:00:02.160000Z",
    "sequence": 27,
    "scenario_id": "scenario-377-momentum_ignition",
    "agent_id": "agent-momentum_ignition",
    "order_id": "scenario-377-momentum_ignition-agent-momentum_ignition-27",
    "action": "new",
    "side": "buy",
    "price": 65477.68057999999,
    "quantity": 0.08,
    "remaining_quantity": 0.08
  },
  {
    "event_id": "8fae5f94e98b766b1d0bce1aa9f27645a2e22f3b4098dec38285f15d3bd90e46",
    "schema_version": "1.0.0",
    "event_type": "agent_order",
    "source": "synthetic_agent",
    "symbol": "BTCUSDT",
    "exchange": "binance_usdm",
    "timestamp": "2024-05-01T00:00:02.240000Z",
    "sequence": 28,
    "scenario_id": "scenario-377-momentum_ignition",
    "agent_id": "agent-momentum_ignition",
    "order_id": "scenario-377-momentum_ignition-agent-momentum_ignition-28",
    "action": "new",
    "side": "buy",
    "price": 65478.98811999999,
    "quantity": 0.08,
    "remaining_quantity": 0.08
  },
  {
    "event_id": "24a3df6992fdf6d05ae503869f141335d94b12da400b1b0c8357e588c72119b9",
    "schema_version": "1.0.0",
    "event_type": "agent_order",
    "source": "synthetic_agent",
    "symbol": "BTCUSDT",
    "exchange": "binance_usdm",
    "timestamp": "2024-05-01T00:00:02.320000Z",
    "sequence": 29,
    "scenario_id": "scenario-377-momentum_ignition",
    "agent_id": "agent-momentum_ignition",
    "order_id": "scenario-377-momentum_ignition-agent-momentum_ignition-29",
    "action": "new",
    "side": "buy",
    "price": 65480.295659999996,
    "quantity": 0.08,
    "remaining_quantity": 0.08
  }
]