[
  {
    "event_id": "737dde3dc80293d543268d7c92a09583684481aaddc43013f4f2c8cbb80a82c2",
    "schema_version": "1.0.0",
    "event_type": "agent_order",
    "source": "synthetic_agent",
    "symbol": "BTCUSDT",
    "exchange": "binance_usdm",
    "timestamp": "2024-05-01T00:00:00Z",
    "sequence": 0,
    "scenario_id": "scenario-299-volatility_feedback",
    "agent_id": "agent-volatility_feedback",
    "order_id": "scenario-299-volatility_feedback-agent-volatility_feedback-0",
    "action": "new",
    "side": "buy",
    "price": 65364.29899999999,
    "quantity": 0.02,
    "remaining_quantity": 0.02
  },
  {
    "event_id": "a8894e3c5f6b9daf9e6f3a6affee581f0ac12d35b2b38a72ed75af246b23a8bb",
    "schema_version": "1.0.0",
    "event_type": "agent_order",
    "source": "synthetic_agent",
    "symbol": "BTCUSDT",
    "exchange": "binance_usdm",
    "timestamp": "2024-05-01T00:00:00.020000Z",
    "sequence": 1,
    "scenario_id": "scenario-299-volatility_feedback",
    "agent_id": "agent-volatility_feedback",
    "order_id": "scenario-299-volatility_feedback-agent-volatility_feedback-1",
    "action": "new",
    "side": "sell",
    "price": 65232.395019999996,
    "quantity": 0.03,
    "remaining_quantity": 0.03
  },
  {
    "event_id": "47b2211bc7ec8aad0e37d0af641e899679a1713a99f3c238b62ecbe5b70002b0",
    "schema_version": "1.0.0",
    "event_type": "agent_order",
    "source": "synthetic_agent",
    "symbol": "BTCUSDT",
    "exchange": "binance_usdm",
    "timestamp": "2024-05-01T00:00:00.040000Z",
    "sequence": 2,
    "scenario_id": "scenario-299-volatility_feedback",
    "agent_id": "agent-volatility_feedback",
    "order_id": "scenario-299-volatility_feedback-agent-volatility_feedback-2",
    "action": "new",
    "side": "buy",
    "price": 65366.910959999994,
    "quantity": 0.04,
    "remaining_quantity": 0.04
  },
  {
    "event_id": "bc1352bc60cf5857e7e84694d65f4cd8c6d6a98719a75f4bbba978bee05c5b94",
    "schema_version": "1.0.0",
    "event_type": "agent_order",
    "source": "synthetic_agent",
    "symbol": "BTCUSDT",
    "exchange": "binance_usdm",
    "timestamp": "2024-05-01T00:00:00.060000Z",
    "sequence": 3,
    "scenario_id": "scenario-299-volatility_feedback",
    "agent_id": "agent-volatility_feedback",
    "order_id": "scenario-299-volatility_feedback-agent-volatility_feedback-3",
    "action": "new",
    "side": "sell",
    "price": 65229.78306,
    "quantity": 0.05,
    "remaining_quantity": 0.05
  },
  {
    "event_id": "72c373b5f93c313572466c68ef621cd7e55e056b02cb74a4dca14509dc0efb1b",
    "schema_version": "1.0.0",
    "event_type": "agent_order",
    "source": "synthetic_agent",
    "symbol": "BTCUSDT",
    "exchange": "binance_usdm",
    "timestamp": "2024-05-01T00:00:00.080000Z",
    "sequence": 4,
    "scenario_id": "scenario-299-volatility_feedback",
    "agent_id": "agent-volatility_feedback",
    "order_id": "scenario-299-volatility_feedback-agent-volatility_feedback-4",
    "action": "new",
    "side": "buy",
    "price": 65369.522919999996,
    "quantity": 0.02,
    "remaining_quantity": 0.02
  },
  {
    "event_id": "0ef49973552d25f1dfd5a26e3a8451e25ff1bc67a08b0ffbae6b7c907b6a3908",
    "schema_version": "1.0.0",
    "event_type": "agent_order",
    "source": "synthetic_agent",
    "symbol": "BTCUSDT",
    "exchange": "binance_usdm",
    "timestamp": "2024-05-01T00:00:00.100000Z",
    "sequence": 5,
    "scenario_id": "scenario-299-volatility_feedback",
    "agent_id": "agent-volatility_feedback",
    "order_id": "scenario-299-volatility_feedback-agent-volatility_feedback-5",
    "action": "new",
    "side": "sell",
    "price": 65227.1711,
    "quantity": 0.03,
    "remaining_quantity": 0.03
  },
  {
    "event_id": "538c708cba68c16017e917f4fb502d4143596e59dc875127930000d334e49160",
    "schema_version": "1.0.0",
    "event_type": "agent_order",
    "source": "synthetic_agent",
    "symbol": "BTCUSDT",
    "exchange": "binance_usdm",
    "timestamp": "2024-05-01T00:00:00.120000Z",
    "sequence": 6,
    "scenario_id": "scenario-299-volatility_feedback",
    "agent_id": "agent-volatility_feedback",
    "order_id": "scenario-299-volatility_feedback-agent-volatility_feedback-6",
    "action": "new",
    "side": "buy",
    "price": 65372.13488,
    "quantity": 0.04,
    "remaining_quantity": 0.04
  },
  {
    "event_id": "77d07908c7fdd60382ba1ea1a72d2c0264884f0f0e0ace8fd567d1eb59029478",
    "schema_version": "1.0.0",
    "event_type": "agent_order",
    "source": "synthetic_agent",
    "symbol": "BTCUSDT",
    "exchange": "binance_usdm",
    "timestamp": "2024-05-01T00:00:00.140000Z",
    "sequence": 7,
    "scenario_id": "scenario-299-volatility_feedback",
    "agent_id": "agent-volatility_feedback",
    "order_id": "scenario-299-volatility_feedback-agent-volatility_feedback-7",
    "action": "new",
    "side": "sell",
    "price": 65224.55914,
    "quantity": 0.05,
    "remaining_quantity": 0.05
  },
  {
    "event_id": "dfb1455e0ca76cfb87303470118430724eca0acaa0743914c3e8b42ad4756c3b",
    "schema_version": "1.0.0",
    "event_type": "agent_order",
    "source": "synthetic_agent",
    "symbol": "BTCUSDT",
    "exchange": "binance_usdm",
    "timestamp": "2024-05-01T00:00:00.160000Z",
    "sequence": 8,
    "scenario_id": "scenario-299-volatility_feedback",
    "agent_id": "agent-volatility_feedback",
    "order_id": "scenario-299-volatility_feedback-agent-volatility_feedback-8",
    "action": "new",
    "side": "buy",
    "price": 65374.74684,
    "quantity": 0.02,
    "remaining_quantity": 0.02
  },
  {
    "event_id": "ffc8e1b01f7c27b5dbb088a310ff905dc46fea2947f811ed377098672e3aa784",
    "schema_version": "1.0.0",
    "event_type": "agent_order",
    "source": "synthetic_agent",
    "symbol": "BTCUSDT",
    "exchange": "binance_usdm",
    "timestamp": "2024-05-01T00:00:00.180000Z",
    "sequence": 9,
    "scenario_id": "scenario-299-volatility_feedback",
    "agent_id": "agent-volatility_feedback",
    "order_id": "scenario-299-volatility_feedback-agent-volatility_feedback-9",
    "action": "new",
    "side": "sell",
    "price": 65221.94718,
    "quantity": 0.03,
    "remaining_quantity": 0.03
  },
  {
    "event_id": "f73afa2debbfcf0980c3812455623e6e2ef037c098515a3c84f63bff0cac4874",
    "schema_version": "1.0.0",
    "event_type": "agent_order",
    "source": "synthetic_agent",
    "symbol": "BTCUSDT",
    "exchange": "binance_usdm",
    "timestamp": "2024-05-01T00:00:00.200000Z",
    "sequence": 10,
    "scenario_id": "scenario-299-volatility_feedback",
    "agent_id": "agent-volatility_feedback",
    "order_id": "scenario-299-volatility_feedback-agent-volatility_feedback-10",
    "action": "new",
    "side": "buy",
    "price": 65377.35880000001,
    "quantity": 0.04,
    "remaining_quantity": 0.04
  },
  {
    "event_id": "a747241aa418fa0f738683f5f954e9947888766f675e0fed025fc4a3f9948345",
    "schema_version": "1.0.0",
    "event_type": "agent_order",
    "source": "synthetic_agent",
    "symbol": "BTCUSDT",
    "exchange": "binance_usdm",
    "timestamp": "2024-05-01T00:00:00.220000Z",
    "sequence": 11,
    "scenario_id": "scenario-299-volatility_feedback",
    "agent_id": "agent-volatility_feedback",
    "order_id": "scenario-299-volatility_feedback-agent-volatility_feedback-11",
    "action": "new",
    "side": "sell",
    "price": 65219.33522,
    "quantity": 0.05,
    "remaining_quantity": 0.05
  },
  {
    "event_id": "da1ea3f70f6fa070cb1b4e45161e28db288d5dcab91b13ea480049e024d2d517",
    "schema_version": "1.0.0",
    "event_type": "agent_order",
    "source": "synthetic_agent",
    "symbol": "BTCUSDT",
    "exchange": "binance_usdm",
    "timestamp": "2024-05-01T00:00:00.240000Z",
    "sequence": 12,
    "scenario_id": "scenario-299-volatility_feedback",
    "agent_id": "agent-volatility_feedback",
    "order_id": "scenario-299-volatility_feedback-agent-volatility_feedback-12",
    "action": "new",
    "side": "buy",
    "price": 65379.97076,
    "quantity": 0.02,
    "remaining_quantity": 0.02
  },
  {
    "event_id": "9e8f9b0fbc402f7b72df6b7557329e10beea4d4a6447c007cc3c1fee7f0a7274",
    "schema_version": "1.0.0",
    "event_type": "agent_order",
    "source": "synthetic_agent",
    "symbol": "BTCUSDT",
    "exchange": "binance_usdm",
    "timestamp": "2024-05-01T00:00:00.260000Z",
    "sequence": 13,
    "scenario_id": "scenario-299-volatility_feedback",
    "agent_id": "agent-volatility_feedback",
    "order_id": "scenario-299-volatility_feedback-agent-volatility_feedback-13",
    "action": "new",
    "side": "sell",
    "price": 65216.72326,
    "quantity": 0.03,
    "remaining_quantity": 0.03
  },
  {
    "event_id": "e42ae68ea8c74785205cf37b79a16c70559447df6f1e8651605f0d23c71305d0",
    "schema_version": "1.0.0",
    "event_type": "agent_order",
    "source": "synthetic_agent",
    "symbol": "BTCUSDT",
    "exchange": "binance_usdm",
    "timestamp": "2024-05-01T00:00:00.280000Z",
    "sequence": 14,
    "scenario_id": "scenario-299-volatility_feedback",
    "agent_id": "agent-volatility_feedback",
    "order_id": "scenario-299-volatility_feedback-agent-volatility_feedback-14",
    "action": "new",
    "side": "buy",
    "price": 65382.58272,
    "quantity": 0.04,
    "remaining_quantity": 0.04
  },
  {
    "event_id": "e20f857be419e77912ec9d374f00cd22f09a8d21cb368dd6b2f24910241debd3",
    "schema_version": "1.0.0",
    "event_type": "agent_order",
    "source": "synthetic_agent",
    "symbol": "BTCUSDT",
    "exchange": "binance_usdm",
    "timestamp": "2024-05-01T00:00:00.300000Z",
    "sequence": 15,
    "scenario_id": "scenario-299-volatility_feedback",
    "agent_id": "agent-volatility_feedback",
    "order_id": "scenario-299-volatility_feedback-agent-volatility_feedback-15",
    "action": "new",
    "side": "sell",
    "price": 65214.111300000004,
    "quantity": 0.05,
    "remaining_quantity": 0.05
  },
  {
    "event_id": "1634a1e373df061fc605b95949ae5abdc7fc160d61e6c39d1b564be9c4d65846",
    "schema_version": "1.0.0",
    "event_type": "agent_order",
    "source": "synthetic_agent",
    "symbol": "BTCUSDT",
    "exchange": "binance_usdm",
    "timestamp": "2024-05-01T00:00:00.320000Z",
    "sequence": 16,
    "scenario_id": "scenario-299-volatility_feedback",
    "agent_id": "agent-volatility_feedback",
    "order_id": "scenario-299-volatility_feedback-agent-volatility_feedback-16",
    "action": "new",
    "side": "buy",
    "price": 65385.19468,
    "quantity": 0.02,
    "remaining_quantity": 0.02
  },
  {
    "event_id": "3fb6b75e8d5137ab318784f6ebbac0820ff9bb0ecd591ad5e08e54402d4d060b",
    "schema_version": "1.0.0",
    "event_type": "agent_order",
    "source": "synthetic_agent",
    "symbol": "BTCUSDT",
    "exchange": "binance_usdm",
    "timestamp": "2024-05-01T00:00:00.340000Z",
    "sequence": 17,
    "scenario_id": "scenario-299-volatility_feedback",
    "agent_id": "agent-volatility_feedback",
    "order_id": "scenario-299-volatility_feedback-agent-volatility_feedback-17",
    "action": "new",
    "side": "sell",
    "price": 65211.49934,
    "quantity": 0.03,
    "remaining_quantity": 0.03
  },
  {
    "event_id": "40b3ccda82c38bec6d468485ca9887c7aeef24eb41ccd33c516596a5113cc7dd",
    "schema_version": "1.0.0",
    "event_type": "agent_order",
    "source": "synthetic_agent",
    "symbol": "BTCUSDT",
    "exchange": "binance_usdm",
    "timestamp": "2024-05-01T00:00:00.360000Z",
    "sequence": 18,
    "scenario_id": "scenario-299-volatility_feedback",
    "agent_id": "agent-volatility_feedback",
    "order_id": "scenario-299-volatility_feedback-agent-volatility_feedback-18",
    "action": "new",
    "side": "buy",
    "price": 65387.80664,
    "quantity": 0.04,
    "remaining_quantity": 0.04
  },
  {
    "event_id": "f9e9a039166c53c5cf90072600134dcb728dcad9d46f6330790e2b48368ef3e4",
    "schema_version": "1.0.0",
    "event_type": "agent_order",
    "source": "synthetic_agent",
    "symbol": "BTCUSDT",
    "exchange": "binance_usdm",
    "timestamp": "2024-05-01T00:00:00.380000Z",
    "sequence": 19,
    "scenario_id": "scenario-299-volatility_feedback",
    "agent_id": "agent-volatility_feedback",
    "order_id": "scenario-299-volatility_feedback-agent-volatility_feedback-19",
    "action": "new",
    "side": "sell",
    "price": 65208.88738,
    "quantity": 0.05,
    "remaining_quantity": 0.05
  },
  {
    "event_id": "9059896b6ba1d681d4b0e7c47185bbfbd3b890c4adf918430ab576aaca3dc284",
    "schema_version": "1.0.0",
    "event_type": "agent_order",
    "source": "synthetic_agent",
    "symbol": "BTCUSDT",
    "exchange": "binance_usdm",
    "timestamp": "2024-05-01T00:00:00.400000Z",
    "sequence": 20,
    "scenario_id": "scenario-299-volatility_feedback",
    "agent_id": "agent-volatility_feedback",
    "order_id": "scenario-299-volatility_feedback-agent-volatility_feedback-20",
    "action": "new",
    "side": "buy",
    "price": 65390.418600000005,
    "quantity": 0.02,
    "remaining_quantity": 0.02
  },
  {
    "event_id": "51909319770cf24db53ddb56fcec810b9599e35ba66d6dc5bad378b8c4fe378c",
    "schema_version": "1.0.0",
    "event_type": "agent_order",
    "source": "synthetic_agent",
    "symbol": "BTCUSDT",
    "exchange": "binance_usdm",
    "timestamp": "2024-05-01T00:00:00.420000Z",
    "sequence": 21,
    "scenario_id": "scenario-299-volatility_feedback",
    "agent_id": "agent-volatility_feedback",
    "order_id": "scenario-299-volatility_feedback-agent-volatility_feedback-21",
    "action": "new",
    "side": "sell",
    "price": 65206.27542,
    "quantity": 0.03,
    "remaining_quantity": 0.03
  },
  {
    "event_id": "5c8a8a03298f6a75f1c06bc7bcc71105e84983f45cc2b16ade480c1e11cf573c",
    "schema_version": "1.0.0",
    "event_type": "agent_order",
    "source": "synthetic_agent",
    "symbol": "BTCUSDT",
    "exchange": "binance_usdm",
    "timestamp": "2024-05-01T00:00:00.440000Z",
    "sequence": 22,
    "scenario_id": "scenario-299-volatility_feedback",
    "agent_id": "agent-volatility_feedback",
    "order_id": "scenario-299-volatility_feedback-agent-volatility_feedback-22",
    "action": "new",
    "side": "buy",
    "price": 65393.03056000001,
    "quantity": 0.04,
    "remaining_quantity": 0.04
  },
  {
    "event_id": "7419624b174fc26fb3338cdbff54b2725e836ae3cfdf2cddc01716b8a73e2489",
    "schema_version": "1.0.0",
    "event_type": "agent_order",
    "source": "synthetic_agent",
    "symbol": "BTCUSDT",
    "exchange": "binance_usdm",
    "timestamp": "2024-05-01T00:00:00.460000Z",
    "sequence": 23,
    "scenario_id": "scenario-299-volatility_feedback",
    "agent_id": "agent-volatility_feedback",
    "order_id": "scenario-299-volatility_feedback-agent-volatility_feedback-23",
    "action": "new",
    "side": "sell",
    "price": 65203.663459999996,
    "quantity": 0.05,
    "remaining_quantity": 0.05
  },
  {
    "event_id": "81d35814f6958be1332c737235b8b0a216a0eb66d2744a8b6e1c97e8ca1e50bb",
    "schema_version": "1.0.0",
    "event_type": "agent_order",
    "source": "synthetic_agent",
    "symbol": "BTCUSDT",
    "exchange": "binance_usdm",
    "timestamp": "2024-05-01T00:00:00.480000Z",
    "sequence": 24,
    "scenario_id": "scenario-299-volatility_feedback",
    "agent_id": "agent-volatility_feedback",
    "order_id": "scenario-299-volatility_feedback-agent-volatility_feedback-24",
    "action": "new",
    "side": "buy",
    "price": 65395.642519999994,
    "quantity": 0.02,
    "remaining_quantity": 0.02
  },
  {
    "event_id": "a486df38e9904448ee099e357c7f46b8dd84a0223a7df475bc55a170bd1f5982",
    "schema_version": "1.0.0",
    "event_type": "agent_order",
    "source": "synthetic_agent",
    "symbol": "BTCUSDT",
    "exchange": "binance_usdm",
    "timestamp": "2024-05-01T00:00:00.500000Z",
    "sequence": 25,
    "scenario_id": "scenario-299-volatility_feedback",
    "agent_id": "agent-volatility_feedback",
    "order_id": "scenario-299-volatility_feedback-agent-volatility_feedback-25",
    "action": "new",
    "side": "sell",
    "price": 65201.0515,
    "quantity": 0.03,
    "remaining_quantity": 0.03
  },
  {
    "event_id": "e564d6c8c780cc0cbd85ad9cbe369b6052c22901ee80f5892798a2a379a03220",
    "schema_version": "1.0.0",
    "event_type": "agent_order",
    "source": "synthetic_agent",
    "symbol": "BTCUSDT",
    "exchange": "binance_usdm",
    "timestamp": "2024-05-01T00:00:00.520000Z",
    "sequence": 26,
    "scenario_id": "scenario-299-volatility_feedback",
    "agent_id": "agent-volatility_feedback",
    "order_id": "scenario-299-volatility_feedback-agent-volatility_feedback-26",
    "action": "new",
    "side": "buy",
    "price": 65398.254479999996,
    "quantity": 0.04,
    "remaining_quantity": 0.04
  },
  {
    "event_id": "2fdacc49d6e6e79ce125c8c880e1c1481cb72b574d00273b3d765f530413d996",
    "schema_version": "1.0.0",
    "event_type": "agent_order",
    "source": "synthetic_agent",
    "symbol": "BTCUSDT",
    "exchange": "binance_usdm",
    "timestamp": "2024-05-01T00:00:00.540000Z",
    "sequence": 27,
    "scenario_id": "scenario-299-volatility_feedback",
    "agent_id": "agent-volatility_feedback",
    "order_id": "scenario-299-volatility_feedback-agent-volatility_feedback-27",
    "action": "new",
    "side": "sell",
    "price": 65198.43954,
    "quantity": 0.05,
    "remaining_quantity": 0.05
  },
  {
    "event_id": "92d232815685f791b2bbafe7badc9995ef286c7398afdb181d247d1425d9dcb4",
    "schema_version": "1.0.0",
    "event_type": "agent_order",
    "source": "synthetic_agent",
    "symbol": "BTCUSDT",
    "exchange": "binance_usdm",
    "timestamp": "2024-05-01T00:00:00.560000Z",
    "sequence": 28,
    "scenario_id": "scenario-299-volatility_feedback",
    "agent_id": "agent-volatility_feedback",
    "order_id": "scenario-299-volatility_feedback-agent-volatility_feedback-28",
    "action": "new",
    "side": "buy",
    "price": 65400.86644,
    "quantity": 0.02,
    "remaining_quantity": 0.02
  },
  {
    "event_id": "7e8e28c489ddd8585669892690857b8024039c85669186f132c1fe4b7a1e787d",
    "schema_version": "1.0.0",
    "event_type": "agent_order",
    "source": "synthetic_agent",
    "symbol": "BTCUSDT",
    "exchange": "binance_usdm",
    "timestamp": "2024-05-01T00:00:00.580000Z",
    "sequence": 29,
    "scenario_id": "scenario-299-volatility_feedback",
    "agent_id": "agent-volatility_feedback",
    "order_id": "scenario-299-volatility_feedback-agent-volatility_feedback-29",
    "action": "new",
    "side": "sell",
    "price": 65195.82758,
    "quantity": 0.03,
    "remaining_quantity": 0.03
  }
]