[
  {
    "event_id": "d3e682e509d4c6ddcc860c2f80db409634105bee0249ad4f2ee5720fe385f8de",
    "schema_version": "1.0.0",
    "event_type": "agent_order",
    "source": "synthetic_agent",
    "symbol": "BTCUSDT",
    "exchange": "binance_usdm",
    "timestamp": "2024-05-01T00:00:00Z",
    "sequence": 0,
    "scenario_id": "scenario-029-momentum_ignition",
    "agent_id": "agent-momentum_ignition",
    "order_id": "scenario-029-momentum_ignition-agent-momentum_ignition-0",
    "action": "new",
    "side": "buy",
    "price": 65094.028999999995,
    "quantity": 0.08,
    "remaining_quantity": 0.08
  },
  {
    "event_id": "62a74e6f09a2094f0313261b22b0fbbc8f6cdf14b617a6cbe00bc837797025f5",
    "schema_version": "1.0.0",
    "event_type": "agent_order",
    "source": "synthetic_agent",
    "symbol": "BTCUSDT",
    "exchange": "binance_usdm",
    "timestamp": "2024-05-01T00:00:00.080000Z",
    "sequence": 1,
    "scenario_id": "scenario-029-momentum_ignition",
    "agent_id": "agent-momentum_ignition",
    "order_id": "scenario-029-momentum_ignition-agent-momentum_ignition-1",
    "action": "new",
    "side": "buy",
    "price": 65095.32957999999,
    "quantity": 0.08,
    "remaining_quantity": 0.08
  },
  {
    "event_id": "e3dd2432aa577d2962434205fe38fefb90406d15d2a10625c5d45813a7e963eb",
    "schema_version": "1.0.0",
    "event_type": "agent_order",
    "source": "synthetic_agent",
    "symbol": "BTCUSDT",
    "exchange": "binance_usdm",
    "timestamp": "2024-05-01T00:00:00.160000Z",
    "sequence": 2,
    "scenario_id": "scenario-029-momentum_ignition",
    "agent_id": "agent-momentum_ignition",
    "order_id": "scenario-029-momentum_ignition-agent-momentum_ignition-2",
    "action": "new",
    "side": "buy",
    "price": 65096.63015999999,
    "quantity": 0.08,
    "remaining_quantity": 0.08
  },
  {
    "event_id": "8773a052b768cd14648e3d86c080b57ee87e820e9f204d8f4071e516f6ceb3d8",
    "schema_version": "1.0.0",
    "event_type": "agent_order",
    "source": "synthetic_agent",
    "symbol": "BTCUSDT",
    "exchange": "binance_usdm",
    "timestamp": "2024-05-01T00:00:00.240000Z",
    "sequence": 3,
    "scenario_id": "scenario-029-momentum_ignition",
    "agent_id": "agent-momentum_ignition",
    "order_id": "scenario-029-momentum_ignition-agent-momentum_ignition-3",
    "action": "new",
    "side": "buy",
    "price": 65097.93073999999,
    "quantity": 0.08,
    "remaining_quantity": 0.08
  },
  {
    "event_id": "52606e7ab582b09348545ad2a9636de037669dd256998709140729d1d64d36ce",
    "schema_version": "1.0.0",
    "event_type": "agent_order",
    "source": "synthetic_agent",
    "symbol": "BTCUSDT",
    "exchange": "binance_usdm",
    "timestamp": "2024-05-01T00:00:00.320000Z",
    "sequence": 4,
    "scenario_id": "scenario-029-momentum_ignition",
    "agent_id": "agent-momentum_ignition",
    "order_id": "scenario-029-momentum_ignition-agent-momentum_ignition-4",
    "action": "new",
    "side": "buy",
    "price": 65099.23132,
    "quantity": 0.08,
    "remaining_quantity": 0.08
  },
  {
    "event_id": "5a008b93b037f0e4aade9e4a4ba71aa40dd98a6e97736db656b8fdfd9e3976c0",
    "schema_version": "1.0.0",
    "event_type": "agent_order",
    "source": "synthetic_agent",
    "symbol": "BTCUSDT",
    "exchange": "binance_usdm",
    "timestamp": "2024-05-01T00:00:00.400000Z",
    "sequence": 5,
    "scenario_id": "scenario-029-momentum_ignition",
    "agent_id": "agent-momentum_ignition",
    "order_id": "scenario-029-momentum_ignition-agent-momentum_ignition-5",
    "action": "new",
    "side": "buy",
    "price": 65100.531899999994,
    "quantity": 0.08,
    "remaining_quantity": 0.08
  },
  {
    "event_id": "3b1e237ab3e666a2221ce5a3548c784d1d934b400d9be471bdeb3ba98b1fff53",
    "schema_version": "1.0.0",
    "event_type": "agent_order",
    "source": "synthetic_agent",
    "symbol": "BTCUSDT",
    "exchange": "binance_usdm",
    "timestamp": "2024-05-01T00:00:00.480000Z",
    "sequence": 6,
    "scenario_id": "scenario-029-momentum_ignition",
    "agent_id": "agent-momentum_ignition",
    "order_id": "scenario-029-momentum_ignition-agent-momentum_ignition-6",
    "action": "new",
    "side": "buy",
    "price": 65101.83247999998,
    "quantity": 0.08,
    "remaining_quantity": 0.08
  },
  {
    "event_id": "758eccc145a9c19058935d91e042b524b3be219f66ce7af60c5129be6dd7da50",
    "schema_version": "1.0.0",
    "event_type": "agent_order",
    "source": "synthetic_agent",
    "symbol": "BTCUSDT",
    "exchange": "binance_usdm",
    "timestamp": "2024-05-01T00:00:00.560000Z",
    "sequence": 7,
    "scenario_id": "scenario-029-momentum_ignition",
    "agent_id": "agent-momentum_ignition",
    "order_id": "scenario-029-momentum_ignition-agent-momentum_ignition-7",
    "action": "new",
    "side": "buy",
    "price": 65103.13305999999,
    "quantity": 0.08,
    "remaining_quantity": 0.08
  },
  {
    "event_id": "9663b1b6bef0987928354162f2b4cb29357c01f6b12216e6294a258a09efc2d1",
    "schema_version": "1.0.0",
    "event_type": "agent_order",
    "source": "synthetic_agent",
    "symbol": "BTCUSDT",
    "exchange": "binance_usdm",
    "timestamp": "2024-05-01T00:00:00.640000Z",
    "sequence": 8,
    "scenario_id": "scenario-029-momentum_ignition",
    "agent_id": "agent-momentum_ignition",
    "order_id": "scenario-029-momentum_ignition-agent-momentum_ignition-8",
    "action": "new",
    "side": "buy",
    "price": 65104.43363999999,
    "quantity": 0.08,
    "remaining_quantity": 0.08
  },
  {
    "event_id": "0b9259a3517a10c69d5e2d4ceade895cfcf7e5ebce03e75c2c105a01881d26fb",
    "schema_version": "1.0.0",
    "event_type": "agent_order",
    "source": "synthetic_agent",
    "symbol": "BTCUSDT",
    "exchange": "binance_usdm",
    "timestamp": "2024-05-01T00:00:00.720000Z",
    "sequence": 9,
    "scenario_id": "scenario-029-momentum_ignition",
    "agent_id": "agent-momentum_ignition",
    "order_id": "scenario-029-momentum_ignition-agent-momentum_ignition-9",
    "action": "new",
    "side": "buy",
    "price": 65105.73422,
    "quantity": 0.08,
    "remaining_quantity": 0.08
  },
  {
    "event_id": "de1a4139195ee37e6c8be3f3139978206a7ab2e937921ef24d55b3e47e145a90",
    "schema_version": "1.0.0",
    "event_type": "agent_order",
    "source": "synthetic_agent",
    "symbol": "BTCUSDT",
    "exchange": "binance_usdm",
    "timestamp": "2024-05-01T00:00:00.800000Z",
    "sequence": 10,
    "scenario_id": "scenario-029-momentum_ignition",
    "agent_id": "agent-momentum_ignition",
    "order_id": "scenario-029-momentum_ignition-agent-momentum_ignition-10",
    "action": "new",
    "side": "buy",
    "price": 65107.034799999994,
    "quantity": 0.08,
    "remaining_quantity": 0.08
  },
  {
    "event_id": "2ebb260e8535677ddeb8c59d0767cec11504da6c6d8e00a329bd97b2d3ca4bdb",
    "schema_version": "1.0.0",
    "event_type": "agent_order",
    "source": "synthetic_agent",
    "symbol": "BTCUSDT",
    "exchange": "binance_usdm",
    "timestamp": "2024-05-01T00:00:00.880000Z",
    "sequence": 11,
    "scenario_id": "scenario-029-momentum_ignition",
    "agent_id": "agent-momentum_ignition",
    "order_id": "scenario-029-momentum_ignition-agent-momentum_ignition-11",
    "action": "new",
    "side": "buy",
    "price": 65108.33538,
    "quantity": 0.08,
    "remaining_quantity": 0.08
  },
  {
    "event_id": "80d1d0f2fbc058dda766b142e124b024a359c38378ec90fd51ed7d2a5231a4ff",
    "schema_version": "1.0.0",
    "event_type": "agent_order",
    "source": "synthetic_agent",
    "symbol": "BTCUSDT",
    "exchange": "binance_usdm",
    "timestamp": "2024-05-01T00:00:00.960000Z",
    "sequence": 12,
    "scenario_id": "scenario-029-momentum_ignition",
    "agent_id": "agent-momentum_ignition",
    "order_id": "scenario-029-momentum_ignition-agent-momentum_ignition-12",
    "action": "new",
    "side": "buy",
    "price": 65109.63595999999,
    "quantity": 0.08,
    "remaining_quantity": 0.08
  },
  {
    "event_id": "acb4e38c8edf90f1e2b0b2e5aab4636a69a86c5f1c67e9f238dbd375672ebb44",
    "schema_version": "1.0.0",
    "event_type": "agent_order",
    "source": "synthetic_agent",
    "symbol": "BTCUSDT",
    "exchange": "binance_usdm",
    "timestamp": "2024-05-01T00:00:01.040000Z",
    "sequence": 13,
    "scenario_id": "scenario-029-momentum_ignition",
    "agent_id": "agent-momentum_ignition",
    "order_id": "scenario-029-momentum_ignition-agent-momentum_ignition-13",
    "action": "new",
    "side": "buy",
    "price": 65110.93653999999,
    "quantity": 0.08,
    "remaining_quantity": 0.08
  },
  {
    "event_id": "c0bd7f976d48643cf4c3495b68c0510414aebe611f81de9da947ae0acddf11c5",
    "schema_version": "1.0.0",
    "event_type": "agent_order",
    "source": "synthetic_agent",
    "symbol": "BTCUSDT",
    "exchange": "binance_usdm",
    "timestamp": "2024-05-01T00:00:01.120000Z",
    "sequence": 14,
    "scenario_id": "scenario-029-momentum_ignition",
    "agent_id": "agent-momentum_ignition",
    "order_id": "scenario-029-momentum_ignition-agent-momentum_ignition-14",
    "action": "new",
    "side": "buy",
    "price": 65112.23712,
    "quantity": 0.08,
    "remaining_quantity": 0.08
  },
  {
    "event_id": "7ccdf469ae15185e657a02ff949814fc46d63f008a61587919ffe78b7e064fb8",
    "schema_version": "1.0.0",
    "event_type": "agent_order",
    "source": "synthetic_agent",
    "symbol": "BTCUSDT",
    "exchange": "binance_usdm",
    "timestamp": "2024-05-01T00:00:01.200000Z",
    "sequence": 15,
    "scenario_id": "scenario-029-momentum_ignition",
    "agent_id": "agent-momentum_ignition",
    "order_id": "scenario-029-momentum_ignition-agent-momentum_ignition-15",
    "action": "new",
    "side": "buy",
    "price": 65113.53769999999,
    "quantity": 0.08,
    "remaining_quantity": 0.08
  },
  {
    "event_id": "44039bdee688e4e0a2ba8ad5a232f85b6b5736206ccac13efab733dd2505e73c",
    "schema_version": "1.0.0",
    "event_type": "agent_order",
    "source": "synthetic_agent",
    "symbol": "BTCUSDT",
    "exchange": "binance_usdm",
    "timestamp": "2024-05-01T00:00:01.280000Z",
    "sequence": 16,
    "scenario_id": "scenario-029-momentum_ignition",
    "agent_id": "agent-momentum_ignition",
    "order_id": "scenario-029-momentum_ignition-agent-momentum_ignition-16",
    "action": "new",
    "side": "buy",
    "price": 65114.838279999996,
    "quantity": 0.08,
    "remaining_quantity": 0.08
  },
  {
    "event_id": "fff802f04d51c28834e403c2f51b8bda4b2c70146135ab80f42e801fd95768b4",
    "schema_version": "1.0.0",
    "event_type": "agent_order",
    "source": "synthetic_agent",
    "symbol": "BTCUSDT",
    "exchange": "binance_usdm",
    "timestamp": "2024-05-01T00:00:01.360000Z",
    "sequence": 17,
    "scenario_id": "scenario-029-momentum_ignition",
    "agent_id": "agent-momentum_ignition",
    "order_id": "scenario-029-momentum_ignition-agent-momentum_ignition-17",
    "action": "new",
    "side": "buy",
    "price": 65116.13885999999,
    "quantity": 0.08,
    "remaining_quantity": 0.08
  },
  {
    "event_id": "346fd57d61f15ffc3c603b845463ce14ce5de6f82480f2c436c0645a9de7a2b4",
    "schema_version": "1.0.0",
    "event_type": "agent_order",
    "source": "synthetic_agent",
    "symbol": "BTCUSDT",
    "exchange": "binance_usdm",
    "timestamp": "2024-05-01T00:00:01.440000Z",
    "sequence": 18,
    "scenario_id": "scenario-029-momentum_ignition",
    "agent_id": "agent-momentum_ignition",
    "order_id": "scenario-029-momentum_ignition-agent-momentum_ignition-18",
    "action": "new",
    "side": "buy",
    "price": 65117.43943999999,
    "quantity": 0.08,
    "remaining_quantity": 0.08
  },
  {
    "event_id": "01a487074c5f1dd79557c71c29389a6318b7b5c6a2782fd6a8cd6e7d17a6c01f",
    "schema_version": "1.0.0",
    "event_type": "agent_order",
    "source": "synthetic_agent",
    "symbol": "BTCUSDT",
    "exchange": "binance_usdm",
    "timestamp": "2024-05-01T00:00:01.520000Z",
    "sequence": 19,
    "scenario_id": "scenario-029-momentum_ignition",
    "agent_id": "agent-momentum_ignition",
    "order_id": "scenario-029-momentum_ignition-agent-momentum_ignition-19",
    "action": "new",
    "side": "buy",
    "price": 65118.74002,
    "quantity": 0.08,
    "remaining_quantity": 0.08
  },
  {
    "event_id": "041e7811ba92149d28348de74a1b1a22cd817a44f63bc2fee99ef8759e05e835",
    "schema_version": "1.0.0",
    "event_type": "agent_order",
    "source": "synthetic_agent",
    "symbol": "BTCUSDT",
    "exchange": "binance_usdm",
    "timestamp": "2024-05-01T00:00:01.600000Z",
    "sequence": 20,
    "scenario_id": "scenario-029-momentum_ignition",
    "agent_id": "agent-momentum_ignition",
    "order_id": "scenario-029-momentum_ignition-agent-momentum_ignition-20",
    "action": "new",
    "side": "buy",
    "price": 65120.04059999999,
    "quantity": 0.08,
    "remaining_quantity": 0.08
  },
  {
    "event_id": "98a2c7e20812bd5ea367af773efb40b960c49bf9a992446c35c5bf52fd33a858",
    "schema_version": "1.0.0",
    "event_type": "agent_order",
    "source": "synthetic_agent",
    "symbol": "BTCUSDT",
    "exchange": "binance_usdm",
    "timestamp": "2024-05-01T00:00:01.680000Z",
    "sequence": 21,
    "scenario_id": "scenario-029-momentum_ignition",
    "agent_id": "agent-momentum_ignition",
    "order_id": "scenario-029-momentum_ignition-agent-momentum_ignition-21",
    "action": "new",
    "side": "buy",
    "price": 65121.341179999996,
    "quantity": 0.08,
    "remaining_quantity": 0.08
  },
  {
    "event_id": "91ac1cd7382ad0c2c37598f92821e7d536ed4153c45c8ce12896be411de88f87",
    "schema_version": "1.0.0",
    "event_type": "agent_order",
    "source": "synthetic_agent",
    "symbol": "BTCUSDT",
    "exchange": "binance_usdm",
    "timestamp": "2024-05-01T00:00:01.760000Z",
    "sequence": 22,
    "scenario_id": "scenario-029-momentum_ignition",
    "agent_id": "agent-momentum_ignition",
    "order_id": "scenario-029-momentum_ignition-agent-momentum_ignition-22",
    "action": "new",
    "side": "buy",
    "price": 65122.64175999999,
    "quantity": 0.08,
    "remaining_quantity": 0.08
  },
  {
    "event_id": "f7162317834e25ade4434fe1ac3c03e5831bb559f5cfb9ea81c5bcc3b7a15697",
    "schema_version": "1.0.0",
    "event_type": "agent_order",
    "source": "synthetic_agent",
    "symbol": "BTCUSDT",
    "exchange": "binance_usdm",
    "timestamp": "2024-05-01T00:00:01.840000Z",
    "sequence": 23,
    "scenario_id": "scenario-029-momentum_ignition",
    "agent_id": "agent-momentum_ignition",
    "order_id": "scenario-029-momentum_ignition-agent-momentum_ignition-23",
    "action": "new",
    "side": "buy",
    "price": 65123.94233999999,
    "quantity": 0.08,
    "remaining_quantity": 0.08
  },
  {
    "event_id": "08fe8702e6855c9e929423108f3a09589c2bcf4d1c8fdca4bc6efb2204148101",
    "schema_version": "1.0.0",
    "event_type": "agent_order",
    "source": "synthetic_agent",
    "symbol": "BTCUSDT",
    "exchange": "binance_usdm",
    "timestamp": "2024-05-01T00:00:01.920000Z",
    "sequence": 24,
    "scenario_id": "scenario-029-momentum_ignition",
    "agent_id": "agent-momentum_ignition",
    "order_id": "scenario-029-momentum_ignition-agent-momentum_ignition-24",
    "action": "new",
    "side": "buy",
    "price": 65125.24292,
    "quantity": 0.08,
    "remaining_quantity": 0.08
  },
  {
    "event_id": "6e498d4e8aa7c3a80ae3ecc6c4e4fd2a3009d00c9c8453011d10bb34e6dba4cb",
    "schema_version": "1.0.0",
    "event_type": "agent_order",
    "source": "synthetic_agent",
    "symbol": "BTCUSDT",
    "exchange": "binance_usdm",
    "timestamp": "2024-05-01T00:00:02Z",
    "sequence": 25,
    "scenario_id": "scenario-029-momentum_ignition",
    "agent_id": "agent-momentum_ignition",
    "order_id": "scenario-029-momentum_ignition-agent-momentum_ignition-25",
    "action": "new",
    "side": "buy",
    "price": 65126.54349999999,
    "quantity": 0.08,
    "remaining_quantity": 0.08
  },
  {
    "event_id": "be22d3bf1fea0db192d94df84f4a280f4190dd58a98a4bcc86b8b85b28164b52",
    "schema_version": "1.0.0",
    "event_type": "agent_order",
    "source": "synthetic_agent",
    "symbol": "BTCUSDT",
    "exchange": "binance_usdm",
    "timestamp": "2024-05-01T00:00:02.080000Z",
    "sequence": 26,
    "scenario_id": "scenario-029-momentum_ignition",
    "agent_id": "agent-momentum_ignition",
    "order_id": "scenario-029-momentum_ignition-agent-momentum_ignition-26",
    "action": "new",
    "side": "buy",
    "price": 65127.844079999995,
    "quantity": 0.08,
    "remaining_quantity": 0.08
  },
  {
    "event_id": "14f023de4bc960b1f0e66c576e5573edef7624f157b86f43d3cd101e671f1778",
    "schema_version": "1.0.0",
    "event_type": "agent_order",
    "source": "synthetic_agent",
    "symbol": "BTCUSDT",
    "exchange": "binance_usdm",
    "timestamp": "2024-05-01T00:00:02.160000Z",
    "sequence": 27,
    "scenario_id": "scenario-029-momentum_ignition",
    "agent_id": "agent-momentum_ignition",
    "order_id": "scenario-029-momentum_ignition-agent-momentum_ignition-27",
    "action": "new",
    "side": "buy",
    "price": 65129.14465999999,
    "quantity": 0.08,
    "remaining_quantity": 0.08
  },
  {
    "event_id": "13b46a0295d9b038b57167939aed63b052b7b2b7902f43a753ab8d8ad3cf2342",
    "schema_version": "1.0.0",
    "event_type": "agent_order",
    "source": "synthetic_agent",
    "symbol": "BTCUSDT",
    "exchange": "binance_usdm",
    "timestamp": "2024-05-01T00:00:02.240000Z",
    "sequence": 28,
    "scenario_id": "scenario-029-momentum_ignition",
    "agent_id": "agent-momentum_ignition",
    "order_id": "scenario-029-momentum_ignition-agent-momentum_ignition-28",
    "action": "new",
    "side": "buy",
    "price": 65130.44523999999,
    "quantity": 0.08,
    "remaining_quantity": 0.08
  },
  {
    "event_id": "d51b6c0e8399ed90b3ba8bdaf9a7fde4e6fc9709997d03c7c07efc7d0a879ba5",
    "schema_version": "1.0.0",
    "event_type": "agent_order",
    "source": "synthetic_agent",
    "symbol": "BTCUSDT",
    "exchange": "binance_usdm",
    "timestamp": "2024-05-01T00:00:02.320000Z",
    "sequence": 29,
    "scenario_id": "scenario-029-momentum_ignition",
    "agent_id": "agent-momentum_ignition",
    "order_id": "scenario-029-momentum_ignition-agent-momentum_ignition-29",
    "action": "new",
    "side": "buy",
    "price": 65131.74582,
    "quantity": 0.08,
    "remaining_quantity": 0.08
  }
]