[
  {
    "event_id": "2491552e697be16a029dbce5b495de4fd8ca62fc642249bff53477191aca5493",
    "schema_version": "1.0.0",
    "event_type": "agent_order",
    "source": "synthetic_agent",
    "symbol": "BTCUSDT",
    "exchange": "binance_usdm",
    "timestamp": "2024-05-01T00:00:00Z",
    "sequence": 0,
    "scenario_id": "scenario-319-coordinated_burst",
    "agent_id": "agent-coordinated_burst-0",
    "order_id": "scenario-319-coordinated_burst-agent-coordinated_burst-0-0",
    "action": "new",
    "side": "buy",
    "price": 65332.063799999996,
    "quantity": 0.04,
    "remaining_quantity": 0.04
  },
  {
    "event_id": "b22071a2421733ef03357ae532324d3e7292b893206f56691d58779ecc911fe5",
    "schema_version": "1.0.0",
    "event_type": "agent_order",
    "source": "synthetic_agent",
    "symbol": "BTCUSDT",
    "exchange": "binance_usdm",
    "timestamp": "2024-05-01T00:00:00.012000Z",
    "sequence": 1,
    "scenario_id": "scenario-319-coordinated_burst",
    "agent_id": "agent-coordinated_burst-1",
    "order_id": "scenario-319-coordinated_burst-agent-coordinated_burst-1-1",
    "action": "new",
    "side": "sell",
    "price": 65305.936200000004,
    "quantity": 0.04,
    "remaining_quantity": 0.04
  },
  {
    "event_id": "90d499f85b93865d1379f8b7ea7ef4abc5495c165a7d5a1494292f5d3fb3192e",
    "schema_version": "1.0.0",
    "event_type": "agent_order",
    "source": "synthetic_agent",
    "symbol": "BTCUSDT",
    "exchange": "binance_usdm",
    "timestamp": "2024-05-01T00:00:00.024000Z",
    "sequence": 2,
    "scenario_id": "scenario-319-coordinated_burst",
    "agent_id": "agent-coordinated_burst-2",
    "order_id": "scenario-319-coordinated_burst-agent-coordinated_burst-2-2",
    "action": "new",
    "side": "sell",
    "price": 65305.936200000004,
    "quantity": 0.04,
    "remaining_quantity": 0.04
  },
  {
    "event_id": "5d9dacc6299de5431f06a81a2185176dd1a68ad62026d8815641cd86eecdc98f",
    "schema_version": "1.0.0",
    "event_type": "agent_order",
    "source": "synthetic_agent",
    "symbol": "BTCUSDT",
    "exchange": "binance_usdm",
    "timestamp": "2024-05-01T00:00:00.036000Z",
    "sequence": 3,
    "scenario_id": "scenario-319-coordinated_burst",
    "agent_id": "agent-coordinated_burst-0",
    "order_id": "scenario-319-coordinated_burst-agent-coordinated_burst-0-3",
    "action": "new",
    "side": "buy",
    "price": 65332.063799999996,
    "quantity": 0.04,
    "remaining_quantity": 0.04
  },
  {
    "event_id": "d1d0b4c46d6fdd42153bd991b52ae01ca04a53de2afedacc42c39265e7b65962",
    "schema_version": "1.0.0",
    "event_type": "agent_order",
    "source": "synthetic_agent",
    "symbol": "BTCUSDT",
    "exchange": "binance_usdm",
    "timestamp": "2024-05-01T00:00:00.048000Z",
    "sequence": 4,
    "scenario_id": "scenario-319-coordinated_burst",
    "agent_id": "agent-coordinated_burst-1",
    "order_id": "scenario-319-coordinated_burst-agent-coordinated_burst-1-4",
    "action": "new",
    "side": "sell",
    "price": 65305.936200000004,
    "quantity": 0.04,
    "remaining_quantity": 0.04
  },
  {
    "event_id": "fe140409f49c51abfc0f907394fb27c9176ce046e81ac79d980d6cf2b4d0912f",
    "schema_version": "1.0.0",
    "event_type": "agent_order",
    "source": "synthetic_agent",
    "symbol": "BTCUSDT",
    "exchange": "binance_usdm",
    "timestamp": "2024-05-01T00:00:00.600000Z",
    "sequence": 5,
    "scenario_id": "scenario-319-coordinated_burst",
    "agent_id": "agent-coordinated_burst-2",
    "order_id": "scenario-319-coordinated_burst-agent-coordinated_burst-2-5",
    "action": "new",
    "side": "sell",
    "price": 65305.936200000004,
    "quantity": 0.04,
    "remaining_quantity": 0.04
  },
  {
    "event_id": "6898b338d964b86c35a7b5af2f29b8086b941480e996e9e6db014851e0ca6473",
    "schema_version": "1.0.0",
    "event_type": "agent_order",
    "source": "synthetic_agent",
    "symbol": "BTCUSDT",
    "exchange": "binance_usdm",
    "timestamp": "2024-05-01T00:00:00.072000Z",
    "sequence": 6,
    "scenario_id": "scenario-319-coordinated_burst",
    "agent_id": "agent-coordinated_burst-0",
    "order_id": "scenario-319-coordinated_burst-agent-coordinated_burst-0-6",
    "action": "new",
    "side": "buy",
    "price": 65332.063799999996,
    "quantity": 0.04,
    "remaining_quantity": 0.04
  },
  {
    "event_id": "9547d79dd8ddf4fbb48cb6685c77f5fa3f0476dbaa8cd1086ec7b6a3d08c9636",
    "schema_version": "1.0.0",
    "event_type": "agent_order",
    "source": "synthetic_agent",
    "symbol": "BTCUSDT",
    "exchange": "binance_usdm",
    "timestamp": "2024-05-01T00:00:00.084000Z",
    "sequence": 7,
    "scenario_id": "scenario-319-coordinated_burst",
    "agent_id": "agent-coordinated_burst-1",
    "order_id": "scenario-319-coordinated_burst-agent-coordinated_burst-1-7",
    "action": "new",
    "side": "sell",
    "price": 65305.936200000004,
    "quantity": 0.04,
    "remaining_quantity": 0.04
  },
  {
    "event_id": "f885b504174e65bee2ab570552f107ddaf238e3eaeddd33b3b45e0d52312fab0",
    "schema_version": "1.0.0",
    "event_type": "agent_order",
    "source": "synthetic_agent",
    "symbol": "BTCUSDT",
    "exchange": "binance_usdm",
    "timestamp": "2024-05-01T00:00:00.096000Z",
    "sequence": 8,
    "scenario_id": "scenario-319-coordinated_burst",
    "agent_id": "agent-coordinated_burst-2",
    "order_id": "scenario-319-coordinated_burst-agent-coordinated_burst-2-8",
    "action": "new",
    "side": "sell",
    "price": 65305.936200000004,
    "quantity": 0.04,
    "remaining_quantity": 0.04
  },
  {
    "event_id": "be7cc64a6439beb08aaebe6c29339381c8a248b34b776f2f510a309a5fc44696",
    "schema_version": "1.0.0",
    "event_type": "agent_order",
    "source": "synthetic_agent",
    "symbol": "BTCUSDT",
    "exchange": "binance_usdm",
    "timestamp": "2024-05-01T00:00:00.108000Z",
    "sequence": 9,
    "scenario_id": "scenario-319-coordinated_burst",
    "agent_id": "agent-coordinated_burst-0",
    "order_id": "scenario-319-coordinated_burst-agent-coordinated_burst-0-9",
    "action": "new",
    "side": "buy",
    "price": 65332.063799999996,
    "quantity": 0.04,
    "remaining_quantity": 0.04
  },
  {
    "event_id": "c4b8d3e261ab8c60f8ff19a7b11fce5b5ca950c4dde60abdeaec720206d08693",
    "schema_version": "1.0.0",
    "event_type": "agent_order",
    "source": "synthetic_agent",
    "symbol": "BTCUSDT",
    "exchange": "binance_usdm",
    "timestamp": "2024-05-01T00:00:01.200000Z",
    "sequence": 10,
    "scenario_id": "scenario-319-coordinated_burst",
    "agent_id": "agent-coordinated_burst-1",
    "order_id": "scenario-319-coordinated_burst-agent-coordinated_burst-1-10",
    "action": "new",
    "side": "sell",
    "price": 65305.936200000004,
    "quantity": 0.04,
    "remaining_quantity": 0.04
  },
  {
    "event_id": "42075f3568cb0ba9d1442f8a9cebf47b8e956347d96929c01f2ed3065b4f9dd8",
    "schema_version": "1.0.0",
    "event_type": "agent_order",
    "source": "synthetic_agent",
    "symbol": "BTCUSDT",
    "exchange": "binance_usdm",
    "timestamp": "2024-05-01T00:00:00.132000Z",
    "sequence": 11,
    "scenario_id": "scenario-319-coordinated_burst",
    "agent_id": "agent-coordinated_burst-2",
    "order_id": "scenario-319-coordinated_burst-agent-coordinated_burst-2-11",
    "action": "new",
    "side": "sell",
    "price": 65305.936200000004,
    "quantity": 0.04,
    "remaining_quantity": 0.04
  },
  {
    "event_id": "2fe339191d087925898a42389cc7185ec7b938628594f8aacdfdb8291f301d7f",
    "schema_version": "1.0.0",
    "event_type": "agent_order",
    "source": "synthetic_agent",
    "symbol": "BTCUSDT",
    "exchange": "binance_usdm",
    "timestamp": "2024-05-01T00:00:00.144000Z",
    "sequence": 12,
    "scenario_id": "scenario-319-coordinated_burst",
    "agent_id": "agent-coordinated_burst-0",
    "order_id": "scenario-319-coordinated_burst-agent-coordinated_burst-0-12",
    "action": "new",
    "side": "buy",
    "price": 65332.063799999996,
    "quantity": 0.04,
    "remaining_quantity": 0.04
  },
  {
    "event_id": "b96cb0c824e256714a1aabc9ac71875fbab423d7da9f5fed551aa6d912830f3c",
    "schema_version": "1.0.0",
    "event_type": "agent_order",
    "source": "synthetic_agent",
    "symbol": "BTCUSDT",
    "exchange": "binance_usdm",
    "timestamp": "2024-05-01T00:00:00.156000Z",
    "sequence": 13,
    "scenario_id": "scenario-319-coordinated_burst",
    "agent_id": "agent-coordinated_burst-1",
    "order_id": "scenario-319-coordinated_burst-agent-coordinated_burst-1-13",
    "action": "new",
    "side": "sell",
    "price": 65305.936200000004,
    "quantity": 0.04,
    "remaining_quantity": 0.04
  },
  {
    "event_id": "63c46d31f75267479f6f1bb11a2ca9ba3020489502d609682625d6e8f10070b5",
    "schema_version": "1.0.0",
    "event_type": "agent_order",
    "source": "synthetic_agent",
    "symbol": "BTCUSDT",
    "exchange": "binance_usdm",
    "timestamp": "2024-05-01T00:00:00.168000Z",
    "sequence": 14,
    "scenario_id": "scenario-319-coordinated_burst",
    "agent_id": "agent-coordinated_burst-2",
    "order_id": "scenario-319-coordinated_burst-agent-coordinated_burst-2-14",
    "action": "new",
    "side": "sell",
    "price": 65305.936200000004,
    "quantity": 0.04,
    "remaining_quantity": 0.04
  },
  {
    "event_id": "b58b2e66349ac248fc4f6bbeada961aabf78f22014d911bfd1f4471d62029e64",
    "schema_version": "1.0.0",
    "event_type": "agent_order",
    "source": "synthetic_agent",
    "symbol": "BTCUSDT",
    "exchange": "binance_usdm",
    "timestamp": "2024-05-01T00:00:01.800000Z",
    "sequence": 15,
    "scenario_id": "scenario-319-coordinated_burst",
    "agent_id": "agent-coordinated_burst-0",
    "order_id": "scenario-319-coordinated_burst-agent-coordinated_burst-0-15",
    "action": "new",
    "side": "buy",
    "price": 65332.063799999996,
    "quantity": 0.04,
    "remaining_quantity": 0.04
  },
  {
    "event_id": "b754b757b8460d0a96b2357a0053f846c913f90ebed6a49499aa89374052d7b8",
    "schema_version": "1.0.0",
    "event_type": "agent_order",
    "source": "synthetic_agent",
    "symbol": "BTCUSDT",
    "exchange": "binance_usdm",
    "timestamp": "2024-05-01T00:00:00.192000Z",
    "sequence": 16,
    "scenario_id": "scenario-319-coordinated_burst",
    "agent_id": "agent-coordinated_burst-1",
    "order_id": "scenario-319-coordinated_burst-agent-coordinated_burst-1-16",
    "action": "new",
    "side": "sell",
    "price": 65305.936200000004,
    "quantity": 0.04,
    "remaining_quantity": 0.04
  },
  {
    "event_id": "2d6cca0d24a3e611598d745f85778d5afb2cea8273011674c6afc11cee256448",
    "schema_version": "1.0.0",
    "event_type": "agent_order",
    "source": "synthetic_agent",
    "symbol": "BTCUSDT",
    "exchange": "binance_usdm",
    "timestamp": "2024-05-01T00:00:00.204000Z",
    "sequence": 17,
    "scenario_id": "scenario-319-coordinated_burst",
    "agent_id": "agent-coordinated_burst-2",
    "order_id": "scenario-319-coordinated_burst-agent-coordinated_burst-2-17",
    "action": "new",
    "side": "sell",
    "price": 65305.936200000004,
    "quantity": 0.04,
    "remaining_quantity": 0.04
  },
  {
    "event_id": "811cb7979e71d78c7b04da2bf514453addfd2d10129fb0c7b210cff202e3699c",
    "schema_version": "1.0.0",
    "event_type": "agent_order",
    "source": "synthetic_agent",
    "symbol": "BTCUSDT",
    "exchange": "binance_usdm",
    "timestamp": "2024-05-01T00:00:00.216000Z",
    "sequence": 18,
    "scenario_id": "scenario-319-coordinated_burst",
    "agent_id": "agent-coordinated_burst-0",
    "order_id": "scenario-319-coordinated_burst-agent-coordinated_burst-0-18",
    "action": "new",
    "side": "buy",
    "price": 65332.063799999996,
    "quantity": 0.04,
    "remaining_quantity": 0.04
  },
  {
    "event_id": "ae226b275228376a8546d77cba5fbd3ec19fd1194c0e293ebaf37ff47fbbd98b",
    "schema_version": "1.0.0",
    "event_type": "agent_order",
    "source": "synthetic_agent",
    "symbol": "BTCUSDT",
    "exchange": "binance_usdm",
    "timestamp": "2024-05-01T00:00:00.228000Z",
    "sequence": 19,
    "scenario_id": "scenario-319-coordinated_burst",
    "agent_id": "agent-coordinated_burst-1",
    "order_id": "scenario-319-coordinated_burst-agent-coordinated_burst-1-19",
    "action": "new",
    "side": "sell",
    "price": 65305.936200000004,
    "quantity": 0.04,
    "remaining_quantity": 0.04
  },
  {
    "event_id": "89a3817d18a3317b147d88b29a8e9c1cbd173d19da3da4e7eb19604f0412463b",
    "schema_version": "1.0.0",
    "event_type": "agent_order",
    "source": "synthetic_agent",
    "symbol": "BTCUSDT",
    "exchange": "binance_usdm",
    "timestamp": "2024-05-01T00:00:02.400000Z",
    "sequence": 20,
    "scenario_id": "scenario-319-coordinated_burst",
    "agent_id": "agent-coordinated_burst-2",
    "order_id": "scenario-319-coordinated_burst-agent-coordinated_burst-2-20",
    "action": "new",
    "side": "sell",
    "price": 65305.936200000004,
    "quantity": 0.04,
    "remaining_quantity": 0.04
  },
  {
    "event_id": "50184407b8ac897406d06d86cecf7445c08f0cd72e30ea9414eb7cf91ae33475",
    "schema_version": "1.0.0",
    "event_type": "agent_order",
    "source": "synthetic_agent",
    "symbol": "BTCUSDT",
    "exchange": "binance_usdm",
    "timestamp": "2024-05-01T00:00:00.252000Z",
    "sequence": 21,
    "scenario_id": "scenario-319-coordinated_burst",
    "agent_id": "agent-coordinated_burst-0",
    "order_id": "scenario-319-coordinated_burst-agent-coordinated_burst-0-21",
    "action": "new",
    "side": "buy",
    "price": 65332.063799999996,
    "quantity": 0.04,
    "remaining_quantity": 0.04
  },
  {
    "event_id": "876dee8a0f80391fb28a4cc731d8fe2be91700de9e1f543c555a3bea24170f4d",
    "schema_version": "1.0.0",
    "event_type": "agent_order",
    "source": "synthetic_agent",
    "symbol": "BTCUSDT",
    "exchange": "binance_usdm",
    "timestamp": "2024-05-01T00:00:00.264000Z",
    "sequence": 22,
    "scenario_id": "scenario-319-coordinated_burst",
    "agent_id": "agent-coordinated_burst-1",
    "order_id": "scenario-319-coordinated_burst-agent-coordinated_burst-1-22",
    "action": "new",
    "side": "sell",
    "price": 65305.936200000004,
    "quantity": 0.04,
    "remaining_quantity": 0.04
  },
  {
    "event_id": "b7e94fc0f4f55f4cd15fae4433d492e5717200eeb5653b18dba93ed1cd3f1599",
    "schema_version": "1.0.0",
    "event_type": "agent_order",
    "source": "synthetic_agent",
    "symbol": "BTCUSDT",
    "exchange": "binance_usdm",
    "timestamp": "2024-05-01T00:00:00.276000Z",
    "sequence": 23,
    "scenario_id": "scenario-319-coordinated_burst",
    "agent_id": "agent-coordinated_burst-2",
    "order_id": "scenario-319-coordinated_burst-agent-coordinated_burst-2-23",
    "action": "new",
    "side": "sell",
    "price": 65305.936200000004,
    "quantity": 0.04,
    "remaining_quantity": 0.04
  },
  {
    "event_id": "2b833abc8df9f6c6daeee24045331d73c2cfa32108da792fc4f22194c96988a4",
    "schema_version": "1.0.0",
    "event_type": "agent_order",
    "source": "synthetic_agent",
    "symbol": "BTCUSDT",
    "exchange": "binance_usdm",
    "timestamp": "2024-05-01T00:00:00.288000Z",
    "sequence": 24,
    "scenario_id": "scenario-319-coordinated_burst",
    "agent_id": "agent-coordinated_burst-0",
    "order_id": "scenario-319-coordinated_burst-agent-coordinated_burst-0-24",
    "action": "new",
    "side": "buy",
    "price": 65332.063799999996,
    "quantity": 0.04,
    "remaining_quantity": 0.04
  },
  {
    "event_id": "129a0af235d86367affe03a1a2dcfcd13b8db3830c5830a487df59bc5798d076",
    "schema_version": "1.0.0",
    "event_type": "agent_order",
    "source": "synthetic_agent",
    "symbol": "BTCUSDT",
    "exchange": "binance_usdm",
    "timestamp": "2024-05-01T00:00:03Z",
    "sequence": 25,
    "scenario_id": "scenario-319-coordinated_burst",
    "agent_id": "agent-coordinated_burst-1",
    "order_id": "scenario-319-coordinated_burst-agent-coordinated_burst-1-25",
    "action": "new",
    "side": "sell",
    "price": 65305.936200000004,
    "quantity": 0.04,
    "remaining_quantity": 0.04
  },
  {
    "event_id": "4dacb8e56c78b03b5e2d6778ac4126c375cf4d0a7370fd30e0d4231dcc5acd06",
    "schema_version": "1.0.0",
    "event_type": "agent_order",
    "source": "synthetic_agent",
    "symbol": "BTCUSDT",
    "exchange": "binance_usdm",
    "timestamp": "2024-05-01T00:00:00.312000Z",
    "sequence": 26,
    "scenario_id": "scenario-319-coordinated_burst",
    "agent_id": "agent-coordinated_burst-2",
    "order_id": "scenario-319-coordinated_burst-agent-coordinated_burst-2-26",
    "action": "new",
    "side": "sell",
    "price": 65305.936200000004,
    "quantity": 0.04,
    "remaining_quantity": 0.04
  },
  {
    "event_id": "eadab7da43343d1bdebf43e6008d3343f60ba7327fc9c011d33e53c73f087ff9",
    "schema_version": "1.0.0",
    "event_type": "agent_order",
    "source": "synthetic_agent",
    "symbol": "BTCUSDT",
    "exchange": "binance_usdm",
    "timestamp": "2024-05-01T00:00:00.324000Z",
    "sequence": 27,
    "scenario_id": "scenario-319-coordinated_burst",
    "agent_id": "agent-coordinated_burst-0",
    "order_id": "scenario-319-coordinated_burst-agent-coordinated_burst-0-27",
    "action": "new",
    "side": "buy",
    "price": 65332.063799999996,
    "quantity": 0.04,
    "remaining_quantity": 0.04
  },
  {
    "event_id": "83116cc12b7b8ee91dc29df1cc9ff678925e0b62310e26b6657ae3931df91487",
    "schema_version": "1.0.0",
    "event_type": "agent_order",
    "source": "synthetic_agent",
    "symbol": "BTCUSDT",
    "exchange": "binance_usdm",
    "timestamp": "2024-05-01T00:00:00.336000Z",
    "sequence": 28,
    "scenario_id": "scenario-319-coordinated_burst",
    "agent_id": "agent-coordinated_burst-1",
    "order_id": "scenario-319-coordinated_burst-agent-coordinated_burst-1-28",
    "action": "new",
    "side": "sell",
    "price": 65305.936200000004,
    "quantity": 0.04,
    "remaining_quantity": 0.04
  },
  {
    "event_id": "f73f4a94693c9e74305abe9ef0f21015cd38481be3920bbc73c4fc518fa1cf04",
    "schema_version": "1.0.0",
    "event_type": "agent_order",
    "source": "synthetic_agent",
    "symbol": "BTCUSDT",
    "exchange": "binance_usdm",
    "timestamp": "2024-05-01T00:00:00.348000Z",
    "sequence": 29,
    "scenario_id": "scenario-319-coordinated_burst",
    "agent_id": "agent-coordinated_burst-2",
    "order_id": "scenario-319-coordinated_burst-agent-coordinated_burst-2-29",
    "action": "new",
    "side": "sell",
    "price": 65305.936200000004,
    "quantity": 0.04,
    "remaining_quantity": 0.04
  }
]