[
  {
    "event_id": "a248941f48401ab32050502f37ba73eb49643b604933c9e8f8deaf35ccb468ff",
    "schema_version": "1.0.0",
    "event_type": "agent_order",
    "source": "synthetic_agent",
    "symbol": "BTCUSDT",
    "exchange": "binance_usdm",
    "timestamp": "2024-05-01T00:00:00Z",
    "sequence": 0,
    "scenario_id": "scenario-532-quote_stuffing",
    "agent_id": "agent-quote_stuffing",
    "order_id": "scenario-532-quote_stuffing-agent-quote_stuffing-0",
    "action": "new",
    "side": "buy",
    "price": 65525.4468,
    "quantity": 0.001,
    "remaining_quantity": 0.001
  },
  {
    "event_id": "342542e9fa7df9c1f03263bae98fcffc76b7c9e19fadfd006765b428f3b33888",
    "schema_version": "1.0.0",
    "event_type": "agent_order",
    "source": "synthetic_agent",
    "symbol": "BTCUSDT",
    "exchange": "binance_usdm",
    "timestamp": "2024-05-01T00:00:00.005000Z",
    "sequence": 1,
    "scenario_id": "scenario-532-quote_stuffing",
    "agent_id": "agent-quote_stuffing",
    "order_id": "scenario-532-quote_stuffing-agent-quote_stuffing-1",
    "action": "new",
    "side": "sell",
    "price": 65538.5532,
    "quantity": 0.001,
    "remaining_quantity": 0.001
  },
  {
    "event_id": "69b8b99246b1730c5fcadd37a4afb6318b63c60420a19927e05d1944fa1a296d",
    "schema_version": "1.0.0",
    "event_type": "agent_order",
    "source": "synthetic_agent",
    "symbol": "BTCUSDT",
    "exchange": "binance_usdm",
    "timestamp": "2024-05-01T00:00:00.010000Z",
    "sequence": 2,
    "scenario_id": "scenario-532-quote_stuffing",
    "agent_id": "agent-quote_stuffing",
    "order_id": "scenario-532-quote_stuffing-agent-quote_stuffing-2",
    "action": "new",
    "side": "buy",
    "price": 65525.4468,
    "quantity": 0.001,
    "remaining_quantity": 0.001
  },
  {
    "event_id": "584180c66f952235abcd9dd0639ef3e92ed08020f56255573c43f4a9311a084b",
    "schema_version": "1.0.0",
    "event_type": "agent_order",
    "source": "synthetic_agent",
    "symbol": "BTCUSDT",
    "exchange": "binance_usdm",
    "timestamp": "2024-05-01T00:00:00.015000Z",
    "sequence": 3,
    "scenario_id": "scenario-532-quote_stuffing",
    "agent_id": "agent-quote_stuffing",
    "order_id": "scenario-532-quote_stuffing-agent-quote_stuffing-3",
    "action": "new",
    "side": "sell",
    "price": 65538.5532,
    "quantity": 0.001,
    "remaining_quantity": 0.001
  },
  {
    "event_id": "b9a82eee95d9d0728bd18b675a1b7d7b011cb29756958854505dec3505b0512f",
    "schema_version": "1.0.0",
    "event_type": "agent_order",
    "source": "synthetic_agent",
    "symbol": "BTCUSDT",
    "exchange": "binance_usdm",
    "timestamp": "2024-05-01T00:00:00.020000Z",
    "sequence": 4,
    "scenario_id": "scenario-532-quote_stuffing",
    "agent_id": "agent-quote_stuffing",
    "order_id": "scenario-532-quote_stuffing-agent-quote_stuffing-4",
    "action": "new",
    "side": "buy",
    "price": 65525.4468,
    "quantity": 0.001,
    "remaining_quantity": 0.001
  },
  {
    "event_id": "e80080cf093a4d5940261ddfd3fcda35ea8f231c9d5d64958f5b991140554563",
    "schema_version": "1.0.0",
    "event_type": "agent_order",
    "source": "synthetic_agent",
    "symbol": "BTCUSDT",
    "exchange": "binance_usdm",
    "timestamp": "2024-05-01T00:00:00.025000Z",
    "sequence": 5,
    "scenario_id": "scenario-532-quote_stuffing",
    "agent_id": "agent-quote_stuffing",
    "order_id": "scenario-532-quote_stuffing-agent-quote_stuffing-5",
    "action": "new",
    "side": "sell",
    "price": 65538.5532,
    "quantity": 0.001,
    "remaining_quantity": 0.001
  },
  {
    "event_id": "32d49ba95a24e1f538185fbfd89695838d0f918041f4bf0573ed261beb0ccb81",
    "schema_version": "1.0.0",
    "event_type": "agent_order",
    "source": "synthetic_agent",
    "symbol": "BTCUSDT",
    "exchange": "binance_usdm",
    "timestamp": "2024-05-01T00:00:00.030000Z",
    "sequence": 6,
    "scenario_id": "scenario-532-quote_stuffing",
    "agent_id": "agent-quote_stuffing",
    "order_id": "scenario-532-quote_stuffing-agent-quote_stuffing-6",
    "action": "new",
    "side": "buy",
    "price": 65525.4468,
    "quantity": 0.001,
    "remaining_quantity": 0.001
  },
  {
    "event_id": "218606ab84c7520e45ff10c2a20dbb637e4bb31fbd917f4d77b7749161f6503d",
    "schema_version": "1.0.0",
    "event_type": "agent_order",
    "source": "synthetic_agent",
    "symbol": "BTCUSDT",
    "exchange": "binance_usdm",
    "timestamp": "2024-05-01T00:00:00.035000Z",
    "sequence": 7,
    "scenario_id": "scenario-532-quote_stuffing",
    "agent_id": "agent-quote_stuffing",
    "order_id": "scenario-532-quote_stuffing-agent-quote_stuffing-7",
    "action": "new",
    "side": "sell",
    "price": 65538.5532,
    "quantity": 0.001,
    "remaining_quantity": 0.001
  },
  {
    "event_id": "d4afd5e8f7fe849858af36735d8b3d229001d4d70cfc8a45027f5985cf17b4bb",
    "schema_version": "1.0.0",
    "event_type": "agent_order",
    "source": "synthetic_agent",
    "symbol": "BTCUSDT",
    "exchange": "binance_usdm",
    "timestamp": "2024-05-01T00:00:00.040000Z",
    "sequence": 8,
    "scenario_id": "scenario-532-quote_stuffing",
    "agent_id": "agent-quote_stuffing",
    "order_id": "scenario-532-quote_stuffing-agent-quote_stuffing-8",
    "action": "new",
    "side": "buy",
    "price": 65525.4468,
    "quantity": 0.001,
    "remaining_quantity": 0.001
  },
  {
    "event_id": "e50569919a525efb0dffeb8405b59562c4d0355cb6817db552ed02a7470ba585",
    "schema_version": "1.0.0",
    "event_type": "agent_order",
    "source": "synthetic_agent",
    "symbol": "BTCUSDT",
    "exchange": "binance_usdm",
    "timestamp": "2024-05-01T00:00:00.045000Z",
    "sequence": 9,
    "scenario_id": "scenario-532-quote_stuffing",
    "agent_id": "agent-quote_stuffing",
    "order_id": "scenario-532-quote_stuffing-agent-quote_stuffing-9",
    "action": "new",
    "side": "sell",
    "price": 65538.5532,
    "quantity": 0.001,
    "remaining_quantity": 0.001
  },
  {
    "event_id": "e9b863419425d5ef9dc43a62b5a21807e2af8bd8ec94c78bcc8ed95f05555383",
    "schema_version": "1.0.0",
    "event_type": "agent_order",
    "source": "synthetic_agent",
    "symbol": "BTCUSDT",
    "exchange": "binance_usdm",
    "timestamp": "2024-05-01T00:00:00.050000Z",
    "sequence": 10,
    "scenario_id": "scenario-532-quote_stuffing",
    "agent_id": "agent-quote_stuffing",
    "order_id": "scenario-532-quote_stuffing-agent-quote_stuffing-10",
    "action": "new",
    "side": "buy",
    "price": 65525.4468,
    "quantity": 0.001,
    "remaining_quantity": 0.001
  },
  {
    "event_id": "2b77fa0725a2374963a07958e778f349ad7f15fbadfa53c4c0d757676db74a14",
    "schema_version": "1.0.0",
    "event_type": "agent_order",
    "source": "synthetic_agent",
    "symbol": "BTCUSDT",
    "exchange": "binance_usdm",
    "timestamp": "2024-05-01T00:00:00.055000Z",
    "sequence": 11,
    "scenario_id": "scenario-532-quote_stuffing",
    "agent_id": "agent-quote_stuffing",
    "order_id": "scenario-532-quote_stuffing-agent-quote_stuffing-11",
    "action": "new",
    "side": "sell",
    "price": 65538.5532,
    "quantity": 0.001,
    "remaining_quantity": 0.001
  },
  {
    "event_id": "34c2f9956d83fda1ac2a22eea13438a4d4e885347a4819eb4c7f0a2c62b7ef08",
    "schema_version": "1.0.0",
    "event_type": "agent_order",
    "source": "synthetic_agent",
    "symbol": "BTCUSDT",
    "exchange": "binance_usdm",
    "timestamp": "2024-05-01T00:00:00.060000Z",
    "sequence": 12,
    "scenario_id": "scenario-532-quote_stuffing",
    "agent_id": "agent-quote_stuffing",
    "order_id": "scenario-532-quote_stuffing-agent-quote_stuffing-12",
    "action": "new",
    "side": "buy",
    "price": 65525.4468,
    "quantity": 0.001,
    "remaining_quantity": 0.001
  },
  {
    "event_id": "bb13c439fe1aa18f5d9325ede50845fdf949f0488024b5a523f97d4f9ba074b7",
    "schema_version": "1.0.0",
    "event_type": "agent_order",
    "source": "synthetic_agent",
    "symbol": "BTCUSDT",
    "exchange": "binance_usdm",
    "timestamp": "2024-05-01T00:00:00.065000Z",
    "sequence": 13,
    "scenario_id": "scenario-532-quote_stuffing",
    "agent_id": "agent-quote_stuffing",
    "order_id": "scenario-532-quote_stuffing-agent-quote_stuffing-13",
    "action": "new",
    "side": "sell",
    "price": 65538.5532,
    "quantity": 0.001,
    "remaining_quantity": 0.001
  },
  {
    "event_id": "65f843be38245140d009410b4b48b3d4c022a68b5d5369c68d3af9fcf74091bd",
    "schema_version": "1.0.0",
    "event_type": "agent_order",
    "source": "synthetic_agent",
    "symbol": "BTCUSDT",
    "exchange": "binance_usdm",
    "timestamp": "2024-05-01T00:00:00.070000Z",
    "sequence": 14,
    "scenario_id": "scenario-532-quote_stuffing",
    "agent_id": "agent-quote_stuffing",
    "order_id": "scenario-532-quote_stuffing-agent-quote_stuffing-14",
    "action": "new",
    "side": "buy",
    "price": 65525.4468,
    "quantity": 0.001,
    "remaining_quantity": 0.001
  },
  {
    "event_id": "98cd08c939427e2ddd3d8a1cb4c9ba8b92eb5ae020ea065336895f0056b08b97",
    "schema_version": "1.0.0",
    "event_type": "agent_order",
    "source": "synthetic_agent",
    "symbol": "BTCUSDT",
    "exchange": "binance_usdm",
    "timestamp": "2024-05-01T00:00:00.075000Z",
    "sequence": 15,
    "scenario_id": "scenario-532-quote_stuffing",
    "agent_id": "agent-quote_stuffing",
    "order_id": "scenario-532-quote_stuffing-agent-quote_stuffing-15",
    "action": "new",
    "side": "sell",
    "price": 65538.5532,
    "quantity": 0.001,
    "remaining_quantity": 0.001
  },
  {
    "event_id": "017260539550e4cce9a10b1f3caca6ef3961255c4419af8c5157862fd0fab6b7",
    "schema_version": "1.0.0",
    "event_type": "agent_order",
    "source": "synthetic_agent",
    "symbol": "BTCUSDT",
    "exchange": "binance_usdm",
    "timestamp": "2024-05-01T00:00:00.080000Z",
    "sequence": 16,
    "scenario_id": "scenario-532-quote_stuffing",
    "agent_id": "agent-quote_stuffing",
    "order_id": "scenario-532-quote_stuffing-agent-quote_stuffing-16",
    "action": "new",
    "side": "buy",
    "price": 65525.4468,
    "quantity": 0.001,
    "remaining_quantity": 0.001
  },
  {
    "event_id": "6f9cbd077db032788d37ba91d103d52e6db852646bcc8aa9b8e540cc72148093",
    "schema_version": "1.0.0",
    "event_type": "agent_order",
    "source": "synthetic_agent",
    "symbol": "BTCUSDT",
    "exchange": "binance_usdm",
    "timestamp": "2024-05-01T00:00:00.085000Z",
    "sequence": 17,
    "scenario_id": "scenario-532-quote_stuffing",
    "agent_id": "agent-quote_stuffing",
    "order_id": "scenario-532-quote_stuffing-agent-quote_stuffing-17",
    "action": "new",
    "side": "sell",
    "price": 65538.5532,
    "quantity": 0.001,
    "remaining_quantity": 0.001
  },
  {
    "event_id": "68ecec41e2b327c4d8783b832a5e98d407992c438932ada31c94ebadf6824a66",
    "schema_version": "1.0.0",
    "event_type": "agent_order",
    "source": "synthetic_agent",
    "symbol": "BTCUSDT",
    "exchange": "binance_usdm",
    "timestamp": "2024-05-01T00:00:00.090000Z",
    "sequence": 18,
    "scenario_id": "scenario-532-quote_stuffing",
    "agent_id": "agent-quote_stuffing",
    "order_id": "scenario-532-quote_stuffing-agent-quote_stuffing-18",
    "action": "new",
    "side": "buy",
    "price": 65525.4468,
    "quantity": 0.001,
    "remaining_quantity": 0.001
  },
  {
    "event_id": "9c6029e2fa19c90ea72c5d76e6fe2ddaa133f9dc1684da454081da181997f88e",
    "schema_version": "1.0.0",
    "event_type": "agent_order",
    "source": "synthetic_agent",
    "symbol": "BTCUSDT",
    "exchange": "binance_usdm",
    "timestamp": "2024-05-01T00:00:00.095000Z",
    "sequence": 19,
    "scenario_id": "scenario-532-quote_stuffing",
    "agent_id": "agent-quote_stuffing",
    "order_id": "scenario-532-quote_stuffing-agent-quote_stuffing-19",
    "action": "new",
    "side": "sell",
    "price": 65538.5532,
    "quantity": 0.001,
    "remaining_quantity": 0.001
  },
  {
    "event_id": "c5d7f18086eba2a45c0d872ddec1317fc4b6e85ab9a20199747c23d1bed128f3",
    "schema_version": "1.0.0",
    "event_type": "agent_order",
    "source": "synthetic_agent",
    "symbol": "BTCUSDT",
    "exchange": "binance_usdm",
    "timestamp": "2024-05-01T00:00:00.100000Z",
    "sequence": 20,
    "scenario_id": "scenario-532-quote_stuffing",
    "agent_id": "agent-quote_stuffing",
    "order_id": "scenario-532-quote_stuffing-agent-quote_stuffing-20",
    "action": "new",
    "side": "buy",
    "price": 65525.4468,
    "quantity": 0.001,
    "remaining_quantity": 0.001
  },
  {
    "event_id": "d5bc24c8f54a0553b84017da209ff584803b2b26e1817c01d31ecc93cdec87dc",
    "schema_version": "1.0.0",
    "event_type": "agent_order",
    "source": "synthetic_agent",
    "symbol": "BTCUSDT",
    "exchange": "binance_usdm",
    "timestamp": "2024-05-01T00:00:00.105000Z",
    "sequence": 21,
    "scenario_id": "scenario-532-quote_stuffing",
    "agent_id": "agent-quote_stuffing",
    "order_id": "scenario-532-quote_stuffing-agent-quote_stuffing-21",
    "action": "new",
    "side": "sell",
    "price": 65538.5532,
    "quantity": 0.001,
    "remaining_quantity": 0.001
  },
  {
    "event_id": "7cac2bcad7142d68013336d367e5252786c46ff3c7544f77ec6baccc6fea35ff",
    "schema_version": "1.0.0",
    "event_type": "agent_order",
    "source": "synthetic_agent",
    "symbol": "BTCUSDT",
    "exchange": "binance_usdm",
    "timestamp": "2024-05-01T00:00:00.110000Z",
    "sequence": 22,
    "scenario_id": "scenario-532-quote_stuffing",
    "agent_id": "agent-quote_stuffing",
    "order_id": "scenario-532-quote_stuffing-agent-quote_stuffing-22",
    "action": "new",
    "side": "buy",
    "price": 65525.4468,
    "quantity": 0.001,
    "remaining_quantity": 0.001
  },
  {
    "event_id": "85ecd472479b9c88539cc524eb1cc517b0ac7465744e481a11652e22b7a01b27",
    "schema_version": "1.0.0",
    "event_type": "agent_order",
    "source": "synthetic_agent",
    "symbol": "BTCUSDT",
    "exchange": "binance_usdm",
    "timestamp": "2024-05-01T00:00:00.115000Z",
    "sequence": 23,
    "scenario_id": "scenario-532-quote_stuffing",
    "agent_id": "agent-quote_stuffing",
    "order_id": "scenario-532-quote_stuffing-agent-quote_stuffing-23",
    "action": "new",
    "side": "sell",
    "price": 65538.5532,
    "quantity": 0.001,
    "remaining_quantity": 0.001
  },
  {
    "event_id": "d14571d6a7d8a3749804e22f266d77ec3d37625a127d868ebeefe192b48d1b61",
    "schema_version": "1.0.0",
    "event_type": "agent_order",
    "source": "synthetic_agent",
    "symbol": "BTCUSDT",
    "exchange": "binance_usdm",
    "timestamp": "2024-05-01T00:00:00.120000Z",
    "sequence": 24,
    "scenario_id": "scenario-532-quote_stuffing",
    "agent_id": "agent-quote_stuffing",
    "order_id": "scenario-532-quote_stuffing-agent-quote_stuffing-24",
    "action": "new",
    "side": "buy",
    "price": 65525.4468,
    "quantity": 0.001,
    "remaining_quantity": 0.001
  },
  {
    "event_id": "4b30081e9d394108889027e9d2989723e114d5007dc75476e30a8abb0e9cef33",
    "schema_version": "1.0.0",
    "event_type": "agent_order",
    "source": "synthetic_agent",
    "symbol": "BTCUSDT",
    "exchange": "binance_usdm",
    "timestamp": "2024-05-01T00:00:00.125000Z",
    "sequence": 25,
    "scenario_id": "scenario-532-quote_stuffing",
    "agent_id": "agent-quote_stuffing",
    "order_id": "scenario-532-quote_stuffing-agent-quote_stuffing-25",
    "action": "new",
    "side": "sell",
    "price": 65538.5532,
    "quantity": 0.001,
    "remaining_quantity": 0.001
  },
  {
    "event_id": "97bba60123f94b5a5c50b087fac123bc7430e297bcc01ad16421ea3708686b28",
    "schema_version": "1.0.0",
    "event_type": "agent_order",
    "source": "synthetic_agent",
    "symbol": "BTCUSDT",
    "exchange": "binance_usdm",
    "timestamp": "2024-05-01T00:00:00.130000Z",
    "sequence": 26,
    "scenario_id": "scenario-532-quote_stuffing",
    "agent_id": "agent-quote_stuffing",
    "order_id": "scenario-532-quote_stuffing-agent-quote_stuffing-26",
    "action": "new",
    "side": "buy",
    "price": 65525.4468,
    "quantity": 0.001,
    "remaining_quantity": 0.001
  },
  {
    "event_id": "ca178ed10c31f4216e553a77ccfb1bdd246f8cd12891719275f42a75d3cc5e06",
    "schema_version": "1.0.0",
    "event_type": "agent_order",
    "source": "synthetic_agent",
    "symbol": "BTCUSDT",
    "exchange": "binance_usdm",
    "timestamp": "2024-05-01T00:00:00.135000Z",
    "sequence": 27,
    "scenario_id": "scenario-532-quote_stuffing",
    "agent_id": "agent-quote_stuffing",
    "order_id": "scenario-532-quote_stuffing-agent-quote_stuffing-27",
    "action": "new",
    "side": "sell",
    "price": 65538.5532,
    "quantity": 0.001,
    "remaining_quantity": 0.001
  },
  {
    "event_id": "787eeafcb3e777015816cd955520597e78dc0aece59b2497f308b49dcf825764",
    "schema_version": "1.0.0",
    "event_type": "agent_order",
    "source": "synthetic_agent",
    "symbol": "BTCUSDT",
    "exchange": "binance_usdm",
    "timestamp": "2024-05-01T00:00:00.140000Z",
    "sequence": 28,
    "scenario_id": "scenario-532-quote_stuffing",
    "agent_id": "agent-quote_stuffing",
    "order_id": "scenario-532-quote_stuffing-agent-quote_stuffing-28",
    "action": "new",
    "side": "buy",
    "price": 65525.4468,
    "quantity": 0.001,
    "remaining_quantity": 0.001
  },
  {
    "event_id": "0e7653a941d625aeeb6a504464503a7e708208b0ecd49bdf561ac808c88102b0",
    "schema_version": "1.0.0",
    "event_type": "agent_order",
    "source": "synthetic_agent",
    "symbol": "BTCUSDT",
    "exchange": "binance_usdm",
    "timestamp": "2024-05-01T00:00:00.145000Z",
    "sequence": 29,
    "scenario_id": "scenario-532-quote_stuffing",
    "agent_id": "agent-quote_stuffing",
    "order_id": "scenario-532-quote_stuffing-agent-quote_stuffing-29",
    "action": "new",
    "side": "sell",
    "price": 65538.5532,
    "quantity": 0.001,
    "remaining_quantity": 0.001
  }
]