[
  {
    "event_id": "03160deb28e0614b9e4fc8ef287af238c9fbc1b58cb5696dafa70c99c6e5bd8b",
    "schema_version": "1.0.0",
    "event_type": "agent_order",
    "source": "synthetic_agent",
    "symbol": "BTCUSDT",
    "exchange": "binance_usdm",
    "timestamp": "2024-05-01T00:00:00Z",
    "sequence": 0,
    "scenario_id": "scenario-293-momentum_ignition",
    "agent_id": "agent-momentum_ignition",
    "order_id": "scenario-293-momentum_ignition-agent-momentum_ignition-0",
    "action": "new",
    "side": "buy",
    "price": 65358.29299999999,
    "quantity": 0.08,
    "remaining_quantity": 0.08
  },
  {
    "event_id": "c468b76528ed598bd81f2a43f17a4dac4d0da1f248a126bdbe9ea027b38c50a4",
    "schema_version": "1.0.0",
    "event_type": "agent_order",
    "source": "synthetic_agent",
    "symbol": "BTCUSDT",
    "exchange": "binance_usdm",
    "timestamp": "2024-05-01T00:00:00.080000Z",
    "sequence": 1,
    "scenario_id": "scenario-293-momentum_ignition",
    "agent_id": "agent-momentum_ignition",
    "order_id": "scenario-293-momentum_ignition-agent-momentum_ignition-1",
    "action": "new",
    "side": "buy",
    "price": 65359.598859999984,
    "quantity": 0.08,
    "remaining_quantity": 0.08
  },
  {
    "event_id": "a4106bdc947517cb40471394c98bf4cd298b00ef1fbe9dad91550638012518c3",
    "schema_version": "1.0.0",
    "event_type": "agent_order",
    "source": "synthetic_agent",
    "symbol": "BTCUSDT",
    "exchange": "binance_usdm",
    "timestamp": "2024-05-01T00:00:00.160000Z",
    "sequence": 2,
    "scenario_id": "scenario-293-momentum_ignition",
    "agent_id": "agent-momentum_ignition",
    "order_id": "scenario-293-momentum_ignition-agent-momentum_ignition-2",
    "action": "new",
    "side": "buy",
    "price": 65360.90472,
    "quantity": 0.08,
    "remaining_quantity": 0.08
  },
  {
    "event_id": "cbdc98cd98de2a92d2ed6023a4afb77c4b24e5a2e3a9b265b3de77693f49230e",
    "schema_version": "1.0.0",
    "event_type": "agent_order",
    "source": "synthetic_agent",
    "symbol": "BTCUSDT",
    "exchange": "binance_usdm",
    "timestamp": "2024-05-01T00:00:00.240000Z",
    "sequence": 3,
    "scenario_id": "scenario-293-momentum_ignition",
    "agent_id": "agent-momentum_ignition",
    "order_id": "scenario-293-momentum_ignition-agent-momentum_ignition-3",
    "action": "new",
    "side": "buy",
    "price": 65362.21057999999,
    "quantity": 0.08,
    "remaining_quantity": 0.08
  },
  {
    "event_id": "523e2d2950b1e071f705052be03de45afe353d41a9a15655357a23f020c33b3c",
    "schema_version": "1.0.0",
    "event_type": "agent_order",
    "source": "synthetic_agent",
    "symbol": "BTCUSDT",
    "exchange": "binance_usdm",
    "timestamp": "2024-05-01T00:00:00.320000Z",
    "sequence": 4,
    "scenario_id": "scenario-293-momentum_ignition",
    "agent_id": "agent-momentum_ignition",
    "order_id": "scenario-293-momentum_ignition-agent-momentum_ignition-4",
    "action": "new",
    "side": "buy",
    "price": 65363.51644,
    "quantity": 0.08,
    "remaining_quantity": 0.08
  },
  {
    "event_id": "686c155028f4aaa1cd8391d778a9e43db7c7a471cad04a0587ba9f935f3962d7",
    "schema_version": "1.0.0",
    "event_type": "agent_order",
    "source": "synthetic_agent",
    "symbol": "BTCUSDT",
    "exchange": "binance_usdm",
    "timestamp": "2024-05-01T00:00:00.400000Z",
    "sequence": 5,
    "scenario_id": "scenario-293-momentum_ignition",
    "agent_id": "agent-momentum_ignition",
    "order_id": "scenario-293-momentum_ignition-agent-momentum_ignition-5",
    "action": "new",
    "side": "buy",
    "price": 65364.82229999999,
    "quantity": 0.08,
    "remaining_quantity": 0.08
  },
  {
    "event_id": "e246c59555e98e7a4bed044f8e4b773f1dd9407ae22197582523981c084e336f",
    "schema_version": "1.0.0",
    "event_type": "agent_order",
    "source": "synthetic_agent",
    "symbol": "BTCUSDT",
    "exchange": "binance_usdm",
    "timestamp": "2024-05-01T00:00:00.480000Z",
    "sequence": 6,
    "scenario_id": "scenario-293-momentum_ignition",
    "agent_id": "agent-momentum_ignition",
    "order_id": "scenario-293-momentum_ignition-agent-momentum_ignition-6",
    "action": "new",
    "side": "buy",
    "price": 65366.128159999986,
    "quantity": 0.08,
    "remaining_quantity": 0.08
  },
  {
    "event_id": "61f08784ae5b0538f5f6d423f9d24d5f34baa63a8f3a79cb3ac9f9ed8aeba05e",
    "schema_version": "1.0.0",
    "event_type": "agent_order",
    "source": "synthetic_agent",
    "symbol": "BTCUSDT",
    "exchange": "binance_usdm",
    "timestamp": "2024-05-01T00:00:00.560000Z",
    "sequence": 7,
    "scenario_id": "scenario-293-momentum_ignition",
    "agent_id": "agent-momentum_ignition",
    "order_id": "scenario-293-momentum_ignition-agent-momentum_ignition-7",
    "action": "new",
    "side": "buy",
    "price": 65367.43401999999,
    "quantity": 0.08,
    "remaining_quantity": 0.08
  },
  {
    "event_id": "7631fa2ed2d5c1d21a914da2f2b57afe18b7f07826d8d7e11957e66f1fbe7fca",
    "schema_version": "1.0.0",
    "event_type": "agent_order",
    "source": "synthetic_agent",
    "symbol": "BTCUSDT",
    "exchange": "binance_usdm",
    "timestamp": "2024-05-01T00:00:00.640000Z",
    "sequence": 8,
    "scenario_id": "scenario-293-momentum_ignition",
    "agent_id": "agent-momentum_ignition",
    "order_id": "scenario-293-momentum_ignition-agent-momentum_ignition-8",
    "action": "new",
    "side": "buy",
    "price": 65368.73987999999,
    "quantity": 0.08,
    "remaining_quantity": 0.08
  },
  {
    "event_id": "9271d22da157565d3c47650b87fc73638104c63bba04089502ea9c2f14f2bf05",
    "schema_version": "1.0.0",
    "event_type": "agent_order",
    "source": "synthetic_agent",
    "symbol": "BTCUSDT",
    "exchange": "binance_usdm",
    "timestamp": "2024-05-01T00:00:00.720000Z",
    "sequence": 9,
    "scenario_id": "scenario-293-momentum_ignition",
    "agent_id": "agent-momentum_ignition",
    "order_id": "scenario-293-momentum_ignition-agent-momentum_ignition-9",
    "action": "new",
    "side": "buy",
    "price": 65370.045739999994,
    "quantity": 0.08,
    "remaining_quantity": 0.08
  },
  {
    "event_id": "7af4fab1e46bcdf63ec94ca57b9e9d50b1fa8fcbd70d2aaaf68dde8af7c94645",
    "schema_version": "1.0.0",
    "event_type": "agent_order",
    "source": "synthetic_agent",
    "symbol": "BTCUSDT",
    "exchange": "binance_usdm",
    "timestamp": "2024-05-01T00:00:00.800000Z",
    "sequence": 10,
    "scenario_id": "scenario-293-momentum_ignition",
    "agent_id": "agent-momentum_ignition",
    "order_id": "scenario-293-momentum_ignition-agent-momentum_ignition-10",
    "action": "new",
    "side": "buy",
    "price": 65371.351599999995,
    "quantity": 0.08,
    "remaining_quantity": 0.08
  },
  {
    "event_id": "b65bffc4227bf369a77e19d39c2fca154ff2f65edc22f882f8565f40cc187ca1",
    "schema_version": "1.0.0",
    "event_type": "agent_order",
    "source": "synthetic_agent",
    "symbol": "BTCUSDT",
    "exchange": "binance_usdm",
    "timestamp": "2024-05-01T00:00:00.880000Z",
    "sequence": 11,
    "scenario_id": "scenario-293-momentum_ignition",
    "agent_id": "agent-momentum_ignition",
    "order_id": "scenario-293-momentum_ignition-agent-momentum_ignition-11",
    "action": "new",
    "side": "buy",
    "price": 65372.65746,
    "quantity": 0.08,
    "remaining_quantity": 0.08
  },
  {
    "event_id": "82ab12b7a6861ea41f623f6c48d736c3ee3e2ca5a247860e221562dbdf925570",
    "schema_version": "1.0.0",
    "event_type": "agent_order",
    "source": "synthetic_agent",
    "symbol": "BTCUSDT",
    "exchange": "binance_usdm",
    "timestamp": "2024-05-01T00:00:00.960000Z",
    "sequence": 12,
    "scenario_id": "scenario-293-momentum_ignition",
    "agent_id": "agent-momentum_ignition",
    "order_id": "scenario-293-momentum_ignition-agent-momentum_ignition-12",
    "action": "new",
    "side": "buy",
    "price": 65373.963319999995,
    "quantity": 0.08,
    "remaining_quantity": 0.08
  },
  {
    "event_id": "0ab7787d69332bf9be5a6a130c1a5cf0ba94c2587de7f4abcdfa01e1f46e52f0",
    "schema_version": "1.0.0",
    "event_type": "agent_order",
    "source": "synthetic_agent",
    "symbol": "BTCUSDT",
    "exchange": "binance_usdm",
    "timestamp": "2024-05-01T00:00:01.040000Z",
    "sequence": 13,
    "scenario_id": "scenario-293-momentum_ignition",
    "agent_id": "agent-momentum_ignition",
    "order_id": "scenario-293-momentum_ignition-agent-momentum_ignition-13",
    "action": "new",
    "side": "buy",
    "price": 65375.26917999999,
    "quantity": 0.08,
    "remaining_quantity": 0.08
  },
  {
    "event_id": "b578764453adbfccf10565f5a9bbfcf5968c7e3ac44fccbd9038c4adff90a10e",
    "schema_version": "1.0.0",
    "event_type": "agent_order",
    "source": "synthetic_agent",
    "symbol": "BTCUSDT",
    "exchange": "binance_usdm",
    "timestamp": "2024-05-01T00:00:01.120000Z",
    "sequence": 14,
    "scenario_id": "scenario-293-momentum_ignition",
    "agent_id": "agent-momentum_ignition",
    "order_id": "scenario-293-momentum_ignition-agent-momentum_ignition-14",
    "action": "new",
    "side": "buy",
    "price": 65376.575039999996,
    "quantity": 0.08,
    "remaining_quantity": 0.08
  },
  {
    "event_id": "3323db10720fb85114b025e1a4518115e40eb0218dc1d307e24d938a70e32cf0",
    "schema_version": "1.0.0",
    "event_type": "agent_order",
    "source": "synthetic_agent",
    "symbol": "BTCUSDT",
    "exchange": "binance_usdm",
    "timestamp": "2024-05-01T00:00:01.200000Z",
    "sequence": 15,
    "scenario_id": "scenario-293-momentum_ignition",
    "agent_id": "agent-momentum_ignition",
    "order_id": "scenario-293-momentum_ignition-agent-momentum_ignition-15",
    "action": "new",
    "side": "buy",
    "price": 65377.88089999999,
    "quantity": 0.08,
    "remaining_quantity": 0.08
  },
  {
    "event_id": "34b013b03d3d7c8cd84f53ab36b99b0888d27d590540ac4ea1601b0ea577b7b0",
    "schema_version": "1.0.0",
    "event_type": "agent_order",
    "source": "synthetic_agent",
    "symbol": "BTCUSDT",
    "exchange": "binance_usdm",
    "timestamp": "2024-05-01T00:00:01.280000Z",
    "sequence": 16,
    "scenario_id": "scenario-293-momentum_ignition",
    "agent_id": "agent-momentum_ignition",
    "order_id": "scenario-293-momentum_ignition-agent-momentum_ignition-16",
    "action": "new",
    "side": "buy",
    "price": 65379.18676,
    "quantity": 0.08,
    "remaining_quantity": 0.08
  },
  {
    "event_id": "3fa8e4d16f793d921f1e7e1f699978b035a41f4843bea22b696159a9d341fcd1",
    "schema_version": "1.0.0",
    "event_type": "agent_order",
    "source": "synthetic_agent",
    "symbol": "BTCUSDT",
    "exchange": "binance_usdm",
    "timestamp": "2024-05-01T00:00:01.360000Z",
    "sequence": 17,
    "scenario_id": "scenario-293-momentum_ignition",
    "agent_id": "agent-momentum_ignition",
    "order_id": "scenario-293-momentum_ignition-agent-momentum_ignition-17",
    "action": "new",
    "side": "buy",
    "price": 65380.49261999999,
    "quantity": 0.08,
    "remaining_quantity": 0.08
  },
  {
    "event_id": "83b6a8db98cf0cc6c6f7bde2ed091e7e3028017cdfb5bd66b56c71b93814bb43",
    "schema_version": "1.0.0",
    "event_type": "agent_order",
    "source": "synthetic_agent",
    "symbol": "BTCUSDT",
    "exchange": "binance_usdm",
    "timestamp": "2024-05-01T00:00:01.440000Z",
    "sequence": 18,
    "scenario_id": "scenario-293-momentum_ignition",
    "agent_id": "agent-momentum_ignition",
    "order_id": "scenario-293-momentum_ignition-agent-momentum_ignition-18",
    "action": "new",
    "side": "buy",
    "price": 65381.79847999999,
    "quantity": 0.08,
    "remaining_quantity": 0.08
  },
  {
    "event_id": "e45dfb3a57cf6d2889863c26e42bd381cb1fb358dd95751ed7476cef0dd66207",
    "schema_version": "1.0.0",
    "event_type": "agent_order",
    "source": "synthetic_agent",
    "symbol": "BTCUSDT",
    "exchange": "binance_usdm",
    "timestamp": "2024-05-01T00:00:01.520000Z",
    "sequence": 19,
    "scenario_id": "scenario-293-momentum_ignition",
    "agent_id": "agent-momentum_ignition",
    "order_id": "scenario-293-momentum_ignition-agent-momentum_ignition-19",
    "action": "new",
    "side": "buy",
    "price": 65383.10434,
    "quantity": 0.08,
    "remaining_quantity": 0.08
  },
  {
    "event_id": "414faaf2b5ec48cfd93dc2ab10f95022f9e8dd79f3f4e1a38933fbd78fdea365",
    "schema_version": "1.0.0",
    "event_type": "agent_order",
    "source": "synthetic_agent",
    "symbol": "BTCUSDT",
    "exchange": "binance_usdm",
    "timestamp": "2024-05-01T00:00:01.600000Z",
    "sequence": 20,
    "scenario_id": "scenario-293-momentum_ignition",
    "agent_id": "agent-momentum_ignition",
    "order_id": "scenario-293-momentum_ignition-agent-momentum_ignition-20",
    "action": "new",
    "side": "buy",
    "price": 65384.41019999999,
    "quantity": 0.08,
    "remaining_quantity": 0.08
  },
  {
    "event_id": "4227493cf07d613ca05c3b5b726bd704f9d1d1c3f8641486e18ae3160d077b85",
    "schema_version": "1.0.0",
    "event_type": "agent_order",
    "source": "synthetic_agent",
    "symbol": "BTCUSDT",
    "exchange": "binance_usdm",
    "timestamp": "2024-05-01T00:00:01.680000Z",
    "sequence": 21,
    "scenario_id": "scenario-293-momentum_ignition",
    "agent_id": "agent-momentum_ignition",
    "order_id": "scenario-293-momentum_ignition-agent-momentum_ignition-21",
    "action": "new",
    "side": "buy",
    "price": 65385.71606,
    "quantity": 0.08,
    "remaining_quantity": 0.08
  },
  {
    "event_id": "331669007c0b134a417c304197b5fe0616b02f194996983eebefd326d1ca6f59",
    "schema_version": "1.0.0",
    "event_type": "agent_order",
    "source": "synthetic_agent",
    "symbol": "BTCUSDT",
    "exchange": "binance_usdm",
    "timestamp": "2024-05-01T00:00:01.760000Z",
    "sequence": 22,
    "scenario_id": "scenario-293-momentum_ignition",
    "agent_id": "agent-momentum_ignition",
    "order_id": "scenario-293-momentum_ignition-agent-momentum_ignition-22",
    "action": "new",
    "side": "buy",
    "price": 65387.02191999999,
    "quantity": 0.08,
    "remaining_quantity": 0.08
  },
  {
    "event_id": "dde7d92fc96737b22e426f4b8a818b1605756d6127d582c86bc25fda463157d2",
    "schema_version": "1.0.0",
    "event_type": "agent_order",
    "source": "synthetic_agent",
    "symbol": "BTCUSDT",
    "exchange": "binance_usdm",
    "timestamp": "2024-05-01T00:00:01.840000Z",
    "sequence": 23,
    "scenario_id": "scenario-293-momentum_ignition",
    "agent_id": "agent-momentum_ignition",
    "order_id": "scenario-293-momentum_ignition-agent-momentum_ignition-23",
    "action": "new",
    "side": "buy",
    "price": 65388.327779999985,
    "quantity": 0.08,
    "remaining_quantity": 0.08
  },
  {
    "event_id": "9ca09a4d3ec23255b062d5adf321aeda9dbfb5f549b8c51accc4af37c50a1bd1",
    "schema_version": "1.0.0",
    "event_type": "agent_order",
    "source": "synthetic_agent",
    "symbol": "BTCUSDT",
    "exchange": "binance_usdm",
    "timestamp": "2024-05-01T00:00:01.920000Z",
    "sequence": 24,
    "scenario_id": "scenario-293-momentum_ignition",
    "agent_id": "agent-momentum_ignition",
    "order_id": "scenario-293-momentum_ignition-agent-momentum_ignition-24",
    "action": "new",
    "side": "buy",
    "price": 65389.63363999999,
    "quantity": 0.08,
    "remaining_quantity": 0.08
  },
  {
    "event_id": "38e31ec8553af93cbee1c40450b9d89143b30c9adaf93e44cf08e35b8053d966",
    "schema_version": "1.0.0",
    "event_type": "agent_order",
    "source": "synthetic_agent",
    "symbol": "BTCUSDT",
    "exchange": "binance_usdm",
    "timestamp": "2024-05-01T00:00:02Z",
    "sequence": 25,
    "scenario_id": "scenario-293-momentum_ignition",
    "agent_id": "agent-momentum_ignition",
    "order_id": "scenario-293-momentum_ignition-agent-momentum_ignition-25",
    "action": "new",
    "side": "buy",
    "price": 65390.939499999986,
    "quantity": 0.08,
    "remaining_quantity": 0.08
  },
  {
    "event_id": "5686544cab8c8f0a3fed687cbe038c5c286bccd6c178c35a98cc1fdfcf0154ca",
    "schema_version": "1.0.0",
    "event_type": "agent_order",
    "source": "synthetic_agent",
    "symbol": "BTCUSDT",
    "exchange": "binance_usdm",
    "timestamp": "2024-05-01T00:00:02.080000Z",
    "sequence": 26,
    "scenario_id": "scenario-293-momentum_ignition",
    "agent_id": "agent-momentum_ignition",
    "order_id": "scenario-293-momentum_ignition-agent-momentum_ignition-26",
    "action": "new",
    "side": "buy",
    "price": 65392.24536,
    "quantity": 0.08,
    "remaining_quantity": 0.08
  },
  {
    "event_id": "b2888b22d8031edbdcb54b33829f007b0b862166e9dd753c45ddbe814c621b10",
    "schema_version": "1.0.0",
    "event_type": "agent_order",
    "source": "synthetic_agent",
    "symbol": "BTCUSDT",
    "exchange": "binance_usdm",
    "timestamp": "2024-05-01T00:00:02.160000Z",
    "sequence": 27,
    "scenario_id": "scenario-293-momentum_ignition",
    "agent_id": "agent-momentum_ignition",
    "order_id": "scenario-293-momentum_ignition-agent-momentum_ignition-27",
    "action": "new",
    "side": "buy",
    "price": 65393.551219999994,
    "quantity": 0.08,
    "remaining_quantity": 0.08
  },
  {
    "event_id": "1452e518bcb2ddbc48c5fd8882a936aa752ba598bfd54e163012bc0e0404b55b",
    "schema_version": "1.0.0",
    "event_type": "agent_order",
    "source": "synthetic_agent",
    "symbol": "BTCUSDT",
    "exchange": "binance_usdm",
    "timestamp": "2024-05-01T00:00:02.240000Z",
    "sequence": 28,
    "scenario_id": "scenario-293-momentum_ignition",
    "agent_id": "agent-momentum_ignition",
    "order_id": "scenario-293-momentum_ignition-agent-momentum_ignition-28",
    "action": "new",
    "side": "buy",
    "price": 65394.85707999999,
    "quantity": 0.08,
    "remaining_quantity": 0.08
  },
  {
    "event_id": "487e5e08442e24c59387ffc5fe8db52f8177cbece3266604b98df44e5cb678f3",
    "schema_version": "1.0.0",
    "event_type": "agent_order",
    "source": "synthetic_agent",
    "symbol": "BTCUSDT",
    "exchange": "binance_usdm",
    "timestamp": "2024-05-01T00:00:02.320000Z",
    "sequence": 29,
    "scenario_id": "scenario-293-momentum_ignition",
    "agent_id": "agent-momentum_ignition",
    "order_id": "scenario-293-momentum_ignition-agent-momentum_ignition-29",
    "action": "new",
    "side": "buy",
    "price": 65396.162939999995,
    "quantity": 0.08,
    "remaining_quantity": 0.08
  }
]