[
  {
    "event_id": "057be10849217ae04083f2a2a4fc63d292bfa7f01ee6dfc1146bb93093d6fb10",
    "schema_version": "1.0.0",
    "event_type": "agent_order",
    "source": "synthetic_agent",
    "symbol": "BTCUSDT",
    "exchange": "binance_usdm",
    "timestamp": "2024-05-01T00:00:00Z",
    "sequence": 0,
    "scenario_id": "scenario-339-spoofing_layering",
    "agent_id": "agent-spoofing_layering",
    "order_id": "scenario-339-spoofing_layering-agent-spoofing_layering-0",
    "action": "new",
    "side": "sell",
    "price": 65371.669499999996,
    "quantity": 0.5,
    "remaining_quantity": 0.5
  },
  {
    "event_id": "6ad1e0d1c18d3c56268419599fcd5a1a1309c35e099a18988eef69671e97da4b",
    "schema_version": "1.0.0",
    "event_type": "agent_order",
    "source": "synthetic_agent",
    "symbol": "BTCUSDT",
    "exchange": "binance_usdm",
    "timestamp": "2024-05-01T00:00:00.050000Z",
    "sequence": 1,
    "scenario_id": "scenario-339-spoofing_layering",
    "agent_id": "agent-spoofing_layering",
    "order_id": "scenario-339-spoofing_layering-agent-spoofing_layering-1",
    "action": "new",
    "side": "sell",
    "price": 65372.32289,
    "quantity": 0.5,
    "remaining_quantity": 0.5
  },
  {
    "event_id": "fd4e3732cfb8e73058639d69468f736995fcd44a16ebecfd1701d229b39f4a49",
    "schema_version": "1.0.0",
    "event_type": "agent_order",
    "source": "synthetic_agent",
    "symbol": "BTCUSDT",
    "exchange": "binance_usdm",
    "timestamp": "2024-05-01T00:00:00.100000Z",
    "sequence": 2,
    "scenario_id": "scenario-339-spoofing_layering",
    "agent_id": "agent-spoofing_layering",
    "order_id": "scenario-339-spoofing_layering-agent-spoofing_layering-2",
    "action": "new",
    "side": "sell",
    "price": 65372.97627999999,
    "quantity": 0.5,
    "remaining_quantity": 0.5
  },
  {
    "event_id": "8f06b86094feefb2f947a10920b22cef63399f2156ed84980547b6f7670f4e98",
    "schema_version": "1.0.0",
    "event_type": "agent_order",
    "source": "synthetic_agent",
    "symbol": "BTCUSDT",
    "exchange": "binance_usdm",
    "timestamp": "2024-05-01T00:00:00.150000Z",
    "sequence": 3,
    "scenario_id": "scenario-339-spoofing_layering",
    "agent_id": "agent-spoofing_layering",
    "order_id": "scenario-339-spoofing_layering-agent-spoofing_layering-3",
    "action": "new",
    "side": "sell",
    "price": 65373.629669999995,
    "quantity": 0.5,
    "remaining_quantity": 0.5
  },
  {
    "event_id": "ec96391eb9b779d15cdb9fd4198e35a35be5d7e4ac93666de768e209e150b094",
    "schema_version": "1.0.0",
    "event_type": "agent_order",
    "source": "synthetic_agent",
    "symbol": "BTCUSDT",
    "exchange": "binance_usdm",
    "timestamp": "2024-05-01T00:00:00.200000Z",
    "sequence": 4,
    "scenario_id": "scenario-339-spoofing_layering",
    "agent_id": "agent-spoofing_layering",
    "order_id": "scenario-339-spoofing_layering-agent-spoofing_layering-4",
    "action": "new",
    "side": "sell",
    "price": 65374.28306,
    "quantity": 0.5,
    "remaining_quantity": 0.5
  },
  {
    "event_id": "3818045d77112ddf298399062c35b63a8eb3b7a745f84b3ccc45a5de429e338c",
    "schema_version": "1.0.0",
    "event_type": "agent_order",
    "source": "synthetic_agent",
    "symbol": "BTCUSDT",
    "exchange": "binance_usdm",
    "timestamp": "2024-05-01T00:00:00.250000Z",
    "sequence": 5,
    "scenario_id": "scenario-339-spoofing_layering",
    "agent_id": "agent-spoofing_layering",
    "order_id": "scenario-339-spoofing_layering-agent-spoofing_layering-5",
    "action": "new",
    "side": "sell",
    "price": 65374.93645,
    "quantity": 0.5,
    "remaining_quantity": 0.5
  },
  {
    "event_id": "e4dcd6485116d0fbe82dda090eda8745e5921f45af3005af04e6f15e94348c92",
    "schema_version": "1.0.0",
    "event_type": "agent_order",
    "source": "synthetic_agent",
    "symbol": "BTCUSDT",
    "exchange": "binance_usdm",
    "timestamp": "2024-05-01T00:00:00.300000Z",
    "sequence": 6,
    "scenario_id": "scenario-339-spoofing_layering",
    "agent_id": "agent-spoofing_layering",
    "order_id": "scenario-339-spoofing_layering-agent-spoofing_layering-6",
    "action": "new",
    "side": "sell",
    "price": 65375.58983999999,
    "quantity": 0.5,
    "remaining_quantity": 0.5
  },
  {
    "event_id": "40a86b482207de562151f3ae203dc05abeaa077711d46eb9ae3ae491648a86ae",
    "schema_version": "1.0.0",
    "event_type": "agent_order",
    "source": "synthetic_agent",
    "symbol": "BTCUSDT",
    "exchange": "binance_usdm",
    "timestamp": "2024-05-01T00:00:00.350000Z",
    "sequence": 7,
    "scenario_id": "scenario-339-spoofing_layering",
    "agent_id": "agent-spoofing_layering",
    "order_id": "scenario-339-spoofing_layering-agent-spoofing_layering-7",
    "action": "new",
    "side": "sell",
    "price": 65376.24323,
    "quantity": 0.5,
    "remaining_quantity": 0.5
  },
  {
    "event_id": "bf0b72c3d8e38a8d59717cb36e2e741bda595602221eac00c8ffdb7a83abec4d",
    "schema_version": "1.0.0",
    "event_type": "agent_order",
    "source": "synthetic_agent",
    "symbol": "BTCUSDT",
    "exchange": "binance_usdm",
    "timestamp": "2024-05-01T00:00:00.400000Z",
    "sequence": 8,
    "scenario_id": "scenario-339-spoofing_layering",
    "agent_id": "agent-spoofing_layering",
    "order_id": "scenario-339-spoofing_layering-agent-spoofing_layering-8",
    "action": "new",
    "side": "sell",
    "price": 65376.89662,
    "quantity": 0.5,
    "remaining_quantity": 0.5
  },
  {
    "event_id": "7beb351005e7d3215b837f9993a590681fc2f363afdb320c6141ef8ca1fb52b3",
    "schema_version": "1.0.0",
    "event_type": "agent_order",
    "source": "synthetic_agent",
    "symbol": "BTCUSDT",
    "exchange": "binance_usdm",
    "timestamp": "2024-05-01T00:00:00.450000Z",
    "sequence": 9,
    "scenario_id": "scenario-339-spoofing_layering",
    "agent_id": "agent-spoofing_layering",
    "order_id": "scenario-339-spoofing_layering-agent-spoofing_layering-9",
    "action": "new",
    "side": "sell",
    "price": 65377.55000999999,
    "quantity": 0.5,
    "remaining_quantity": 0.5
  },
  {
    "event_id": "ff8bdb2d0879bbf70ab211dbef7bd3469bead942b93b426771921ec43b7516c5",
    "schema_version": "1.0.0",
    "event_type": "agent_order",
    "source": "synthetic_agent",
    "symbol": "BTCUSDT",
    "exchange": "binance_usdm",
    "timestamp": "2024-05-01T00:00:00.500000Z",
    "sequence": 10,
    "scenario_id": "scenario-339-spoofing_layering",
    "agent_id": "agent-spoofing_layering",
    "order_id": "scenario-339-spoofing_layering-agent-spoofing_layering-10",
    "action": "new",
    "side": "sell",
    "price": 65378.2034,
    "quantity": 0.5,
    "remaining_quantity": 0.5
  },
  {
    "event_id": "df53c9beb67730aae2e37e8c83bf648041c85f75066dd5f2274413a7097d0316",
    "schema_version": "1.0.0",
    "event_type": "agent_order",
    "source": "synthetic_agent",
    "symbol": "BTCUSDT",
    "exchange": "binance_usdm",
    "timestamp": "2024-05-01T00:00:00.550000Z",
    "sequence": 11,
    "scenario_id": "scenario-339-spoofing_layering",
    "agent_id": "agent-spoofing_layering",
    "order_id": "scenario-339-spoofing_layering-agent-spoofing_layering-11",
    "action": "new",
    "side": "sell",
    "price": 65378.85679,
    "quantity": 0.5,
    "remaining_quantity": 0.5
  },
  {
    "event_id": "0e57810c3858ad879858cbf8d51b497b7e13d73db83153fd7c48f30662f07e87",
    "schema_version": "1.0.0",
    "event_type": "agent_order",
    "source": "synthetic_agent",
    "symbol": "BTCUSDT",
    "exchange": "binance_usdm",
    "timestamp": "2024-05-01T00:00:00.600000Z",
    "sequence": 12,
    "scenario_id": "scenario-339-spoofing_layering",
    "agent_id": "agent-spoofing_layering",
    "order_id": "scenario-339-spoofing_layering-agent-spoofing_layering-12",
    "action": "new",
    "side": "sell",
    "price": 65379.51017999999,
    "quantity": 0.5,
    "remaining_quantity": 0.5
  },
  {
    "event_id": "8df58886d5db2ff9499383df87a200dc42e7f42b692d3f057a7eff9a0dd4f738",
    "schema_version": "1.0.0",
    "event_type": "agent_order",
    "source": "synthetic_agent",
    "symbol": "BTCUSDT",
    "exchange": "binance_usdm",
    "timestamp": "2024-05-01T00:00:00.650000Z",
    "sequence": 13,
    "scenario_id": "scenario-339-spoofing_layering",
    "agent_id": "agent-spoofing_layering",
    "order_id": "scenario-339-spoofing_layering-agent-spoofing_layering-13",
    "action": "new",
    "side": "sell",
    "price": 65380.16357,
    "quantity": 0.5,
    "remaining_quantity": 0.5
  },
  {
    "event_id": "c1f5c5dacf836fd711dfeb49cff0af79daa6454f598e4b07b35548f2d3c2cbd9",
    "schema_version": "1.0.0",
    "event_type": "agent_order",
    "source": "synthetic_agent",
    "symbol": "BTCUSDT",
    "exchange": "binance_usdm",
    "timestamp": "2024-05-01T00:00:00.700000Z",
    "sequence": 14,
    "scenario_id": "scenario-339-spoofing_layering",
    "agent_id": "agent-spoofing_layering",
    "order_id": "scenario-339-spoofing_layering-agent-spoofing_layering-14",
    "action": "new",
    "side": "sell",
    "price": 65380.81696,
    "quantity": 0.5,
    "remaining_quantity": 0.5
  },
  {
    "event_id": "78789382fd859df2428c281c7f3fbf3bbd05d53768548007e84487e12c195a49",
    "schema_version": "1.0.0",
    "event_type": "agent_order",
    "source": "synthetic_agent",
    "symbol": "BTCUSDT",
    "exchange": "binance_usdm",
    "timestamp": "2024-05-01T00:00:00.750000Z",
    "sequence": 15,
    "scenario_id": "scenario-339-spoofing_layering",
    "agent_id": "agent-spoofing_layering",
    "order_id": "scenario-339-spoofing_layering-agent-spoofing_layering-15",
    "action": "new",
    "side": "sell",
    "price": 65381.47035,
    "quantity": 0.5,
    "remaining_quantity": 0.5
  },
  {
    "event_id": "5793f7ebdc86e94313bccdaceada45bf041f878e38f338dcc76951dfa1747859",
    "schema_version": "1.0.0",
    "event_type": "agent_order",
    "source": "synthetic_agent",
    "symbol": "BTCUSDT",
    "exchange": "binance_usdm",
    "timestamp": "2024-05-01T00:00:00.800000Z",
    "sequence": 16,
    "scenario_id": "scenario-339-spoofing_layering",
    "agent_id": "agent-spoofing_layering",
    "order_id": "scenario-339-spoofing_layering-agent-spoofing_layering-16",
    "action": "new",
    "side": "sell",
    "price": 65382.123739999995,
    "quantity": 0.5,
    "remaining_quantity": 0.5
  },
  {
    "event_id": "b8a19134e47181e4fb7abbb3a37079195c138546b2de40f53052fc1484799b45",
    "schema_version": "1.0.0",
    "event_type": "agent_order",
    "source": "synthetic_agent",
    "symbol": "BTCUSDT",
    "exchange": "binance_usdm",
    "timestamp": "2024-05-01T00:00:00.850000Z",
    "sequence": 17,
    "scenario_id": "scenario-339-spoofing_layering",
    "agent_id": "agent-spoofing_layering",
    "order_id": "scenario-339-spoofing_layering-agent-spoofing_layering-17",
    "action": "new",
    "side": "sell",
    "price": 65382.777129999995,
    "quantity": 0.5,
    "remaining_quantity": 0.5
  },
  {
    "event_id": "596b5e8b3fb7418f2411a86dcbb9ca597214654256802623804fb81e22a5098f",
    "schema_version": "1.0.0",
    "event_type": "agent_order",
    "source": "synthetic_agent",
    "symbol": "BTCUSDT",
    "exchange": "binance_usdm",
    "timestamp": "2024-05-01T00:00:00.900000Z",
    "sequence": 18,
    "scenario_id": "scenario-339-spoofing_layering",
    "agent_id": "agent-spoofing_layering",
    "order_id": "scenario-339-spoofing_layering-agent-spoofing_layering-18",
    "action": "new",
    "side": "sell",
    "price": 65383.43052,
    "quantity": 0.5,
    "remaining_quantity": 0.5
  },
  {
    "event_id": "17b72d74c69d5f09bd3f1d9b399b758107ee7eb2a033d951226b00dc4b01e4d3",
    "schema_version": "1.0.0",
    "event_type": "agent_order",
    "source": "synthetic_agent",
    "symbol": "BTCUSDT",
    "exchange": "binance_usdm",
    "timestamp": "2024-05-01T00:00:00.950000Z",
    "sequence": 19,
    "scenario_id": "scenario-339-spoofing_layering",
    "agent_id": "agent-spoofing_layering",
    "order_id": "scenario-339-spoofing_layering-agent-spoofing_layering-19",
    "action": "new",
    "side": "sell",
    "price": 65384.083909999994,
    "quantity": 0.5,
    "remaining_quantity": 0.5
  },
  {
    "event_id": "7761e67b8f68cb65a580ab917cd323c62c87b17e13f09f462597411c6e49a3df",
    "schema_version": "1.0.0",
    "event_type": "agent_order",
    "source": "synthetic_agent",
    "symbol": "BTCUSDT",
    "exchange": "binance_usdm",
    "timestamp": "2024-05-01T00:00:01Z",
    "sequence": 20,
    "scenario_id": "scenario-339-spoofing_layering",
    "agent_id": "agent-spoofing_layering",
    "order_id": "scenario-339-spoofing_layering-agent-spoofing_layering-20",
    "action": "new",
    "side": "sell",
    "price": 65384.73729999999,
    "quantity": 0.5,
    "remaining_quantity": 0.5
  },
  {
    "event_id": "d06c155002cae65b320a689d7be8123d80640a4f92513380c4a0d1995bf5f1e9",
    "schema_version": "1.0.0",
    "event_type": "agent_order",
    "source": "synthetic_agent",
    "symbol": "BTCUSDT",
    "exchange": "binance_usdm",
    "timestamp": "2024-05-01T00:00:01.050000Z",
    "sequence": 21,
    "scenario_id": "scenario-339-spoofing_layering",
    "agent_id": "agent-spoofing_layering",
    "order_id": "scenario-339-spoofing_layering-agent-spoofing_layering-21",
    "action": "new",
    "side": "sell",
    "price": 65385.39069,
    "quantity": 0.5,
    "remaining_quantity": 0.5
  },
  {
    "event_id": "c4af798fe23b22700124b6a7dbb5bc90a0ca79159220c46b8a2a54ca8b69903e",
    "schema_version": "1.0.0",
    "event_type": "agent_order",
    "source": "synthetic_agent",
    "symbol": "BTCUSDT",
    "exchange": "binance_usdm",
    "timestamp": "2024-05-01T00:00:01.100000Z",
    "sequence": 22,
    "scenario_id": "scenario-339-spoofing_layering",
    "agent_id": "agent-spoofing_layering",
    "order_id": "scenario-339-spoofing_layering-agent-spoofing_layering-22",
    "action": "new",
    "side": "sell",
    "price": 65386.04408000001,
    "quantity": 0.5,
    "remaining_quantity": 0.5
  },
  {
    "event_id": "ac5dddc57a776e3e867bc161eb4b582112ac48fb40a90649c17a42871ebcc400",
    "schema_version": "1.0.0",
    "event_type": "agent_order",
    "source": "synthetic_agent",
    "symbol": "BTCUSDT",
    "exchange": "binance_usdm",
    "timestamp": "2024-05-01T00:00:01.150000Z",
    "sequence": 23,
    "scenario_id": "scenario-339-spoofing_layering",
    "agent_id": "agent-spoofing_layering",
    "order_id": "scenario-339-spoofing_layering-agent-spoofing_layering-23",
    "action": "new",
    "side": "sell",
    "price": 65386.69746999999,
    "quantity": 0.5,
    "remaining_quantity": 0.5
  },
  {
    "event_id": "e3f24f4a68351c6e3efa7ef9355809c58fe9433b5088a9fa3b29f9857d263246",
    "schema_version": "1.0.0",
    "event_type": "agent_order",
    "source": "synthetic_agent",
    "symbol": "BTCUSDT",
    "exchange": "binance_usdm",
    "timestamp": "2024-05-01T00:00:01.200000Z",
    "sequence": 24,
    "scenario_id": "scenario-339-spoofing_layering",
    "agent_id": "agent-spoofing_layering",
    "order_id": "scenario-339-spoofing_layering-agent-spoofing_layering-24",
    "action": "new",
    "side": "sell",
    "price": 65387.35086,
    "quantity": 0.5,
    "remaining_quantity": 0.5
  },
  {
    "event_id": "6b1147f3e067d9400835316a596a05f43d230ba0d097518ee43ab93c93441878",
    "schema_version": "1.0.0",
    "event_type": "agent_order",
    "source": "synthetic_agent",
    "symbol": "BTCUSDT",
    "exchange": "binance_usdm",
    "timestamp": "2024-05-01T00:00:01.250000Z",
    "sequence": 25,
    "scenario_id": "scenario-339-spoofing_layering",
    "agent_id": "agent-spoofing_layering",
    "order_id": "scenario-339-spoofing_layering-agent-spoofing_layering-25",
    "action": "new",
    "side": "sell",
    "price": 65388.004250000005,
    "quantity": 0.5,
    "remaining_quantity": 0.5
  },
  {
    "event_id": "b9b25f42b0dee274782765e85b0916c633c8ac8ec12b64bac782252954dbe785",
    "schema_version": "1.0.0",
    "event_type": "agent_order",
    "source": "synthetic_agent",
    "symbol": "BTCUSDT",
    "exchange": "binance_usdm",
    "timestamp": "2024-05-01T00:00:01.300000Z",
    "sequence": 26,
    "scenario_id": "scenario-339-spoofing_layering",
    "agent_id": "agent-spoofing_layering",
    "order_id": "scenario-339-spoofing_layering-agent-spoofing_layering-26",
    "action": "new",
    "side": "sell",
    "price": 65388.65763999999,
    "quantity": 0.5,
    "remaining_quantity": 0.5
  },
  {
    "event_id": "7c99f94629980f3c5c28e853e9fb5dcf6f2e71373932107392d9cfacf7d3a566",
    "schema_version": "1.0.0",
    "event_type": "agent_order",
    "source": "synthetic_agent",
    "symbol": "BTCUSDT",
    "exchange": "binance_usdm",
    "timestamp": "2024-05-01T00:00:01.350000Z",
    "sequence": 27,
    "scenario_id": "scenario-339-spoofing_layering",
    "agent_id": "agent-spoofing_layering",
    "order_id": "scenario-339-spoofing_layering-agent-spoofing_layering-27",
    "action": "new",
    "side": "sell",
    "price": 65389.31103,
    "quantity": 0.5,
    "remaining_quantity": 0.5
  },
  {
    "event_id": "051969174eedb4a5e1c9434f168b8ad2046965c044f155ecee1a1662e9d70a5f",
    "schema_version": "1.0.0",
    "event_type": "agent_order",
    "source": "synthetic_agent",
    "symbol": "BTCUSDT",
    "exchange": "binance_usdm",
    "timestamp": "2024-05-01T00:00:01.400000Z",
    "sequence": 28,
    "scenario_id": "scenario-339-spoofing_layering",
    "agent_id": "agent-spoofing_layering",
    "order_id": "scenario-339-spoofing_layering-agent-spoofing_layering-28",
    "action": "new",
    "side": "sell",
    "price": 65389.96442,
    "quantity": 0.5,
    "remaining_quantity": 0.5
  },
  {
    "event_id": "4932de5774033aa4c3da44c6a141599f5dc1572e85505c20eda47967665e6b52",
    "schema_version": "1.0.0",
    "event_type": "agent_order",
    "source": "synthetic_agent",
    "symbol": "BTCUSDT",
    "exchange": "binance_usdm",
    "timestamp": "2024-05-01T00:00:01.450000Z",
    "sequence": 29,
    "scenario_id": "scenario-339-spoofing_layering",
    "agent_id": "agent-spoofing_layering",
    "order_id": "scenario-339-spoofing_layering-agent-spoofing_layering-29",
    "action": "new",
    "side": "sell",
    "price": 65390.61780999999,
    "quantity": 0.5,
    "remaining_quantity": 0.5
  }
]