[
  {
    "event_id": "1eb6af33aa76b1be3ab8a004744843b90a42d0b1b348c8a7c935127728345c0a",
    "schema_version": "1.0.0",
    "event_type": "agent_order",
    "source": "synthetic_agent",
    "symbol": "BTCUSDT",
    "exchange": "binance_usdm",
    "timestamp": "2024-05-01T00:00:00Z",
    "sequence": 0,
    "scenario_id": "scenario-070-runaway_inventory",
    "agent_id": "agent-runaway_inventory",
    "order_id": "scenario-070-runaway_inventory-agent-runaway_inventory-0",
    "action": "new",
    "side": "buy",
    "price": 65070.0,
    "quantity": 0.01,
    "remaining_quantity": 0.01
  },
  {
    "event_id": "79552b5e8467d627b0d266a47e7b12b4e9f4115cea67179c1cff99486d92f9c0",
    "schema_version": "1.0.0",
    "event_type": "agent_order",
    "source": "synthetic_agent",
    "symbol": "BTCUSDT",
    "exchange": "binance_usdm",
    "timestamp": "2024-05-01T00:00:00.070000Z",
    "sequence": 1,
    "scenario_id": "scenario-070-runaway_inventory",
    "agent_id": "agent-runaway_inventory",
    "order_id": "scenario-070-runaway_inventory-agent-runaway_inventory-1",
    "action": "new",
    "side": "buy",
    "price": 65071.952099999995,
    "quantity": 0.012,
    "remaining_quantity": 0.012
  },
  {
    "event_id": "497bdf3fa0d258aa7987720840cb51bd587887baeab0086801b98ba51edf5a9d",
    "schema_version": "1.0.0",
    "event_type": "agent_order",
    "source": "synthetic_agent",
    "symbol": "BTCUSDT",
    "exchange": "binance_usdm",
    "timestamp": "2024-05-01T00:00:00.140000Z",
    "sequence": 2,
    "scenario_id": "scenario-070-runaway_inventory",
    "agent_id": "agent-runaway_inventory",
    "order_id": "scenario-070-runaway_inventory-agent-runaway_inventory-2",
    "action": "new",
    "side": "buy",
    "price": 65073.9042,
    "quantity": 0.014,
    "remaining_quantity": 0.014
  },
  {
    "event_id": "f59e83f1315fe864c9d7f6ccc1155e69b3102c2894c89e96c798a7362a42b12f",
    "schema_version": "1.0.0",
    "event_type": "agent_order",
    "source": "synthetic_agent",
    "symbol": "BTCUSDT",
    "exchange": "binance_usdm",
    "timestamp": "2024-05-01T00:00:00.210000Z",
    "sequence": 3,
    "scenario_id": "scenario-070-runaway_inventory",
    "agent_id": "agent-runaway_inventory",
    "order_id": "scenario-070-runaway_inventory-agent-runaway_inventory-3",
    "action": "new",
    "side": "buy",
    "price": 65075.85629999999,
    "quantity": 0.016,
    "remaining_quantity": 0.016
  },
  {
    "event_id": "618437a6fc3fa0c3cbf2de2021f57c353dc73a943baf785a7cafc4adb9970cfd",
    "schema_version": "1.0.0",
    "event_type": "agent_order",
    "source": "synthetic_agent",
    "symbol": "BTCUSDT",
    "exchange": "binance_usdm",
    "timestamp": "2024-05-01T00:00:00.280000Z",
    "sequence": 4,
    "scenario_id": "scenario-070-runaway_inventory",
    "agent_id": "agent-runaway_inventory",
    "order_id": "scenario-070-runaway_inventory-agent-runaway_inventory-4",
    "action": "new",
    "side": "buy",
    "price": 65077.808399999994,
    "quantity": 0.018000000000000002,
    "remaining_quantity": 0.018000000000000002
  },
  {
    "event_id": "1cd04987e78163077826afecd612c54362c8aac1ec79d78ab2c46b84be633a76",
    "schema_version": "1.0.0",
    "event_type": "agent_order",
    "source": "synthetic_agent",
    "symbol": "BTCUSDT",
    "exchange": "binance_usdm",
    "timestamp": "2024-05-01T00:00:00.350000Z",
    "sequence": 5,
    "scenario_id": "scenario-070-runaway_inventory",
    "agent_id": "agent-runaway_inventory",
    "order_id": "scenario-070-runaway_inventory-agent-runaway_inventory-5",
    "action": "new",
    "side": "buy",
    "price": 65079.760500000004,
    "quantity": 0.02,
    "remaining_quantity": 0.02
  },
  {
    "event_id": "82d89957255a8acc32fcde6547792714ca4f67503006308e76d3dfcbc6d2d0fb",
    "schema_version": "1.0.0",
    "event_type": "agent_order",
    "source": "synthetic_agent",
    "symbol": "BTCUSDT",
    "exchange": "binance_usdm",
    "timestamp": "2024-05-01T00:00:00.420000Z",
    "sequence": 6,
    "scenario_id": "scenario-070-runaway_inventory",
    "agent_id": "agent-runaway_inventory",
    "order_id": "scenario-070-runaway_inventory-agent-runaway_inventory-6",
    "action": "new",
    "side": "buy",
    "price": 65081.712600000006,
    "quantity": 0.022,
    "remaining_quantity": 0.022
  },
  {
    "event_id": "bde26e08e8e4b73d046c18ee8d11af03c31fc2889b010a69741d7890008c5a80",
    "schema_version": "1.0.0",
    "event_type": "agent_order",
    "source": "synthetic_agent",
    "symbol": "BTCUSDT",
    "exchange": "binance_usdm",
    "timestamp": "2024-05-01T00:00:00.490000Z",
    "sequence": 7,
    "scenario_id": "scenario-070-runaway_inventory",
    "agent_id": "agent-runaway_inventory",
    "order_id": "scenario-070-runaway_inventory-agent-runaway_inventory-7",
    "action": "new",
    "side": "buy",
    "price": 65083.6647,
    "quantity": 0.024,
    "remaining_quantity": 0.024
  },
  {
    "event_id": "b69075ced2cda7e990183c15a821d8ee857717578f63fd3d5c00d4ff8f580fd6",
    "schema_version": "1.0.0",
    "event_type": "agent_order",
    "source": "synthetic_agent",
    "symbol": "BTCUSDT",
    "exchange": "binance_usdm",
    "timestamp": "2024-05-01T00:00:00.560000Z",
    "sequence": 8,
    "scenario_id": "scenario-070-runaway_inventory",
    "agent_id": "agent-runaway_inventory",
    "order_id": "scenario-070-runaway_inventory-agent-runaway_inventory-8",
    "action": "new",
    "side": "buy",
    "price": 65085.6168,
    "quantity": 0.026000000000000002,
    "remaining_quantity": 0.026000000000000002
  },
  {
    "event_id": "0ed25f2bafc7340d868933b354b3fa095ff385d672e2ffa565981413dae392df",
    "schema_version": "1.0.0",
    "event_type": "agent_order",
    "source": "synthetic_agent",
    "symbol": "BTCUSDT",
    "exchange": "binance_usdm",
    "timestamp": "2024-05-01T00:00:00.630000Z",
    "sequence": 9,
    "scenario_id": "scenario-070-runaway_inventory",
    "agent_id": "agent-runaway_inventory",
    "order_id": "scenario-070-runaway_inventory-agent-runaway_inventory-9",
    "action": "new",
    "side": "buy",
    "price": 65087.5689,
    "quantity": 0.028000000000000004,
    "remaining_quantity": 0.028000000000000004
  },
  {
    "event_id": "0e7daa71dc4f6961c4fd0d675beecc068822cbc32f921aba13d45c9d31822ab3",
    "schema_version": "1.0.0",
    "event_type": "agent_order",
    "source": "synthetic_agent",
    "symbol": "BTCUSDT",
    "exchange": "binance_usdm",
    "timestamp": "2024-05-01T00:00:00.700000Z",
    "sequence": 10,
    "scenario_id": "scenario-070-runaway_inventory",
    "agent_id": "agent-runaway_inventory",
    "order_id": "scenario-070-runaway_inventory-agent-runaway_inventory-10",
    "action": "new",
    "side": "buy",
    "price": 65089.521,
    "quantity": 0.03,
    "remaining_quantity": 0.03
  },
  {
    "event_id": "370fb4b6b440e5f4ca653ecb3477f5355d5bc14294cd73a1f0054160da11fa0f",
    "schema_version": "1.0.0",
    "event_type": "agent_order",
    "source": "synthetic_agent",
    "symbol": "BTCUSDT",
    "exchange": "binance_usdm",
    "timestamp": "2024-05-01T00:00:00.770000Z",
    "sequence": 11,
    "scenario_id": "scenario-070-runaway_inventory",
    "agent_id": "agent-runaway_inventory",
    "order_id": "scenario-070-runaway_inventory-agent-runaway_inventory-11",
    "action": "new",
    "side": "buy",
    "price": 65091.473099999996,
    "quantity": 0.032,
    "remaining_quantity": 0.032
  },
  {
    "event_id": "bad533b7860a8f9a27e7e36c5e18972ecc8a1acc0c698a631516d3cd1ed38a1f",
    "schema_version": "1.0.0",
    "event_type": "agent_order",
    "source": "synthetic_agent",
    "symbol": "BTCUSDT",
    "exchange": "binance_usdm",
    "timestamp": "2024-05-01T00:00:00.840000Z",
    "sequence": 12,
    "scenario_id": "scenario-070-runaway_inventory",
    "agent_id": "agent-runaway_inventory",
    "order_id": "scenario-070-runaway_inventory-agent-runaway_inventory-12",
    "action": "new",
    "side": "buy",
    "price": 65093.4252,
    "quantity": 0.034,
    "remaining_quantity": 0.034
  },
  {
    "event_id": "19d5e3c4d7dd50e1ccdd38401c5f8aa095066fb413860ea4aa130fb6db84303e",
    "schema_version": "1.0.0",
    "event_type": "agent_order",
    "source": "synthetic_agent",
    "symbol": "BTCUSDT",
    "exchange": "binance_usdm",
    "timestamp": "2024-05-01T00:00:00.910000Z",
    "sequence": 13,
    "scenario_id": "scenario-070-runaway_inventory",
    "agent_id": "agent-runaway_inventory",
    "order_id": "scenario-070-runaway_inventory-agent-runaway_inventory-13",
    "action": "new",
    "side": "buy",
    "price": 65095.37729999999,
    "quantity": 0.036000000000000004,
    "remaining_quantity": 0.036000000000000004
  },
  {
    "event_id": "164409c76bdc80dd744fb24072247122645d31765fa2245ea786dd2369e5acdf",
    "schema_version": "1.0.0",
    "event_type": "agent_order",
    "source": "synthetic_agent",
    "symbol": "BTCUSDT",
    "exchange": "binance_usdm",
    "timestamp": "2024-05-01T00:00:00.980000Z",
    "sequence": 14,
    "scenario_id": "scenario-070-runaway_inventory",
    "agent_id": "agent-runaway_inventory",
    "order_id": "scenario-070-runaway_inventory-agent-runaway_inventory-14",
    "action": "new",
    "side": "buy",
    "price": 65097.3294,
    "quantity": 0.038,
    "remaining_quantity": 0.038
  },
  {
    "event_id": "b5f40928581811052eae5267f0329328d1b647a6612662a527cf76c109739b7d",
    "schema_version": "1.0.0",
    "event_type": "agent_order",
    "source": "synthetic_agent",
    "symbol": "BTCUSDT",
    "exchange": "binance_usdm",
    "timestamp": "2024-05-01T00:00:01.050000Z",
    "sequence": 15,
    "scenario_id": "scenario-070-runaway_inventory",
    "agent_id": "agent-runaway_inventory",
    "order_id": "scenario-070-runaway_inventory-agent-runaway_inventory-15",
    "action": "new",
    "side": "buy",
    "price": 65099.281500000005,
    "quantity": 0.04,
    "remaining_quantity": 0.04
  },
  {
    "event_id": "24f36b8c034899af064570c81b44f99b754ddf46ae5a641009c6554d69f312cb",
    "schema_version": "1.0.0",
    "event_type": "agent_order",
    "source": "synthetic_agent",
    "symbol": "BTCUSDT",
    "exchange": "binance_usdm",
    "timestamp": "2024-05-01T00:00:01.120000Z",
    "sequence": 16,
    "scenario_id": "scenario-070-runaway_inventory",
    "agent_id": "agent-runaway_inventory",
    "order_id": "scenario-070-runaway_inventory-agent-runaway_inventory-16",
    "action": "new",
    "side": "buy",
    "price": 65101.2336,
    "quantity": 0.042,
    "remaining_quantity": 0.042
  },
  {
    "event_id": "4ae3e867a92a2bbcd8c865ff1d88451cc0caa5fecfdf9202ea1df8169f60d6fb",
    "schema_version": "1.0.0",
    "event_type": "agent_order",
    "source": "synthetic_agent",
    "symbol": "BTCUSDT",
    "exchange": "binance_usdm",
    "timestamp": "2024-05-01T00:00:01.190000Z",
    "sequence": 17,
    "scenario_id": "scenario-070-runaway_inventory",
    "agent_id": "agent-runaway_inventory",
    "order_id": "scenario-070-runaway_inventory-agent-runaway_inventory-17",
    "action": "new",
    "side": "buy",
    "price": 65103.1857,
    "quantity": 0.044000000000000004,
    "remaining_quantity": 0.044000000000000004
  },
  {
    "event_id": "1d6a623941e0fbeaaf327202cf73e8f144da0cc6b89dd5e8f60720f3d0ca52fc",
    "schema_version": "1.0.0",
    "event_type": "agent_order",
    "source": "synthetic_agent",
    "symbol": "BTCUSDT",
    "exchange": "binance_usdm",
    "timestamp": "2024-05-01T00:00:01.260000Z",
    "sequence": 18,
    "scenario_id": "scenario-070-runaway_inventory",
    "agent_id": "agent-runaway_inventory",
    "order_id": "scenario-070-runaway_inventory-agent-runaway_inventory-18",
    "action": "new",
    "side": "buy",
    "price": 65105.1378,
    "quantity": 0.046000000000000006,
    "remaining_quantity": 0.046000000000000006
  },
  {
    "event_id": "346512a2ddd0b150cdcd6a17cf0bdaafe9e3db9d1a46b76c7cff441ca96e49f1",
    "schema_version": "1.0.0",
    "event_type": "agent_order",
    "source": "synthetic_agent",
    "symbol": "BTCUSDT",
    "exchange": "binance_usdm",
    "timestamp": "2024-05-01T00:00:01.330000Z",
    "sequence": 19,
    "scenario_id": "scenario-070-runaway_inventory",
    "agent_id": "agent-runaway_inventory",
    "order_id": "scenario-070-runaway_inventory-agent-runaway_inventory-19",
    "action": "new",
    "side": "buy",
    "price": 65107.0899,
    "quantity": 0.048,
    "remaining_quantity": 0.048
  },
  {
    "event_id": "b2c049501f46c642e77e2f4bd84a5e4232bd0e89bc47de26a526bee6f01279ab",
    "schema_version": "1.0.0",
    "event_type": "agent_order",
    "source": "synthetic_agent",
    "symbol": "BTCUSDT",
    "exchange": "binance_usdm",
    "timestamp": "2024-05-01T00:00:01.400000Z",
    "sequence": 20,
    "scenario_id": "scenario-070-runaway_inventory",
    "agent_id": "agent-runaway_inventory",
    "order_id": "scenario-070-runaway_inventory-agent-runaway_inventory-20",
    "action": "new",
    "side": "buy",
    "price": 65109.041999999994,
    "quantity": 0.05,
    "remaining_quantity": 0.05
  },
  {
    "event_id": "76d429160e915ee454d49f2c4c57b9ca1eed01aae18a9d411b4653abe9517415",
    "schema_version": "1.0.0",
    "event_type": "agent_order",
    "source": "synthetic_agent",
    "symbol": "BTCUSDT",
    "exchange": "binance_usdm",
    "timestamp": "2024-05-01T00:00:01.470000Z",
    "sequence": 21,
    "scenario_id": "scenario-070-runaway_inventory",
    "agent_id": "agent-runaway_inventory",
    "order_id": "scenario-070-runaway_inventory-agent-runaway_inventory-21",
    "action": "new",
    "side": "buy",
    "price": 65110.994099999996,
    "quantity": 0.052000000000000005,
    "remaining_quantity": 0.052000000000000005
  },
  {
    "event_id": "25cadae6ec534541c2c97a6e936c4cd3a70dfcceb573b6879e0ffa38a7facdc2",
    "schema_version": "1.0.0",
    "event_type": "agent_order",
    "source": "synthetic_agent",
    "symbol": "BTCUSDT",
    "exchange": "binance_usdm",
    "timestamp": "2024-05-01T00:00:01.540000Z",
    "sequence": 22,
    "scenario_id": "scenario-070-runaway_inventory",
    "agent_id": "agent-runaway_inventory",
    "order_id": "scenario-070-runaway_inventory-agent-runaway_inventory-22",
    "action": "new",
    "side": "buy",
    "price": 65112.946200000006,
    "quantity": 0.054,
    "remaining_quantity": 0.054
  },
  {
    "event_id": "3f8019f160c3d7c47bfb803185825d6738114c7d254d0b73d5fa80f6713a0d73",
    "schema_version": "1.0.0",
    "event_type": "agent_order",
    "source": "synthetic_agent",
    "symbol": "BTCUSDT",
    "exchange": "binance_usdm",
    "timestamp": "2024-05-01T00:00:01.610000Z",
    "sequence": 23,
    "scenario_id": "scenario-070-runaway_inventory",
    "agent_id": "agent-runaway_inventory",
    "order_id": "scenario-070-runaway_inventory-agent-runaway_inventory-23",
    "action": "new",
    "side": "buy",
    "price": 65114.89830000001,
    "quantity": 0.056,
    "remaining_quantity": 0.056
  },
  {
    "event_id": "f99418c588d6e14e069283b73be993a25d63bc2c1e853149484d1ab12408f743",
    "schema_version": "1.0.0",
    "event_type": "agent_order",
    "source": "synthetic_agent",
    "symbol": "BTCUSDT",
    "exchange": "binance_usdm",
    "timestamp": "2024-05-01T00:00:01.680000Z",
    "sequence": 24,
    "scenario_id": "scenario-070-runaway_inventory",
    "agent_id": "agent-runaway_inventory",
    "order_id": "scenario-070-runaway_inventory-agent-runaway_inventory-24",
    "action": "new",
    "side": "buy",
    "price": 65116.8504,
    "quantity": 0.058,
    "remaining_quantity": 0.058
  },
  {
    "event_id": "cb5aa37ae78af8fd9c75837fa6b30d7b4df4914c01ee1de4ffe5010db3b240a7",
    "schema_version": "1.0.0",
    "event_type": "agent_order",
    "source": "synthetic_agent",
    "symbol": "BTCUSDT",
    "exchange": "binance_usdm",
    "timestamp": "2024-05-01T00:00:01.750000Z",
    "sequence": 25,
    "scenario_id": "scenario-070-runaway_inventory",
    "agent_id": "agent-runaway_inventory",
    "order_id": "scenario-070-runaway_inventory-agent-runaway_inventory-25",
    "action": "new",
    "side": "buy",
    "price": 65118.802500000005,
    "quantity": 0.060000000000000005,
    "remaining_quantity": 0.060000000000000005
  },
  {
    "event_id": "26f12354b86439169510f260045f447a6223f096d7d7cae68f27ca4ea8673038",
    "schema_version": "1.0.0",
    "event_type": "agent_order",
    "source": "synthetic_agent",
    "symbol": "BTCUSDT",
    "exchange": "binance_usdm",
    "timestamp": "2024-05-01T00:00:01.820000Z",
    "sequence": 26,
    "scenario_id": "scenario-070-runaway_inventory",
    "agent_id": "agent-runaway_inventory",
    "order_id": "scenario-070-runaway_inventory-agent-runaway_inventory-26",
    "action": "new",
    "side": "buy",
    "price": 65120.7546,
    "quantity": 0.062000000000000006,
    "remaining_quantity": 0.062000000000000006
  },
  {
    "event_id": "8c83ba1859324367d873945b24ed7348f0c7e56fe63c081eb1909f72253fb8b7",
    "schema_version": "1.0.0",
    "event_type": "agent_order",
    "source": "synthetic_agent",
    "symbol": "BTCUSDT",
    "exchange": "binance_usdm",
    "timestamp": "2024-05-01T00:00:01.890000Z",
    "sequence": 27,
    "scenario_id": "scenario-070-runaway_inventory",
    "agent_id": "agent-runaway_inventory",
    "order_id": "scenario-070-runaway_inventory-agent-runaway_inventory-27",
    "action": "new",
    "side": "buy",
    "price": 65122.706699999995,
    "quantity": 0.064,
    "remaining_quantity": 0.064
  },
  {
    "event_id": "a06376ba59fce9ecbe8360cd63126c534060836cbce00c37b9434c91b80a1889",
    "schema_version": "1.0.0",
    "event_type": "agent_order",
    "source": "synthetic_agent",
    "symbol": "BTCUSDT",
    "exchange": "binance_usdm",
    "timestamp": "2024-05-01T00:00:01.960000Z",
    "sequence": 28,
    "scenario_id": "scenario-070-runaway_inventory",
    "agent_id": "agent-runaway_inventory",
    "order_id": "scenario-070-runaway_inventory-agent-runaway_inventory-28",
    "action": "new",
    "side": "buy",
    "price": 65124.6588,
    "quantity": 0.066,
    "remaining_quantity": 0.066
  },
  {
    "event_id": "a46e3c82f0659fc16b35e0e7575cc604781c62c2b311b3e4f6475b44353ad085",
    "schema_version": "1.0.0",
    "event_type": "agent_order",
    "source": "synthetic_agent",
    "symbol": "BTCUSDT",
    "exchange": "binance_usdm",
    "timestamp": "2024-05-01T00:00:02.030000Z",
    "sequence": 29,
    "scenario_id": "scenario-070-runaway_inventory",
    "agent_id": "agent-runaway_inventory",
    "order_id": "scenario-070-runaway_inventory-agent-runaway_inventory-29",
    "action": "new",
    "side": "buy",
    "price": 65126.61089999999,
    "quantity": 0.068,
    "remaining_quantity": 0.068
  }
]