[
  {
    "event_id": "3aae928e082d4d85b0210798b5be5515b4d41ea1aad394558a2177259c5afcff",
    "schema_version": "1.0.0",
    "event_type": "agent_order",
    "source": "synthetic_agent",
    "symbol": "BTCUSDT",
    "exchange": "binance_usdm",
    "timestamp": "2024-05-01T00:00:00Z",
    "sequence": 0,
    "scenario_id": "scenario-573-stop_run_sweep",
    "agent_id": "agent-stop_run_sweep",
    "order_id": "scenario-573-stop_run_sweep-agent-stop_run_sweep-0",
    "action": "new",
    "side": "buy",
    "price": 65638.57299999999,
    "quantity": 0.06,
    "remaining_quantity": 0.06
  },
  {
    "event_id": "6a75e546b50634f11539ca695a4bc59c335563e80b8ee68e1d2c0f86ee1ce880",
    "schema_version": "1.0.0",
    "event_type": "agent_order",
    "source": "synthetic_agent",
    "symbol": "BTCUSDT",
    "exchange": "binance_usdm",
    "timestamp": "2024-05-01T00:00:00.030000Z",
    "sequence": 1,
    "scenario_id": "scenario-573-stop_run_sweep",
    "agent_id": "agent-stop_run_sweep",
    "order_id": "scenario-573-stop_run_sweep-agent-stop_run_sweep-1",
    "action": "new",
    "side": "buy",
    "price": 65641.85165,
    "quantity": 0.06,
    "remaining_quantity": 0.06
  },
  {
    "event_id": "009c6c357e27f8d7eab44d0057476e79df5267e0dfc55e4fafb7d78e331b1083",
    "schema_version": "1.0.0",
    "event_type": "agent_order",
    "source": "synthetic_agent",
    "symbol": "BTCUSDT",
    "exchange": "binance_usdm",
    "timestamp": "2024-05-01T00:00:00.060000Z",
    "sequence": 2,
    "scenario_id": "scenario-573-stop_run_sweep",
    "agent_id": "agent-stop_run_sweep",
    "order_id": "scenario-573-stop_run_sweep-agent-stop_run_sweep-2",
    "action": "new",
    "side": "buy",
    "price": 65645.13029999999,
    "quantity": 0.06,
    "remaining_quantity": 0.06
  },
  {
    "event_id": "c108d4815ee253ee848784bcb45ed2e425cbe3be71c4d1e269c7f64ee3a141a0",
    "schema_version": "1.0.0",
    "event_type": "agent_order",
    "source": "synthetic_agent",
    "symbol": "BTCUSDT",
    "exchange": "binance_usdm",
    "timestamp": "2024-05-01T00:00:00.090000Z",
    "sequence": 3,
    "scenario_id": "scenario-573-stop_run_sweep",
    "agent_id": "agent-stop_run_sweep",
    "order_id": "scenario-573-stop_run_sweep-agent-stop_run_sweep-3",
    "action": "new",
    "side": "buy",
    "price": 65648.40895,
    "quantity": 0.06,
    "remaining_quantity": 0.06
  },
  {
    "event_id": "d98e54699e01a9a814611bafcfcbfa5de51c413cf85d28c824a32f8247dd580c",
    "schema_version": "1.0.0",
    "event_type": "agent_order",
    "source": "synthetic_agent",
    "symbol": "BTCUSDT",
    "exchange": "binance_usdm",
    "timestamp": "2024-05-01T00:00:00.120000Z",
    "sequence": 4,
    "scenario_id": "scenario-573-stop_run_sweep",
    "agent_id": "agent-stop_run_sweep",
    "order_id": "scenario-573-stop_run_sweep-agent-stop_run_sweep-4",
    "action": "new",
    "side": "buy",
    "price": 65651.68759999999,
    "quantity": 0.06,
    "remaining_quantity": 0.06
  },
  {
    "event_id": "147d789435c9c34d897daff60e5710fb5916014180826c6f525729aee253dc7a",
    "schema_version": "1.0.0",
    "event_type": "agent_order",
    "source": "synthetic_agent",
    "symbol": "BTCUSDT",
    "exchange": "binance_usdm",
    "timestamp": "2024-05-01T00:00:00.150000Z",
    "sequence": 5,
    "scenario_id": "scenario-573-stop_run_sweep",
    "agent_id": "agent-stop_run_sweep",
    "order_id": "scenario-573-stop_run_sweep-agent-stop_run_sweep-5",
    "action": "new",
    "side": "buy",
    "price": 65654.96625,
    "quantity": 0.06,
    "remaining_quantity": 0.06
  },
  {
    "event_id": "1119c7bf5a1c3fe40707ee5df0b3dbd342ced8bf7039a51be8889162f1deb4cc",
    "schema_version": "1.0.0",
    "event_type": "agent_order",
    "source": "synthetic_agent",
    "symbol": "BTCUSDT",
    "exchange": "binance_usdm",
    "timestamp": "2024-05-01T00:00:00.180000Z",
    "sequence": 6,
    "scenario_id": "scenario-573-stop_run_sweep",
    "agent_id": "agent-stop_run_sweep",
    "order_id": "scenario-573-stop_run_sweep-agent-stop_run_sweep-6",
    "action": "new",
    "side": "buy",
    "price": 65658.24489999999,
    "quantity": 0.06,
    "remaining_quantity": 0.06
  },
  {
    "event_id": "7fcdabfd90d9d8bfa3a089a763f4a737237ae6d487f10417150a1f8f3dd3ec83",
    "schema_version": "1.0.0",
    "event_type": "agent_order",
    "source": "synthetic_agent",
    "symbol": "BTCUSDT",
    "exchange": "binance_usdm",
    "timestamp": "2024-05-01T00:00:00.210000Z",
    "sequence": 7,
    "scenario_id": "scenario-573-stop_run_sweep",
    "agent_id": "agent-stop_run_sweep",
    "order_id": "scenario-573-stop_run_sweep-agent-stop_run_sweep-7",
    "action": "new",
    "side": "buy",
    "price": 65661.52355,
    "quantity": 0.06,
    "remaining_quantity": 0.06
  },
  {
    "event_id": "c9a6a46349565efa3e2a14de90a12d69e014ea1493074f3d48dde38044ac34ac",
    "schema_version": "1.0.0",
    "event_type": "agent_order",
    "source": "synthetic_agent",
    "symbol": "BTCUSDT",
    "exchange": "binance_usdm",
    "timestamp": "2024-05-01T00:00:00.240000Z",
    "sequence": 8,
    "scenario_id": "scenario-573-stop_run_sweep",
    "agent_id": "agent-stop_run_sweep",
    "order_id": "scenario-573-stop_run_sweep-agent-stop_run_sweep-8",
    "action": "new",
    "side": "buy",
    "price": 65664.80219999999,
    "quantity": 0.06,
    "remaining_quantity": 0.06
  },
  {
    "event_id": "ff5fb625a8d863407cd3238cc723e97fc2c3f0759cb11ae151f083d61cc8f49e",
    "schema_version": "1.0.0",
    "event_type": "agent_order",
    "source": "synthetic_agent",
    "symbol": "BTCUSDT",
    "exchange": "binance_usdm",
    "timestamp": "2024-05-01T00:00:00.270000Z",
    "sequence": 9,
    "scenario_id": "scenario-573-stop_run_sweep",
    "agent_id": "agent-stop_run_sweep",
    "order_id": "scenario-573-stop_run_sweep-agent-stop_run_sweep-9",
    "action": "new",
    "side": "buy",
    "price": 65668.08085,
    "quantity": 0.06,
    "remaining_quantity": 0.06
  },
  {
    "event_id": "f538795d2225944b051ea942744c54015d730570f7ae0c71e501547060a8ee36",
    "schema_version": "1.0.0",
    "event_type": "agent_order",
    "source": "synthetic_agent",
    "symbol": "BTCUSDT",
    "exchange": "binance_usdm",
    "timestamp": "2024-05-01T00:00:00.300000Z",
    "sequence": 10,
    "scenario_id": "scenario-573-stop_run_sweep",
    "agent_id": "agent-stop_run_sweep",
    "order_id": "scenario-573-stop_run_sweep-agent-stop_run_sweep-10",
    "action": "new",
    "side": "buy",
    "price": 65671.35949999999,
    "quantity": 0.06,
    "remaining_quantity": 0.06
  },
  {
    "event_id": "bf855ea95a214cab0257a28c8ff642ff9ad5f1176c711782c4f6461cbb6284df",
    "schema_version": "1.0.0",
    "event_type": "agent_order",
    "source": "synthetic_agent",
    "symbol": "BTCUSDT",
    "exchange": "binance_usdm",
    "timestamp": "2024-05-01T00:00:00.330000Z",
    "sequence": 11,
    "scenario_id": "scenario-573-stop_run_sweep",
    "agent_id": "agent-stop_run_sweep",
    "order_id": "scenario-573-stop_run_sweep-agent-stop_run_sweep-11",
    "action": "new",
    "side": "buy",
    "price": 65674.63815,
    "quantity": 0.06,
    "remaining_quantity": 0.06
  },
  {
    "event_id": "f0cd96eacdaec178fc214df4d7c3071eebf75353e6e6536db9a831de6c826776",
    "schema_version": "1.0.0",
    "event_type": "agent_order",
    "source": "synthetic_agent",
    "symbol": "BTCUSDT",
    "exchange": "binance_usdm",
    "timestamp": "2024-05-01T00:00:00.360000Z",
    "sequence": 12,
    "scenario_id": "scenario-573-stop_run_sweep",
    "agent_id": "agent-stop_run_sweep",
    "order_id": "scenario-573-stop_run_sweep-agent-stop_run_sweep-12",
    "action": "new",
    "side": "buy",
    "price": 65677.91679999999,
    "quantity": 0.06,
    "remaining_quantity": 0.06
  },
  {
    "event_id": "a3bae4bbb4297e53d87d5336edc7543ae238bbce78fb85597c82d2cfb94894ca",
    "schema_version": "1.0.0",
    "event_type": "agent_order",
    "source": "synthetic_agent",
    "symbol": "BTCUSDT",
    "exchange": "binance_usdm",
    "timestamp": "2024-05-01T00:00:00.390000Z",
    "sequence": 13,
    "scenario_id": "scenario-573-stop_run_sweep",
    "agent_id": "agent-stop_run_sweep",
    "order_id": "scenario-573-stop_run_sweep-agent-stop_run_sweep-13",
    "action": "new",
    "side": "buy",
    "price": 65681.19545,
    "quantity": 0.06,
    "remaining_quantity": 0.06
  },
  {
    "event_id": "5e7e2043a0ef0fd4ea38b14645556a9f2f4390361816d9d69e6cab9035ea948f",
    "schema_version": "1.0.0",
    "event_type": "agent_order",
    "source": "synthetic_agent",
    "symbol": "BTCUSDT",
    "exchange": "binance_usdm",
    "timestamp": "2024-05-01T00:00:00.420000Z",
    "sequence": 14,
    "scenario_id": "scenario-573-stop_run_sweep",
    "agent_id": "agent-stop_run_sweep",
    "order_id": "scenario-573-stop_run_sweep-agent-stop_run_sweep-14",
    "action": "new",
    "side": "buy",
    "price": 65684.47409999999,
    "quantity": 0.06,
    "remaining_quantity": 0.06
  },
  {
    "event_id": "302304909afe240f447ed2cea839e9f732c727733d97d2a1fbd3c85fa1e636ad",
    "schema_version": "1.0.0",
    "event_type": "agent_order",
    "source": "synthetic_agent",
    "symbol": "BTCUSDT",
    "exchange": "binance_usdm",
    "timestamp": "2024-05-01T00:00:00.450000Z",
    "sequence": 15,
    "scenario_id": "scenario-573-stop_run_sweep",
    "agent_id": "agent-stop_run_sweep",
    "order_id": "scenario-573-stop_run_sweep-agent-stop_run_sweep-15",
    "action": "new",
    "side": "buy",
    "price": 65687.75275,
    "quantity": 0.06,
    "remaining_quantity": 0.06
  },
  {
    "event_id": "52dfa2d54e74e6459ca2170ebbd34bdae8c722dfad20d844f34922ccfb96d631",
    "schema_version": "1.0.0",
    "event_type": "agent_order",
    "source": "synthetic_agent",
    "symbol": "BTCUSDT",
    "exchange": "binance_usdm",
    "timestamp": "2024-05-01T00:00:00.480000Z",
    "sequence": 16,
    "scenario_id": "scenario-573-stop_run_sweep",
    "agent_id": "agent-stop_run_sweep",
    "order_id": "scenario-573-stop_run_sweep-agent-stop_run_sweep-16",
    "action": "new",
    "side": "buy",
    "price": 65691.03139999999,
    "quantity": 0.06,
    "remaining_quantity": 0.06
  },
  {
    "event_id": "1af1b8c6873f75ef992904fccd7f03f21080a38d836a40aee56741273aa99533",
    "schema_version": "1.0.0",
    "event_type": "agent_order",
    "source": "synthetic_agent",
    "symbol": "BTCUSDT",
    "exchange": "binance_usdm",
    "timestamp": "2024-05-01T00:00:00.510000Z",
    "sequence": 17,
    "scenario_id": "scenario-573-stop_run_sweep",
    "agent_id": "agent-stop_run_sweep",
    "order_id": "scenario-573-stop_run_sweep-agent-stop_run_sweep-17",
    "action": "new",
    "side": "buy",
    "price": 65694.31005,
    "quantity": 0.06,
    "remaining_quantity": 0.06
  },
  {
    "event_id": "3917003e4be5ae952b2f95eca6242105a071b258f453311c610dc41a655fb73c",
    "schema_version": "1.0.0",
    "event_type": "agent_order",
    "source": "synthetic_agent",
    "symbol": "BTCUSDT",
    "exchange": "binance_usdm",
    "timestamp": "2024-05-01T00:00:00.540000Z",
    "sequence": 18,
    "scenario_id": "scenario-573-stop_run_sweep",
    "agent_id": "agent-stop_run_sweep",
    "order_id": "scenario-573-stop_run_sweep-agent-stop_run_sweep-18",
    "action": "new",
    "side": "buy",
    "price": 65697.5887,
    "quantity": 0.06,
    "remaining_quantity": 0.06
  },
  {
    "event_id": "075e009b801cafdab4259baaba750a9102edc2d564888df4d8081df13c950d2a",
    "schema_version": "1.0.0",
    "event_type": "agent_order",
    "source": "synthetic_agent",
    "symbol": "BTCUSDT",
    "exchange": "binance_usdm",
    "timestamp": "2024-05-01T00:00:00.570000Z",
    "sequence": 19,
    "scenario_id": "scenario-573-stop_run_sweep",
    "agent_id": "agent-stop_run_sweep",
    "order_id": "scenario-573-stop_run_sweep-agent-stop_run_sweep-19",
    "action": "new",
    "side": "buy",
    "price": 65700.86735,
    "quantity": 0.06,
    "remaining_quantity": 0.06
  },
  {
    "event_id": "717e388a8c632d947107311bee4195a478d37c68eebf15c39315aee376556637",
    "schema_version": "1.0.0",
    "event_type": "agent_order",
    "source": "synthetic_agent",
    "symbol": "BTCUSDT",
    "exchange": "binance_usdm",
    "timestamp": "2024-05-01T00:00:00.600000Z",
    "sequence": 20,
    "scenario_id": "scenario-573-stop_run_sweep",
    "agent_id": "agent-stop_run_sweep",
    "order_id": "scenario-573-stop_run_sweep-agent-stop_run_sweep-20",
    "action": "new",
    "side": "buy",
    "price": 65704.14599999998,
    "quantity": 0.06,
    "remaining_quantity": 0.06
  },
  {
    "event_id": "7666d78c90d0ffab3679afbb1d2d98a6a45d50a242a475ad17e3712310a6229c",
    "schema_version": "1.0.0",
    "event_type": "agent_order",
    "source": "synthetic_agent",
    "symbol": "BTCUSDT",
    "exchange": "binance_usdm",
    "timestamp": "2024-05-01T00:00:00.630000Z",
    "sequence": 21,
    "scenario_id": "scenario-573-stop_run_sweep",
    "agent_id": "agent-stop_run_sweep",
    "order_id": "scenario-573-stop_run_sweep-agent-stop_run_sweep-21",
    "action": "new",
    "side": "buy",
    "price": 65707.42464999999,
    "quantity": 0.06,
    "remaining_quantity": 0.06
  },
  {
    "event_id": "ae33a37ffe1bac99ccc46525a54a59312c4ab7e5574b10bf32974c444f245c5b",
    "schema_version": "1.0.0",
    "event_type": "agent_order",
    "source": "synthetic_agent",
    "symbol": "BTCUSDT",
    "exchange": "binance_usdm",
    "timestamp": "2024-05-01T00:00:00.660000Z",
    "sequence": 22,
    "scenario_id": "scenario-573-stop_run_sweep",
    "agent_id": "agent-stop_run_sweep",
    "order_id": "scenario-573-stop_run_sweep-agent-stop_run_sweep-22",
    "action": "new",
    "side": "buy",
    "price": 65710.7033,
    "quantity": 0.06,
    "remaining_quantity": 0.06
  },
  {
    "event_id": "b5befe0e2a41f3101bab248737304bc13ea25a1db4df6f9ec18de21aa9135d69",
    "schema_version": "1.0.0",
    "event_type": "agent_order",
    "source": "synthetic_agent",
    "symbol": "BTCUSDT",
    "exchange": "binance_usdm",
    "timestamp": "2024-05-01T00:00:00.690000Z",
    "sequence": 23,
    "scenario_id": "scenario-573-stop_run_sweep",
    "agent_id": "agent-stop_run_sweep",
    "order_id": "scenario-573-stop_run_sweep-agent-stop_run_sweep-23",
    "action": "new",
    "side": "buy",
    "price": 65713.98194999999,
    "quantity": 0.06,
    "remaining_quantity": 0.06
  },
  {
    "event_id": "babfef6952653a8019763a53c4440bdacb65de4341bc296d050194aa1cdd6548",
    "schema_version": "1.0.0",
    "event_type": "agent_order",
    "source": "synthetic_agent",
    "symbol": "BTCUSDT",
    "exchange": "binance_usdm",
    "timestamp": "2024-05-01T00:00:00.720000Z",
    "sequence": 24,
    "scenario_id": "scenario-573-stop_run_sweep",
    "agent_id": "agent-stop_run_sweep",
    "order_id": "scenario-573-stop_run_sweep-agent-stop_run_sweep-24",
    "action": "new",
    "side": "buy",
    "price": 65717.2606,
    "quantity": 0.06,
    "remaining_quantity": 0.06
  },
  {
    "event_id": "fc88d4812d8707fe7c789a6cb5799f99a33ecab00ed5420d7c750e0dd9cbd1c4",
    "schema_version": "1.0.0",
    "event_type": "agent_order",
    "source": "synthetic_agent",
    "symbol": "BTCUSDT",
    "exchange": "binance_usdm",
    "timestamp": "2024-05-01T00:00:00.750000Z",
    "sequence": 25,
    "scenario_id": "scenario-573-stop_run_sweep",
    "agent_id": "agent-stop_run_sweep",
    "order_id": "scenario-573-stop_run_sweep-agent-stop_run_sweep-25",
    "action": "new",
    "side": "buy",
    "price": 65720.53924999999,
    "quantity": 0.06,
    "remaining_quantity": 0.06
  },
  {
    "event_id": "eac546929c84cb877f1f7e3bb212469edb4330c7e343691eb8faa3a48e50de2f",
    "schema_version": "1.0.0",
    "event_type": "agent_order",
    "source": "synthetic_agent",
    "symbol": "BTCUSDT",
    "exchange": "binance_usdm",
    "timestamp": "2024-05-01T00:00:00.780000Z",
    "sequence": 26,
    "scenario_id": "scenario-573-stop_run_sweep",
    "agent_id": "agent-stop_run_sweep",
    "order_id": "scenario-573-stop_run_sweep-agent-stop_run_sweep-26",
    "action": "new",
    "side": "buy",
    "price": 65723.8179,
    "quantity": 0.06,
    "remaining_quantity": 0.06
  },
  {
    "event_id": "b6da1bcad5a74215261ceb39b45db5fdf0ce1dc74287c18017c94ed9d6034bc2",
    "schema_version": "1.0.0",
    "event_type": "agent_order",
    "source": "synthetic_agent",
    "symbol": "BTCUSDT",
    "exchange": "binance_usdm",
    "timestamp": "2024-05-01T00:00:00.810000Z",
    "sequence": 27,
    "scenario_id": "scenario-573-stop_run_sweep",
    "agent_id": "agent-stop_run_sweep",
    "order_id": "scenario-573-stop_run_sweep-agent-stop_run_sweep-27",
    "action": "new",
    "side": "buy",
    "price": 65727.09654999999,
    "quantity": 0.06,
    "remaining_quantity": 0.06
  },
  {
    "event_id": "484a18297c65e60d77983c0e062af35b0672398c3f157bee1cedd5989d05596c",
    "schema_version": "1.0.0",
    "event_type": "agent_order",
    "source": "synthetic_agent",
    "symbol": "BTCUSDT",
    "exchange": "binance_usdm",
    "timestamp": "2024-05-01T00:00:00.840000Z",
    "sequence": 28,
    "scenario_id": "scenario-573-stop_run_sweep",
    "agent_id": "agent-stop_run_sweep",
    "order_id": "scenario-573-stop_run_sweep-agent-stop_run_sweep-28",
    "action": "new",
    "side": "buy",
    "price": 65730.3752,
    "quantity": 0.06,
    "remaining_quantity": 0.06
  },
  {
    "event_id": "89543ebea89991a106e5a9d44aad58a35368778f1e1f863aeb0e9668c7bfb55d",
    "schema_version": "1.0.0",
    "event_type": "agent_order",
    "source": "synthetic_agent",
    "symbol": "BTCUSDT",
    "exchange": "binance_usdm",
    "timestamp": "2024-05-01T00:00:00.870000Z",
    "sequence": 29,
    "scenario_id": "scenario-573-stop_run_sweep",
    "agent_id": "agent-stop_run_sweep",
    "order_id": "scenario-573-stop_run_sweep-agent-stop_run_sweep-29",
    "action": "new",
    "side": "buy",
    "price": 65733.65384999999,
    "quantity": 0.06,
    "remaining_quantity": 0.06
  }
]