[
  {
    "event_id": "2199a55426220e12497373321f5824d27ae318f673c183ceec5625c18166a5de",
    "schema_version": "1.0.0",
    "event_type": "agent_order",
    "source": "synthetic_agent",
    "symbol": "BTCUSDT",
    "exchange": "binance_usdm",
    "timestamp": "2024-05-01T00:00:00Z",
    "sequence": 0,
    "scenario_id": "scenario-060-passive_market_maker",
    "agent_id": "agent-passive_market_maker",
    "order_id": "scenario-060-passive_market_maker-agent-passive_market_maker-0",
    "action": "new",
    "side": "buy",
    "price": 64994.94,
    "quantity": 0.01,
    "remaining_quantity": 0.01
  },
  {
    "event_id": "366a405a98c826d7cc8b712fa3d9a0417501f7163187ca78844f9fc7048ceee2",
    "schema_version": "1.0.0",
    "event_type": "agent_order",
    "source": "synthetic_agent",
    "symbol": "BTCUSDT",
    "exchange": "binance_usdm",
    "timestamp": "2024-05-01T00:00:00.100000Z",
    "sequence": 1,
    "scenario_id": "scenario-060-passive_market_maker",
    "agent_id": "agent-passive_market_maker",
    "order_id": "scenario-060-passive_market_maker-agent-passive_market_maker-1",
    "action": "new",
    "side": "sell",
    "price": 65125.05999999999,
    "quantity": 0.01,
    "remaining_quantity": 0.01
  },
  {
    "event_id": "b7b86d21cfee75ce5576f3f89b26fc82f4017c6c2c5da4ff683250030ca7e759",
    "schema_version": "1.0.0",
    "event_type": "agent_order",
    "source": "synthetic_agent",
    "symbol": "BTCUSDT",
    "exchange": "binance_usdm",
    "timestamp": "2024-05-01T00:00:00.200000Z",
    "sequence": 2,
    "scenario_id": "scenario-060-passive_market_maker",
    "agent_id": "agent-passive_market_maker",
    "order_id": "scenario-060-passive_market_maker-agent-passive_market_maker-2",
    "action": "new",
    "side": "buy",
    "price": 64994.94,
    "quantity": 0.01,
    "remaining_quantity": 0.01
  },
  {
    "event_id": "4558a47adf7856bcec665e23b977290b796a1994a9832356763a6b4cd15ad753",
    "schema_version": "1.0.0",
    "event_type": "agent_order",
    "source": "synthetic_agent",
    "symbol": "BTCUSDT",
    "exchange": "binance_usdm",
    "timestamp": "2024-05-01T00:00:00.300000Z",
    "sequence": 3,
    "scenario_id": "scenario-060-passive_market_maker",
    "agent_id": "agent-passive_market_maker",
    "order_id": "scenario-060-passive_market_maker-agent-passive_market_maker-3",
    "action": "new",
    "side": "sell",
    "price": 65125.05999999999,
    "quantity": 0.01,
    "remaining_quantity": 0.01
  },
  {
    "event_id": "e840523897039bf12ba3ef848a726583ccaddd949cc72b1df6661ff48b4bb383",
    "schema_version": "1.0.0",
    "event_type": "agent_order",
    "source": "synthetic_agent",
    "symbol": "BTCUSDT",
    "exchange": "binance_usdm",
    "timestamp": "2024-05-01T00:00:00.400000Z",
    "sequence": 4,
    "scenario_id": "scenario-060-passive_market_maker",
    "agent_id": "agent-passive_market_maker",
    "order_id": "scenario-060-passive_market_maker-agent-passive_market_maker-4",
    "action": "new",
    "side": "buy",
    "price": 64994.94,
    "quantity": 0.01,
    "remaining_quantity": 0.01
  },
  {
    "event_id": "269249fa96d0d4c9ce709955dc36cff37178d39c2aabe4363c263c7f6b85e9b1",
    "schema_version": "1.0.0",
    "event_type": "agent_order",
    "source": "synthetic_agent",
    "symbol": "BTCUSDT",
    "exchange": "binance_usdm",
    "timestamp": "2024-05-01T00:00:00.500000Z",
    "sequence": 5,
    "scenario_id": "scenario-060-passive_market_maker",
    "agent_id": "agent-passive_market_maker",
    "order_id": "scenario-060-passive_market_maker-agent-passive_market_maker-5",
    "action": "new",
    "side": "sell",
    "price": 65125.05999999999,
    "quantity": 0.01,
    "remaining_quantity": 0.01
  },
  {
    "event_id": "2e63b96cf489d597200a76dcc7d6f36e2fbe3fbdcfc1bed3fef155bbc78e7b36",
    "schema_version": "1.0.0",
    "event_type": "agent_order",
    "source": "synthetic_agent",
    "symbol": "BTCUSDT",
    "exchange": "binance_usdm",
    "timestamp": "2024-05-01T00:00:00.600000Z",
    "sequence": 6,
    "scenario_id": "scenario-060-passive_market_maker",
    "agent_id": "agent-passive_market_maker",
    "order_id": "scenario-060-passive_market_maker-agent-passive_market_maker-6",
    "action": "new",
    "side": "buy",
    "price": 64994.94,
    "quantity": 0.01,
    "remaining_quantity": 0.01
  },
  {
    "event_id": "9fe67cc38dff284488be1afe9034d5ea7264129e5b9440bfe57596d1ee9d0c83",
    "schema_version": "1.0.0",
    "event_type": "agent_order",
    "source": "synthetic_agent",
    "symbol": "BTCUSDT",
    "exchange": "binance_usdm",
    "timestamp": "2024-05-01T00:00:00.700000Z",
    "sequence": 7,
    "scenario_id": "scenario-060-passive_market_maker",
    "agent_id": "agent-passive_market_maker",
    "order_id": "scenario-060-passive_market_maker-agent-passive_market_maker-7",
    "action": "new",
    "side": "sell",
    "price": 65125.05999999999,
    "quantity": 0.01,
    "remaining_quantity": 0.01
  },
  {
    "event_id": "52ec24a8001e237ee6fe570480a6ed969f5910b6dbd65625ce7ea564ac1aa805",
    "schema_version": "1.0.0",
    "event_type": "agent_order",
    "source": "synthetic_agent",
    "symbol": "BTCUSDT",
    "exchange": "binance_usdm",
    "timestamp": "2024-05-01T00:00:00.800000Z",
    "sequence": 8,
    "scenario_id": "scenario-060-passive_market_maker",
    "agent_id": "agent-passive_market_maker",
    "order_id": "scenario-060-passive_market_maker-agent-passive_market_maker-8",
    "action": "new",
    "side": "buy",
    "price": 64994.94,
    "quantity": 0.01,
    "remaining_quantity": 0.01
  },
  {
    "event_id": "fa944ec50bcb655e3fb09f61ea951734a728a21d01298d8b8dbe7567cab877a3",
    "schema_version": "1.0.0",
    "event_type": "agent_order",
    "source": "synthetic_agent",
    "symbol": "BTCUSDT",
    "exchange": "binance_usdm",
    "timestamp": "2024-05-01T00:00:00.900000Z",
    "sequence": 9,
    "scenario_id": "scenario-060-passive_market_maker",
    "agent_id": "agent-passive_market_maker",
    "order_id": "scenario-060-passive_market_maker-agent-passive_market_maker-9",
    "action": "new",
    "side": "sell",
    "price": 65125.05999999999,
    "quantity": 0.01,
    "remaining_quantity": 0.01
  },
  {
    "event_id": "d6e766a4b940f29f4912d48d80e35d21618d0454a387b34ce894599a1bdebb23",
    "schema_version": "1.0.0",
    "event_type": "agent_order",
    "source": "synthetic_agent",
    "symbol": "BTCUSDT",
    "exchange": "binance_usdm",
    "timestamp": "2024-05-01T00:00:01Z",
    "sequence": 10,
    "scenario_id": "scenario-060-passive_market_maker",
    "agent_id": "agent-passive_market_maker",
    "order_id": "scenario-060-passive_market_maker-agent-passive_market_maker-10",
    "action": "new",
    "side": "buy",
    "price": 64994.94,
    "quantity": 0.01,
    "remaining_quantity": 0.01
  },
  {
    "event_id": "53027e2b354e68549d68cc74f5faa4bf1ddec45657dd7535f922c9ae144fe7cf",
    "schema_version": "1.0.0",
    "event_type": "agent_order",
    "source": "synthetic_agent",
    "symbol": "BTCUSDT",
    "exchange": "binance_usdm",
    "timestamp": "2024-05-01T00:00:01.100000Z",
    "sequence": 11,
    "scenario_id": "scenario-060-passive_market_maker",
    "agent_id": "agent-passive_market_maker",
    "order_id": "scenario-060-passive_market_maker-agent-passive_market_maker-11",
    "action": "new",
    "side": "sell",
    "price": 65125.05999999999,
    "quantity": 0.01,
    "remaining_quantity": 0.01
  },
  {
    "event_id": "2b5d7fe10a8b68c5b3237f0a2448935aa7e2ba25df8a8acd3c0f8fc85a1f85d7",
    "schema_version": "1.0.0",
    "event_type": "agent_order",
    "source": "synthetic_agent",
    "symbol": "BTCUSDT",
    "exchange": "binance_usdm",
    "timestamp": "2024-05-01T00:00:01.200000Z",
    "sequence": 12,
    "scenario_id": "scenario-060-passive_market_maker",
    "agent_id": "agent-passive_market_maker",
    "order_id": "scenario-060-passive_market_maker-agent-passive_market_maker-12",
    "action": "new",
    "side": "buy",
    "price": 64994.94,
    "quantity": 0.01,
    "remaining_quantity": 0.01
  },
  {
    "event_id": "ee8139491cb358470893c242889ec9b9fb837bd2999c1d72f2d35338356e0803",
    "schema_version": "1.0.0",
    "event_type": "agent_order",
    "source": "synthetic_agent",
    "symbol": "BTCUSDT",
    "exchange": "binance_usdm",
    "timestamp": "2024-05-01T00:00:01.300000Z",
    "sequence": 13,
    "scenario_id": "scenario-060-passive_market_maker",
    "agent_id": "agent-passive_market_maker",
    "order_id": "scenario-060-passive_market_maker-agent-passive_market_maker-13",
    "action": "new",
    "side": "sell",
    "price": 65125.05999999999,
    "quantity": 0.01,
    "remaining_quantity": 0.01
  },
  {
    "event_id": "56448db1680f25e3047492958fe3d169ab57ae1b8d5f9ee44ebd96c7f0e8fbe9",
    "schema_version": "1.0.0",
    "event_type": "agent_order",
    "source": "synthetic_agent",
    "symbol": "BTCUSDT",
    "exchange": "binance_usdm",
    "timestamp": "2024-05-01T00:00:01.400000Z",
    "sequence": 14,
    "scenario_id": "scenario-060-passive_market_maker",
    "agent_id": "agent-passive_market_maker",
    "order_id": "scenario-060-passive_market_maker-agent-passive_market_maker-14",
    "action": "new",
    "side": "buy",
    "price": 64994.94,
    "quantity": 0.01,
    "remaining_quantity": 0.01
  },
  {
    "event_id": "7549a6241cabfbde506bc9c23d2d72a3087e9e4578e36f69f9bf3015b1e90c62",
    "schema_version": "1.0.0",
    "event_type": "agent_order",
    "source": "synthetic_agent",
    "symbol": "BTCUSDT",
    "exchange": "binance_usdm",
    "timestamp": "2024-05-01T00:00:01.500000Z",
    "sequence": 15,
    "scenario_id": "scenario-060-passive_market_maker",
    "agent_id": "agent-passive_market_maker",
    "order_id": "scenario-060-passive_market_maker-agent-passive_market_maker-15",
    "action": "new",
    "side": "sell",
    "price": 65125.05999999999,
    "quantity": 0.01,
    "remaining_quantity": 0.01
  },
  {
    "event_id": "453c66e4c2de944a685db17e4887345ec1c334966b68ce3acbe416c205934e59",
    "schema_version": "1.0.0",
    "event_type": "agent_order",
    "source": "synthetic_agent",
    "symbol": "BTCUSDT",
    "exchange": "binance_usdm",
    "timestamp": "2024-05-01T00:00:01.600000Z",
    "sequence": 16,
    "scenario_id": "scenario-060-passive_market_maker",
    "agent_id": "agent-passive_market_maker",
    "order_id": "scenario-060-passive_market_maker-agent-passive_market_maker-16",
    "action": "new",
    "side": "buy",
    "price": 64994.94,
    "quantity": 0.01,
    "remaining_quantity": 0.01
  },
  {
    "event_id": "508ba36d2ccdc806bd3b103eabbdb0c22f3eb17a0702317b3da9febb7fec5825",
    "schema_version": "1.0.0",
    "event_type": "agent_order",
    "source": "synthetic_agent",
    "symbol": "BTCUSDT",
    "exchange": "binance_usdm",
    "timestamp": "2024-05-01T00:00:01.700000Z",
    "sequence": 17,
    "scenario_id": "scenario-060-passive_market_maker",
    "agent_id": "agent-passive_market_maker",
    "order_id": "scenario-060-passive_market_maker-agent-passive_market_maker-17",
    "action": "new",
    "side": "sell",
    "price": 65125.05999999999,
    "quantity": 0.01,
    "remaining_quantity": 0.01
  },
  {
    "event_id": "19f53e08e8cbabb5adfd327ad67c605ec3b29a3e445a0c79dd59335206260229",
    "schema_version": "1.0.0",
    "event_type": "agent_order",
    "source": "synthetic_agent",
    "symbol": "BTCUSDT",
    "exchange": "binance_usdm",
    "timestamp": "2024-05-01T00:00:01.800000Z",
    "sequence": 18,
    "scenario_id": "scenario-060-passive_market_maker",
    "agent_id": "agent-passive_market_maker",
    "order_id": "scenario-060-passive_market_maker-agent-passive_market_maker-18",
    "action": "new",
    "side": "buy",
    "price": 64994.94,
    "quantity": 0.01,
    "remaining_quantity": 0.01
  },
  {
    "event_id": "6097c813a2b6ded0a819df1fd4dedba8b60b7512870d5bc665a0a6464cd3509d",
    "schema_version": "1.0.0",
    "event_type": "agent_order",
    "source": "synthetic_agent",
    "symbol": "BTCUSDT",
    "exchange": "binance_usdm",
    "timestamp": "2024-05-01T00:00:01.900000Z",
    "sequence": 19,
    "scenario_id": "scenario-060-passive_market_maker",
    "agent_id": "agent-passive_market_maker",
    "order_id": "scenario-060-passive_market_maker-agent-passive_market_maker-19",
    "action": "new",
    "side": "sell",
    "price": 65125.05999999999,
    "quantity": 0.01,
    "remaining_quantity": 0.01
  },
  {
    "event_id": "293bc38d6e79d12fde81b0e9cd05ea7eaa1539e74299eabd1a712df570fbf364",
    "schema_version": "1.0.0",
    "event_type": "agent_order",
    "source": "synthetic_agent",
    "symbol": "BTCUSDT",
    "exchange": "binance_usdm",
    "timestamp": "2024-05-01T00:00:02Z",
    "sequence": 20,
    "scenario_id": "scenario-060-passive_market_maker",
    "agent_id": "agent-passive_market_maker",
    "order_id": "scenario-060-passive_market_maker-agent-passive_market_maker-20",
    "action": "new",
    "side": "buy",
    "price": 64994.94,
    "quantity": 0.01,
    "remaining_quantity": 0.01
  },
  {
    "event_id": "06a70360d0e1f2371d0e89be59304040f55887f1f25295aaf850867b9403b31b",
    "schema_version": "1.0.0",
    "event_type": "agent_order",
    "source": "synthetic_agent",
    "symbol": "BTCUSDT",
    "exchange": "binance_usdm",
    "timestamp": "2024-05-01T00:00:02.100000Z",
    "sequence": 21,
    "scenario_id": "scenario-060-passive_market_maker",
    "agent_id": "agent-passive_market_maker",
    "order_id": "scenario-060-passive_market_maker-agent-passive_market_maker-21",
    "action": "new",
    "side": "sell",
    "price": 65125.05999999999,
    "quantity": 0.01,
    "remaining_quantity": 0.01
  },
  {
    "event_id": "8972401b6e8b8c1cbe3d5454ad290bf4e8b8c2f910b0831f724dddc7dcb34632",
    "schema_version": "1.0.0",
    "event_type": "agent_order",
    "source": "synthetic_agent",
    "symbol": "BTCUSDT",
    "exchange": "binance_usdm",
    "timestamp": "2024-05-01T00:00:02.200000Z",
    "sequence": 22,
    "scenario_id": "scenario-060-passive_market_maker",
    "agent_id": "agent-passive_market_maker",
    "order_id": "scenario-060-passive_market_maker-agent-passive_market_maker-22",
    "action": "new",
    "side": "buy",
    "price": 64994.94,
    "quantity": 0.01,
    "remaining_quantity": 0.01
  },
  {
    "event_id": "62c44532de1ead78553fbb97c89daf02c1e9a3a103aff1d96a203b23f8ac178e",
    "schema_version": "1.0.0",
    "event_type": "agent_order",
    "source": "synthetic_agent",
    "symbol": "BTCUSDT",
    "exchange": "binance_usdm",
    "timestamp": "2024-05-01T00:00:02.300000Z",
    "sequence": 23,
    "scenario_id": "scenario-060-passive_market_maker",
    "agent_id": "agent-passive_market_maker",
    "order_id": "scenario-060-passive_market_maker-agent-passive_market_maker-23",
    "action": "new",
    "side": "sell",
    "price": 65125.05999999999,
    "quantity": 0.01,
    "remaining_quantity": 0.01
  },
  {
    "event_id": "cbc9d538a477076f55d704235ba601f2d87b288caeb96872af05faa56832ee9e",
    "schema_version": "1.0.0",
    "event_type": "agent_order",
    "source": "synthetic_agent",
    "symbol": "BTCUSDT",
    "exchange": "binance_usdm",
    "timestamp": "2024-05-01T00:00:02.400000Z",
    "sequence": 24,
    "scenario_id": "scenario-060-passive_market_maker",
    "agent_id": "agent-passive_market_maker",
    "order_id": "scenario-060-passive_market_maker-agent-passive_market_maker-24",
    "action": "new",
    "side": "buy",
    "price": 64994.94,
    "quantity": 0.01,
    "remaining_quantity": 0.01
  },
  {
    "event_id": "f3e5ddb2e2620a60f915e40fbcfd6d822245577bb11948faf4ad55c99fe2cde9",
    "schema_version": "1.0.0",
    "event_type": "agent_order",
    "source": "synthetic_agent",
    "symbol": "BTCUSDT",
    "exchange": "binance_usdm",
    "timestamp": "2024-05-01T00:00:02.500000Z",
    "sequence": 25,
    "scenario_id": "scenario-060-passive_market_maker",
    "agent_id": "agent-passive_market_maker",
    "order_id": "scenario-060-passive_market_maker-agent-passive_market_maker-25",
    "action": "new",
    "side": "sell",
    "price": 65125.05999999999,
    "quantity": 0.01,
    "remaining_quantity": 0.01
  },
  {
    "event_id": "8de1c0ee253252a7957497ae24d0752fbeee5dc5a961ac35f230a9beff72544d",
    "schema_version": "1.0.0",
    "event_type": "agent_order",
    "source": "synthetic_agent",
    "symbol": "BTCUSDT",
    "exchange": "binance_usdm",
    "timestamp": "2024-05-01T00:00:02.600000Z",
    "sequence": 26,
    "scenario_id": "scenario-060-passive_market_maker",
    "agent_id": "agent-passive_market_maker",
    "order_id": "scenario-060-passive_market_maker-agent-passive_market_maker-26",
    "action": "new",
    "side": "buy",
    "price": 64994.94,
    "quantity": 0.01,
    "remaining_quantity": 0.01
  },
  {
    "event_id": "b5d6aee862ebd6ef0c3c554105542365a6cb7068c9190afba23bbf69c7a1bd4a",
    "schema_version": "1.0.0",
    "event_type": "agent_order",
    "source": "synthetic_agent",
    "symbol": "BTCUSDT",
    "exchange": "binance_usdm",
    "timestamp": "2024-05-01T00:00:02.700000Z",
    "sequence": 27,
    "scenario_id": "scenario-060-passive_market_maker",
    "agent_id": "agent-passive_market_maker",
    "order_id": "scenario-060-passive_market_maker-agent-passive_market_maker-27",
    "action": "new",
    "side": "sell",
    "price": 65125.05999999999,
    "quantity": 0.01,
    "remaining_quantity": 0.01
  },
  {
    "event_id": "bc7cd6ff293b5423b4aa7fcd393b114b1021cfdfd8f58ae908b6682a3739d98e",
    "schema_version": "1.0.0",
    "event_type": "agent_order",
    "source": "synthetic_agent",
    "symbol": "BTCUSDT",
    "exchange": "binance_usdm",
    "timestamp": "2024-05-01T00:00:02.800000Z",
    "sequence": 28,
    "scenario_id": "scenario-060-passive_market_maker",
    "agent_id": "agent-passive_market_maker",
    "order_id": "scenario-060-passive_market_maker-agent-passive_market_maker-28",
    "action": "new",
    "side": "buy",
    "price": 64994.94,
    "quantity": 0.01,
    "remaining_quantity": 0.01
  },
  {
    "event_id": "8a8144075da3488211335226db0bb6aa6fb8d7199a2e335497bb5698b1a0f261",
    "schema_version": "1.0.0",
    "event_type": "agent_order",
    "source": "synthetic_agent",
    "symbol": "BTCUSDT",
    "exchange": "binance_usdm",
    "timestamp": "2024-05-01T00:00:02.900000Z",
    "sequence": 29,
    "scenario_id": "scenario-060-passive_market_maker",
    "agent_id": "agent-passive_market_maker",
    "order_id": "scenario-060-passive_market_maker-agent-passive_market_maker-29",
    "action": "new",
    "side": "sell",
    "price": 65125.05999999999,
    "quantity": 0.01,
    "remaining_quantity": 0.01
  }
]