[
  {
    "event_id": "f97c1e313b024afa915af838d23e55272dcc93774e909f469f565a13f4065a9a",
    "schema_version": "1.0.0",
    "event_type": "agent_order",
    "source": "synthetic_agent",
    "symbol": "BTCUSDT",
    "exchange": "binance_usdm",
    "timestamp": "2024-05-01T00:00:00Z",
    "sequence": 0,
    "scenario_id": "scenario-472-quote_stuffing",
    "agent_id": "agent-quote_stuffing",
    "order_id": "scenario-472-quote_stuffing-agent-quote_stuffing-0",
    "action": "new",
    "side": "buy",
    "price": 65465.4528,
    "quantity": 0.001,
    "remaining_quantity": 0.001
  },
  {
    "event_id": "39f6715579b993635c004302eb8dd4e8db57238d8717322a9a2e957a67b43714",
    "schema_version": "1.0.0",
    "event_type": "agent_order",
    "source": "synthetic_agent",
    "symbol": "BTCUSDT",
    "exchange": "binance_usdm",
    "timestamp": "2024-05-01T00:00:00.005000Z",
    "sequence": 1,
    "scenario_id": "scenario-472-quote_stuffing",
    "agent_id": "agent-quote_stuffing",
    "order_id": "scenario-472-quote_stuffing-agent-quote_stuffing-1",
    "action": "new",
    "side": "sell",
    "price": 65478.5472,
    "quantity": 0.001,
    "remaining_quantity": 0.001
  },
  {
    "event_id": "e2702d4eb977a186c59a22b9bd699d21e8a65b4e0f6b4639d672b81a29927f70",
    "schema_version": "1.0.0",
    "event_type": "agent_order",
    "source": "synthetic_agent",
    "symbol": "BTCUSDT",
    "exchange": "binance_usdm",
    "timestamp": "2024-05-01T00:00:00.010000Z",
    "sequence": 2,
    "scenario_id": "scenario-472-quote_stuffing",
    "agent_id": "agent-quote_stuffing",
    "order_id": "scenario-472-quote_stuffing-agent-quote_stuffing-2",
    "action": "new",
    "side": "buy",
    "price": 65465.4528,
    "quantity": 0.001,
    "remaining_quantity": 0.001
  },
  {
    "event_id": "bd2e9ab4c326629fd2e4f8b397accb877826a50798277eb4aa0bda30663a0375",
    "schema_version": "1.0.0",
    "event_type": "agent_order",
    "source": "synthetic_agent",
    "symbol": "BTCUSDT",
    "exchange": "binance_usdm",
    "timestamp": "2024-05-01T00:00:00.015000Z",
    "sequence": 3,
    "scenario_id": "scenario-472-quote_stuffing",
    "agent_id": "agent-quote_stuffing",
    "order_id": "scenario-472-quote_stuffing-agent-quote_stuffing-3",
    "action": "new",
    "side": "sell",
    "price": 65478.5472,
    "quantity": 0.001,
    "remaining_quantity": 0.001
  },
  {
    "event_id": "622786c3266b007ef6e564ca3d5eb110a16aa901293f9de4c4354fc803605c94",
    "schema_version": "1.0.0",
    "event_type": "agent_order",
    "source": "synthetic_agent",
    "symbol": "BTCUSDT",
    "exchange": "binance_usdm",
    "timestamp": "2024-05-01T00:00:00.020000Z",
    "sequence": 4,
    "scenario_id": "scenario-472-quote_stuffing",
    "agent_id": "agent-quote_stuffing",
    "order_id": "scenario-472-quote_stuffing-agent-quote_stuffing-4",
    "action": "new",
    "side": "buy",
    "price": 65465.4528,
    "quantity": 0.001,
    "remaining_quantity": 0.001
  },
  {
    "event_id": "aae87de6b7a4d10f528a1d2756977172602c4d3c9291bb1fbac4fb94d60c73ee",
    "schema_version": "1.0.0",
    "event_type": "agent_order",
    "source": "synthetic_agent",
    "symbol": "BTCUSDT",
    "exchange": "binance_usdm",
    "timestamp": "2024-05-01T00:00:00.025000Z",
    "sequence": 5,
    "scenario_id": "scenario-472-quote_stuffing",
    "agent_id": "agent-quote_stuffing",
    "order_id": "scenario-472-quote_stuffing-agent-quote_stuffing-5",
    "action": "new",
    "side": "sell",
    "price": 65478.5472,
    "quantity": 0.001,
    "remaining_quantity": 0.001
  },
  {
    "event_id": "8a3ed56a000d17c384dd198cf5afb3c0019b4196e4f9fadb6911835518fca7ba",
    "schema_version": "1.0.0",
    "event_type": "agent_order",
    "source": "synthetic_agent",
    "symbol": "BTCUSDT",
    "exchange": "binance_usdm",
    "timestamp": "2024-05-01T00:00:00.030000Z",
    "sequence": 6,
    "scenario_id": "scenario-472-quote_stuffing",
    "agent_id": "agent-quote_stuffing",
    "order_id": "scenario-472-quote_stuffing-agent-quote_stuffing-6",
    "action": "new",
    "side": "buy",
    "price": 65465.4528,
    "quantity": 0.001,
    "remaining_quantity": 0.001
  },
  {
    "event_id": "abf7bec0c1f44780277c3d3cdc57a4c90793cae762cf8f6ff37878bdb1409b02",
    "schema_version": "1.0.0",
    "event_type": "agent_order",
    "source": "synthetic_agent",
    "symbol": "BTCUSDT",
    "exchange": "binance_usdm",
    "timestamp": "2024-05-01T00:00:00.035000Z",
    "sequence": 7,
    "scenario_id": "scenario-472-quote_stuffing",
    "agent_id": "agent-quote_stuffing",
    "order_id": "scenario-472-quote_stuffing-agent-quote_stuffing-7",
    "action": "new",
    "side": "sell",
    "price": 65478.5472,
    "quantity": 0.001,
    "remaining_quantity": 0.001
  },
  {
    "event_id": "f30e072cc0d639f57956dfc73b57f461666991752b789a8a1eacb45fae53ad58",
    "schema_version": "1.0.0",
    "event_type": "agent_order",
    "source": "synthetic_agent",
    "symbol": "BTCUSDT",
    "exchange": "binance_usdm",
    "timestamp": "2024-05-01T00:00:00.040000Z",
    "sequence": 8,
    "scenario_id": "scenario-472-quote_stuffing",
    "agent_id": "agent-quote_stuffing",
    "order_id": "scenario-472-quote_stuffing-agent-quote_stuffing-8",
    "action": "new",
    "side": "buy",
    "price": 65465.4528,
    "quantity": 0.001,
    "remaining_quantity": 0.001
  },
  {
    "event_id": "7d88c6276f6d925764a380d17ae94d36420f336f419227d1e0bd32996865c9a7",
    "schema_version": "1.0.0",
    "event_type": "agent_order",
    "source": "synthetic_agent",
    "symbol": "BTCUSDT",
    "exchange": "binance_usdm",
    "timestamp": "2024-05-01T00:00:00.045000Z",
    "sequence": 9,
    "scenario_id": "scenario-472-quote_stuffing",
    "agent_id": "agent-quote_stuffing",
    "order_id": "scenario-472-quote_stuffing-agent-quote_stuffing-9",
    "action": "new",
    "side": "sell",
    "price": 65478.5472,
    "quantity": 0.001,
    "remaining_quantity": 0.001
  },
  {
    "event_id": "2b8048215a1ea9047d2c1ce4de75576e029139a16249b7c7e49b5f1672df7d8e",
    "schema_version": "1.0.0",
    "event_type": "agent_order",
    "source": "synthetic_agent",
    "symbol": "BTCUSDT",
    "exchange": "binance_usdm",
    "timestamp": "2024-05-01T00:00:00.050000Z",
    "sequence": 10,
    "scenario_id": "scenario-472-quote_stuffing",
    "agent_id": "agent-quote_stuffing",
    "order_id": "scenario-472-quote_stuffing-agent-quote_stuffing-10",
    "action": "new",
    "side": "buy",
    "price": 65465.4528,
    "quantity": 0.001,
    "remaining_quantity": 0.001
  },
  {
    "event_id": "3c0d9018df3a3b5d37a684441ddc07479933fd60a771981df6de556dd9041c7e",
    "schema_version": "1.0.0",
    "event_type": "agent_order",
    "source": "synthetic_agent",
    "symbol": "BTCUSDT",
    "exchange": "binance_usdm",
    "timestamp": "2024-05-01T00:00:00.055000Z",
    "sequence": 11,
    "scenario_id": "scenario-472-quote_stuffing",
    "agent_id": "agent-quote_stuffing",
    "order_id": "scenario-472-quote_stuffing-agent-quote_stuffing-11",
    "action": "new",
    "side": "sell",
    "price": 65478.5472,
    "quantity": 0.001,
    "remaining_quantity": 0.001
  },
  {
    "event_id": "ff03d1480664bb1417e2e3d31b9c4b6a5d810a8348c438756cb05a5ba91daf3b",
    "schema_version": "1.0.0",
    "event_type": "agent_order",
    "source": "synthetic_agent",
    "symbol": "BTCUSDT",
    "exchange": "binance_usdm",
    "timestamp": "2024-05-01T00:00:00.060000Z",
    "sequence": 12,
    "scenario_id": "scenario-472-quote_stuffing",
    "agent_id": "agent-quote_stuffing",
    "order_id": "scenario-472-quote_stuffing-agent-quote_stuffing-12",
    "action": "new",
    "side": "buy",
    "price": 65465.4528,
    "quantity": 0.001,
    "remaining_quantity": 0.001
  },
  {
    "event_id": "0b2c9ddce17b6031e8371814b2743aa13c1befd22f844c4cb3250919e0d877af",
    "schema_version": "1.0.0",
    "event_type": "agent_order",
    "source": "synthetic_agent",
    "symbol": "BTCUSDT",
    "exchange": "binance_usdm",
    "timestamp": "2024-05-01T00:00:00.065000Z",
    "sequence": 13,
    "scenario_id": "scenario-472-quote_stuffing",
    "agent_id": "agent-quote_stuffing",
    "order_id": "scenario-472-quote_stuffing-agent-quote_stuffing-13",
    "action": "new",
    "side": "sell",
    "price": 65478.5472,
    "quantity": 0.001,
    "remaining_quantity": 0.001
  },
  {
    "event_id": "ce68645002a3a443228d65dca7e1184d175a44270ce540e3951572b1c6278f90",
    "schema_version": "1.0.0",
    "event_type": "agent_order",
    "source": "synthetic_agent",
    "symbol": "BTCUSDT",
    "exchange": "binance_usdm",
    "timestamp": "2024-05-01T00:00:00.070000Z",
    "sequence": 14,
    "scenario_id": "scenario-472-quote_stuffing",
    "agent_id": "agent-quote_stuffing",
    "order_id": "scenario-472-quote_stuffing-agent-quote_stuffing-14",
    "action": "new",
    "side": "buy",
    "price": 65465.4528,
    "quantity": 0.001,
    "remaining_quantity": 0.001
  },
  {
    "event_id": "fd2f08b34d13e175bd8a82a538709720e4f116e14c38dc6c5036dfb223c27da5",
    "schema_version": "1.0.0",
    "event_type": "agent_order",
    "source": "synthetic_agent",
    "symbol": "BTCUSDT",
    "exchange": "binance_usdm",
    "timestamp": "2024-05-01T00:00:00.075000Z",
    "sequence": 15,
    "scenario_id": "scenario-472-quote_stuffing",
    "agent_id": "agent-quote_stuffing",
    "order_id": "scenario-472-quote_stuffing-agent-quote_stuffing-15",
    "action": "new",
    "side": "sell",
    "price": 65478.5472,
    "quantity": 0.001,
    "remaining_quantity": 0.001
  },
  {
    "event_id": "19e7b2dbf9cc9b5f4d515322a445a67157e368dcae9f54cd49317486126c6334",
    "schema_version": "1.0.0",
    "event_type": "agent_order",
    "source": "synthetic_agent",
    "symbol": "BTCUSDT",
    "exchange": "binance_usdm",
    "timestamp": "2024-05-01T00:00:00.080000Z",
    "sequence": 16,
    "scenario_id": "scenario-472-quote_stuffing",
    "agent_id": "agent-quote_stuffing",
    "order_id": "scenario-472-quote_stuffing-agent-quote_stuffing-16",
    "action": "new",
    "side": "buy",
    "price": 65465.4528,
    "quantity": 0.001,
    "remaining_quantity": 0.001
  },
  {
    "event_id": "211806ceb3e1fba5341e603b0c4012dbf6114af0dcf4551ad2748a68482e75ec",
    "schema_version": "1.0.0",
    "event_type": "agent_order",
    "source": "synthetic_agent",
    "symbol": "BTCUSDT",
    "exchange": "binance_usdm",
    "timestamp": "2024-05-01T00:00:00.085000Z",
    "sequence": 17,
    "scenario_id": "scenario-472-quote_stuffing",
    "agent_id": "agent-quote_stuffing",
    "order_id": "scenario-472-quote_stuffing-agent-quote_stuffing-17",
    "action": "new",
    "side": "sell",
    "price": 65478.5472,
    "quantity": 0.001,
    "remaining_quantity": 0.001
  },
  {
    "event_id": "f67fd9c741add191d77edf5ff4ef7e868bde6bb54976d7fe0e53493dd05d2e65",
    "schema_version": "1.0.0",
    "event_type": "agent_order",
    "source": "synthetic_agent",
    "symbol": "BTCUSDT",
    "exchange": "binance_usdm",
    "timestamp": "2024-05-01T00:00:00.090000Z",
    "sequence": 18,
    "scenario_id": "scenario-472-quote_stuffing",
    "agent_id": "agent-quote_stuffing",
    "order_id": "scenario-472-quote_stuffing-agent-quote_stuffing-18",
    "action": "new",
    "side": "buy",
    "price": 65465.4528,
    "quantity": 0.001,
    "remaining_quantity": 0.001
  },
  {
    "event_id": "bac14679b1a332bd1478c6f33ca2d0baf821e32c00259082b2481da4a4cb49e4",
    "schema_version": "1.0.0",
    "event_type": "agent_order",
    "source": "synthetic_agent",
    "symbol": "BTCUSDT",
    "exchange": "binance_usdm",
    "timestamp": "2024-05-01T00:00:00.095000Z",
    "sequence": 19,
    "scenario_id": "scenario-472-quote_stuffing",
    "agent_id": "agent-quote_stuffing",
    "order_id": "scenario-472-quote_stuffing-agent-quote_stuffing-19",
    "action": "new",
    "side": "sell",
    "price": 65478.5472,
    "quantity": 0.001,
    "remaining_quantity": 0.001
  },
  {
    "event_id": "a67398570b82cda395a0691e9d35a09c0627f5d33669bfdc329b3902ac0cfe0c",
    "schema_version": "1.0.0",
    "event_type": "agent_order",
    "source": "synthetic_agent",
    "symbol": "BTCUSDT",
    "exchange": "binance_usdm",
    "timestamp": "2024-05-01T00:00:00.100000Z",
    "sequence": 20,
    "scenario_id": "scenario-472-quote_stuffing",
    "agent_id": "agent-quote_stuffing",
    "order_id": "scenario-472-quote_stuffing-agent-quote_stuffing-20",
    "action": "new",
    "side": "buy",
    "price": 65465.4528,
    "quantity": 0.001,
    "remaining_quantity": 0.001
  },
  {
    "event_id": "83bd0a80e6f954858e0bb5a455618418e4b06fcf8a5b2e31d27f34e85426a7c3",
    "schema_version": "1.0.0",
    "event_type": "agent_order",
    "source": "synthetic_agent",
    "symbol": "BTCUSDT",
    "exchange": "binance_usdm",
    "timestamp": "2024-05-01T00:00:00.105000Z",
    "sequence": 21,
    "scenario_id": "scenario-472-quote_stuffing",
    "agent_id": "agent-quote_stuffing",
    "order_id": "scenario-472-quote_stuffing-agent-quote_stuffing-21",
    "action": "new",
    "side": "sell",
    "price": 65478.5472,
    "quantity": 0.001,
    "remaining_quantity": 0.001
  },
  {
    "event_id": "1556b75ba370514980b1f64cc2f5b5f82d33946c086f5b77055104c4aee49cd4",
    "schema_version": "1.0.0",
    "event_type": "agent_order",
    "source": "synthetic_agent",
    "symbol": "BTCUSDT",
    "exchange": "binance_usdm",
    "timestamp": "2024-05-01T00:00:00.110000Z",
    "sequence": 22,
    "scenario_id": "scenario-472-quote_stuffing",
    "agent_id": "agent-quote_stuffing",
    "order_id": "scenario-472-quote_stuffing-agent-quote_stuffing-22",
    "action": "new",
    "side": "buy",
    "price": 65465.4528,
    "quantity": 0.001,
    "remaining_quantity": 0.001
  },
  {
    "event_id": "09441e61bc7a15b65183b1268c8fcc5bba49e773a3ea58b37487f167cf0e39f4",
    "schema_version": "1.0.0",
    "event_type": "agent_order",
    "source": "synthetic_agent",
    "symbol": "BTCUSDT",
    "exchange": "binance_usdm",
    "timestamp": "2024-05-01T00:00:00.115000Z",
    "sequence": 23,
    "scenario_id": "scenario-472-quote_stuffing",
    "agent_id": "agent-quote_stuffing",
    "order_id": "scenario-472-quote_stuffing-agent-quote_stuffing-23",
    "action": "new",
    "side": "sell",
    "price": 65478.5472,
    "quantity": 0.001,
    "remaining_quantity": 0.001
  },
  {
    "event_id": "9139aee38567e63bfa2c18b3d8882e50474920277f6bca890d14f6ffbfd1c0cd",
    "schema_version": "1.0.0",
    "event_type": "agent_order",
    "source": "synthetic_agent",
    "symbol": "BTCUSDT",
    "exchange": "binance_usdm",
    "timestamp": "2024-05-01T00:00:00.120000Z",
    "sequence": 24,
    "scenario_id": "scenario-472-quote_stuffing",
    "agent_id": "agent-quote_stuffing",
    "order_id": "scenario-472-quote_stuffing-agent-quote_stuffing-24",
    "action": "new",
    "side": "buy",
    "price": 65465.4528,
    "quantity": 0.001,
    "remaining_quantity": 0.001
  },
  {
    "event_id": "5e6f0ed414fe7d33f5a0f76d54cc669c266354b977041f8fdfcb7f62559fea35",
    "schema_version": "1.0.0",
    "event_type": "agent_order",
    "source": "synthetic_agent",
    "symbol": "BTCUSDT",
    "exchange": "binance_usdm",
    "timestamp": "2024-05-01T00:00:00.125000Z",
    "sequence": 25,
    "scenario_id": "scenario-472-quote_stuffing",
    "agent_id": "agent-quote_stuffing",
    "order_id": "scenario-472-quote_stuffing-agent-quote_stuffing-25",
    "action": "new",
    "side": "sell",
    "price": 65478.5472,
    "quantity": 0.001,
    "remaining_quantity": 0.001
  },
  {
    "event_id": "79c3530be551a24122eb73d6c31f8b6019d5008ebcb617172ce374a568d8a509",
    "schema_version": "1.0.0",
    "event_type": "agent_order",
    "source": "synthetic_agent",
    "symbol": "BTCUSDT",
    "exchange": "binance_usdm",
    "timestamp": "2024-05-01T00:00:00.130000Z",
    "sequence": 26,
    "scenario_id": "scenario-472-quote_stuffing",
    "agent_id": "agent-quote_stuffing",
    "order_id": "scenario-472-quote_stuffing-agent-quote_stuffing-26",
    "action": "new",
    "side": "buy",
    "price": 65465.4528,
    "quantity": 0.001,
    "remaining_quantity": 0.001
  },
  {
    "event_id": "41dd2a48f8a2194385ed44ff83a4d0bf00d350d0fc6980493dd1608d4b0383a2",
    "schema_version": "1.0.0",
    "event_type": "agent_order",
    "source": "synthetic_agent",
    "symbol": "BTCUSDT",
    "exchange": "binance_usdm",
    "timestamp": "2024-05-01T00:00:00.135000Z",
    "sequence": 27,
    "scenario_id": "scenario-472-quote_stuffing",
    "agent_id": "agent-quote_stuffing",
    "order_id": "scenario-472-quote_stuffing-agent-quote_stuffing-27",
    "action": "new",
    "side": "sell",
    "price": 65478.5472,
    "quantity": 0.001,
    "remaining_quantity": 0.001
  },
  {
    "event_id": "4de6e324be0726eb853d0b1dcc9e07f0e09352c1b6239e834109e5fc30905446",
    "schema_version": "1.0.0",
    "event_type": "agent_order",
    "source": "synthetic_agent",
    "symbol": "BTCUSDT",
    "exchange": "binance_usdm",
    "timestamp": "2024-05-01T00:00:00.140000Z",
    "sequence": 28,
    "scenario_id": "scenario-472-quote_stuffing",
    "agent_id": "agent-quote_stuffing",
    "order_id": "scenario-472-quote_stuffing-agent-quote_stuffing-28",
    "action": "new",
    "side": "buy",
    "price": 65465.4528,
    "quantity": 0.001,
    "remaining_quantity": 0.001
  },
  {
    "event_id": "34cf1a13cc2215e143669070765cea438fe6cf05fd8cf57382e8f4de1ffa0b8e",
    "schema_version": "1.0.0",
    "event_type": "agent_order",
    "source": "synthetic_agent",
    "symbol": "BTCUSDT",
    "exchange": "binance_usdm",
    "timestamp": "2024-05-01T00:00:00.145000Z",
    "sequence": 29,
    "scenario_id": "scenario-472-quote_stuffing",
    "agent_id": "agent-quote_stuffing",
    "order_id": "scenario-472-quote_stuffing-agent-quote_stuffing-29",
    "action": "new",
    "side": "sell",
    "price": 65478.5472,
    "quantity": 0.001,
    "remaining_quantity": 0.001
  }
]