[
  {
    "event_id": "c5ff067cfac8728333448573c41935bec57d9e016f89bf47074fbc4864946204",
    "schema_version": "1.0.0",
    "event_type": "agent_order",
    "source": "synthetic_agent",
    "symbol": "BTCUSDT",
    "exchange": "binance_usdm",
    "timestamp": "2024-05-01T00:00:00Z",
    "sequence": 0,
    "scenario_id": "scenario-452-latency_edge",
    "agent_id": "agent-latency_edge",
    "order_id": "scenario-452-latency_edge-agent-latency_edge-0",
    "action": "new",
    "side": "buy",
    "price": 65491.271199999996,
    "quantity": 0.006,
    "remaining_quantity": 0.006
  },
  {
    "event_id": "fe2134f5a53e1d0b3eeffd189bbe623d52d5ac51ece77ecf62164e6e4f4ee27a",
    "schema_version": "1.0.0",
    "event_type": "agent_order",
    "source": "synthetic_agent",
    "symbol": "BTCUSDT",
    "exchange": "binance_usdm",
    "timestamp": "2024-05-01T00:00:00.008000Z",
    "sequence": 1,
    "scenario_id": "scenario-452-latency_edge",
    "agent_id": "agent-latency_edge",
    "order_id": "scenario-452-latency_edge-agent-latency_edge-1",
    "action": "new",
    "side": "buy",
    "price": 65491.271199999996,
    "quantity": 0.006,
    "remaining_quantity": 0.006
  },
  {
    "event_id": "14d3f489e9f877407322a753e9e5994c7f80d0a93ec531add899f34c6bb24f5c",
    "schema_version": "1.0.0",
    "event_type": "agent_order",
    "source": "synthetic_agent",
    "symbol": "BTCUSDT",
    "exchange": "binance_usdm",
    "timestamp": "2024-05-01T00:00:00.016000Z",
    "sequence": 2,
    "scenario_id": "scenario-452-latency_edge",
    "agent_id": "agent-latency_edge",
    "order_id": "scenario-452-latency_edge-agent-latency_edge-2",
    "action": "new",
    "side": "sell",
    "price": 65412.7288,
    "quantity": 0.006,
    "remaining_quantity": 0.006
  },
  {
    "event_id": "9f1d79666c0b8ff42ef3ee74126bb22b5ef032aaafa05d33ae3289d7a908e388",
    "schema_version": "1.0.0",
    "event_type": "agent_order",
    "source": "synthetic_agent",
    "symbol": "BTCUSDT",
    "exchange": "binance_usdm",
    "timestamp": "2024-05-01T00:00:00.024000Z",
    "sequence": 3,
    "scenario_id": "scenario-452-latency_edge",
    "agent_id": "agent-latency_edge",
    "order_id": "scenario-452-latency_edge-agent-latency_edge-3",
    "action": "new",
    "side": "sell",
    "price": 65412.7288,
    "quantity": 0.006,
    "remaining_quantity": 0.006
  },
  {
    "event_id": "4efef2e6916bb97df0a633f65c7ec2e79355b39ab6973cef939a21a47cf07549",
    "schema_version": "1.0.0",
    "event_type": "agent_order",
    "source": "synthetic_agent",
    "symbol": "BTCUSDT",
    "exchange": "binance_usdm",
    "timestamp": "2024-05-01T00:00:00.032000Z",
    "sequence": 4,
    "scenario_id": "scenario-452-latency_edge",
    "agent_id": "agent-latency_edge",
    "order_id": "scenario-452-latency_edge-agent-latency_edge-4",
    "action": "new",
    "side": "buy",
    "price": 65491.271199999996,
    "quantity": 0.006,
    "remaining_quantity": 0.006
  },
  {
    "event_id": "94202ab57729f8de7ccd0d8395e7bde06cc0cfb286f61752c0725d8028f589c3",
    "schema_version": "1.0.0",
    "event_type": "agent_order",
    "source": "synthetic_agent",
    "symbol": "BTCUSDT",
    "exchange": "binance_usdm",
    "timestamp": "2024-05-01T00:00:00.040000Z",
    "sequence": 5,
    "scenario_id": "scenario-452-latency_edge",
    "agent_id": "agent-latency_edge",
    "order_id": "scenario-452-latency_edge-agent-latency_edge-5",
    "action": "new",
    "side": "buy",
    "price": 65491.271199999996,
    "quantity": 0.006,
    "remaining_quantity": 0.006
  },
  {
    "event_id": "23d21397af183e41b8c14b099fa0fdfd876ff4746b52bc2aa9aa6bfd4050c828",
    "schema_version": "1.0.0",
    "event_type": "agent_order",
    "source": "synthetic_agent",
    "symbol": "BTCUSDT",
    "exchange": "binance_usdm",
    "timestamp": "2024-05-01T00:00:00.048000Z",
    "sequence": 6,
    "scenario_id": "scenario-452-latency_edge",
    "agent_id": "agent-latency_edge",
    "order_id": "scenario-452-latency_edge-agent-latency_edge-6",
    "action": "new",
    "side": "sell",
    "price": 65412.7288,
    "quantity": 0.006,
    "remaining_quantity": 0.006
  },
  {
    "event_id": "eb56eaa7faaa96c648683faef641119f5d951b18dafb06fe418ff75466d5673e",
    "schema_version": "1.0.0",
    "event_type": "agent_order",
    "source": "synthetic_agent",
    "symbol": "BTCUSDT",
    "exchange": "binance_usdm",
    "timestamp": "2024-05-01T00:00:00.056000Z",
    "sequence": 7,
    "scenario_id": "scenario-452-latency_edge",
    "agent_id": "agent-latency_edge",
    "order_id": "scenario-452-latency_edge-agent-latency_edge-7",
    "action": "new",
    "side": "sell",
    "price": 65412.7288,
    "quantity": 0.006,
    "remaining_quantity": 0.006
  },
  {
    "event_id": "4d072e55a80bfc604b7975a49ad303c4df4a9adb52b6ea470804c3aff6cf5de5",
    "schema_version": "1.0.0",
    "event_type": "agent_order",
    "source": "synthetic_agent",
    "symbol": "BTCUSDT",
    "exchange": "binance_usdm",
    "timestamp": "2024-05-01T00:00:00.064000Z",
    "sequence": 8,
    "scenario_id": "scenario-452-latency_edge",
    "agent_id": "agent-latency_edge",
    "order_id": "scenario-452-latency_edge-agent-latency_edge-8",
    "action": "new",
    "side": "buy",
    "price": 65491.271199999996,
    "quantity": 0.006,
    "remaining_quantity": 0.006
  },
  {
    "event_id": "e219346a1e4775503ce46805e54c37af640bb4a05a3dd6ce96bff7801902b48f",
    "schema_version": "1.0.0",
    "event_type": "agent_order",
    "source": "synthetic_agent",
    "symbol": "BTCUSDT",
    "exchange": "binance_usdm",
    "timestamp": "2024-05-01T00:00:00.072000Z",
    "sequence": 9,
    "scenario_id": "scenario-452-latency_edge",
    "agent_id": "agent-latency_edge",
    "order_id": "scenario-452-latency_edge-agent-latency_edge-9",
    "action": "new",
    "side": "buy",
    "price": 65491.271199999996,
    "quantity": 0.006,
    "remaining_quantity": 0.006
  },
  {
    "event_id": "2ff2173671ad165bd6ba3e2dfdb42c3f9a21d201442e5e686c3ca72e94d9cc86",
    "schema_version": "1.0.0",
    "event_type": "agent_order",
    "source": "synthetic_agent",
    "symbol": "BTCUSDT",
    "exchange": "binance_usdm",
    "timestamp": "2024-05-01T00:00:00.080000Z",
    "sequence": 10,
    "scenario_id": "scenario-452-latency_edge",
    "agent_id": "agent-latency_edge",
    "order_id": "scenario-452-latency_edge-agent-latency_edge-10",
    "action": "new",
    "side": "sell",
    "price": 65412.7288,
    "quantity": 0.006,
    "remaining_quantity": 0.006
  },
  {
    "event_id": "e30686320a1085a8669853864d5021e55872cb8f9ce294f75111842c82c7ef37",
    "schema_version": "1.0.0",
    "event_type": "agent_order",
    "source": "synthetic_agent",
    "symbol": "BTCUSDT",
    "exchange": "binance_usdm",
    "timestamp": "2024-05-01T00:00:00.088000Z",
    "sequence": 11,
    "scenario_id": "scenario-452-latency_edge",
    "agent_id": "agent-latency_edge",
    "order_id": "scenario-452-latency_edge-agent-latency_edge-11",
    "action": "new",
    "side": "sell",
    "price": 65412.7288,
    "quantity": 0.006,
    "remaining_quantity": 0.006
  },
  {
    "event_id": "1bc17b00c95a8d5a2df9fa1e8be9b3121a3b7fc44008779aa40caba53f322bbb",
    "schema_version": "1.0.0",
    "event_type": "agent_order",
    "source": "synthetic_agent",
    "symbol": "BTCUSDT",
    "exchange": "binance_usdm",
    "timestamp": "2024-05-01T00:00:00.096000Z",
    "sequence": 12,
    "scenario_id": "scenario-452-latency_edge",
    "agent_id": "agent-latency_edge",
    "order_id": "scenario-452-latency_edge-agent-latency_edge-12",
    "action": "new",
    "side": "buy",
    "price": 65491.271199999996,
    "quantity": 0.006,
    "remaining_quantity": 0.006
  },
  {
    "event_id": "18c9464badcf3f7f6c961534c06ac8bac879c70da47c44ef2aa752044c3b6902",
    "schema_version": "1.0.0",
    "event_type": "agent_order",
    "source": "synthetic_agent",
    "symbol": "BTCUSDT",
    "exchange": "binance_usdm",
    "timestamp": "2024-05-01T00:00:00.104000Z",
    "sequence": 13,
    "scenario_id": "scenario-452-latency_edge",
    "agent_id": "agent-latency_edge",
    "order_id": "scenario-452-latency_edge-agent-latency_edge-13",
    "action": "new",
    "side": "buy",
    "price": 65491.271199999996,
    "quantity": 0.006,
    "remaining_quantity": 0.006
  },
  {
    "event_id": "21df7ed156b494f6d33e31e246d05415ebd089577e1ef4b0d6fcb01a5103a608",
    "schema_version": "1.0.0",
    "event_type": "agent_order",
    "source": "synthetic_agent",
    "symbol": "BTCUSDT",
    "exchange": "binance_usdm",
    "timestamp": "2024-05-01T00:00:00.112000Z",
    "sequence": 14,
    "scenario_id": "scenario-452-latency_edge",
    "agent_id": "agent-latency_edge",
    "order_id": "scenario-452-latency_edge-agent-latency_edge-14",
    "action": "new",
    "side": "sell",
    "price": 65412.7288,
    "quantity": 0.006,
    "remaining_quantity": 0.006
  },
  {
    "event_id": "f4b261db2bc7bf5c100921d1696fc1cee364605e54e5ca28f619fcd1c5ea16d4",
    "schema_version": "1.0.0",
    "event_type": "agent_order",
    "source": "synthetic_agent",
    "symbol": "BTCUSDT",
    "exchange": "binance_usdm",
    "timestamp": "2024-05-01T00:00:00.120000Z",
    "sequence": 15,
    "scenario_id": "scenario-452-latency_edge",
    "agent_id": "agent-latency_edge",
    "order_id": "scenario-452-latency_edge-agent-latency_edge-15",
    "action": "new",
    "side": "sell",
    "price": 65412.7288,
    "quantity": 0.006,
    "remaining_quantity": 0.006
  },
  {
    "event_id": "7c33720fc25c7af9d964ebeac297e4eaf880ae3865fa73ab1648ced825faad2e",
    "schema_version": "1.0.0",
    "event_type": "agent_order",
    "source": "synthetic_agent",
    "symbol": "BTCUSDT",
    "exchange": "binance_usdm",
    "timestamp": "2024-05-01T00:00:00.128000Z",
    "sequence": 16,
    "scenario_id": "scenario-452-latency_edge",
    "agent_id": "agent-latency_edge",
    "order_id": "scenario-452-latency_edge-agent-latency_edge-16",
    "action": "new",
    "side": "buy",
    "price": 65491.271199999996,
    "quantity": 0.006,
    "remaining_quantity": 0.006
  },
  {
    "event_id": "e8b0161585eab86b7cd400383c6f60628f0209bab8ec71a3098f6c9586985a3c",
    "schema_version": "1.0.0",
    "event_type": "agent_order",
    "source": "synthetic_agent",
    "symbol": "BTCUSDT",
    "exchange": "binance_usdm",
    "timestamp": "2024-05-01T00:00:00.136000Z",
    "sequence": 17,
    "scenario_id": "scenario-452-latency_edge",
    "agent_id": "agent-latency_edge",
    "order_id": "scenario-452-latency_edge-agent-latency_edge-17",
    "action": "new",
    "side": "buy",
    "price": 65491.271199999996,
    "quantity": 0.006,
    "remaining_quantity": 0.006
  },
  {
    "event_id": "e2a31aa081a4ccc3727aea8e728a780e2288342722157f2551fc67b171fcf79e",
    "schema_version": "1.0.0",
    "event_type": "agent_order",
    "source": "synthetic_agent",
    "symbol": "BTCUSDT",
    "exchange": "binance_usdm",
    "timestamp": "2024-05-01T00:00:00.144000Z",
    "sequence": 18,
    "scenario_id": "scenario-452-latency_edge",
    "agent_id": "agent-latency_edge",
    "order_id": "scenario-452-latency_edge-agent-latency_edge-18",
    "action": "new",
    "side": "sell",
    "price": 65412.7288,
    "quantity": 0.006,
    "remaining_quantity": 0.006
  },
  {
    "event_id": "a26b17a73d97f4cfa21bf0569c229853802462b2e6de87bfaefebdeb10b8affd",
    "schema_version": "1.0.0",
    "event_type": "agent_order",
    "source": "synthetic_agent",
    "symbol": "BTCUSDT",
    "exchange": "binance_usdm",
    "timestamp": "2024-05-01T00:00:00.152000Z",
    "sequence": 19,
    "scenario_id": "scenario-452-latency_edge",
    "agent_id": "agent-latency_edge",
    "order_id": "scenario-452-latency_edge-agent-latency_edge-19",
    "action": "new",
    "side": "sell",
    "price": 65412.7288,
    "quantity": 0.006,
    "remaining_quantity": 0.006
  },
  {
    "event_id": "caf05ff7653b456096434b57d6a4853f99302052566ff01493f514e633593bff",
    "schema_version": "1.0.0",
    "event_type": "agent_order",
    "source": "synthetic_agent",
    "symbol": "BTCUSDT",
    "exchange": "binance_usdm",
    "timestamp": "2024-05-01T00:00:00.160000Z",
    "sequence": 20,
    "scenario_id": "scenario-452-latency_edge",
    "agent_id": "agent-latency_edge",
    "order_id": "scenario-452-latency_edge-agent-latency_edge-20",
    "action": "new",
    "side": "buy",
    "price": 65491.271199999996,
    "quantity": 0.006,
    "remaining_quantity": 0.006
  },
  {
    "event_id": "e0657ef92cd84698b9b77e0e09e28b2e9aefc499a74dc057f3f9a6ba7e275772",
    "schema_version": "1.0.0",
    "event_type": "agent_order",
    "source": "synthetic_agent",
    "symbol": "BTCUSDT",
    "exchange": "binance_usdm",
    "timestamp": "2024-05-01T00:00:00.168000Z",
    "sequence": 21,
    "scenario_id": "scenario-452-latency_edge",
    "agent_id": "agent-latency_edge",
    "order_id": "scenario-452-latency_edge-agent-latency_edge-21",
    "action": "new",
    "side": "buy",
    "price": 65491.271199999996,
    "quantity": 0.006,
    "remaining_quantity": 0.006
  },
  {
    "event_id": "d59d3ed7e2c988070c948d093b00b210b82e13d71ca9b9df74eab005f3efce3f",
    "schema_version": "1.0.0",
    "event_type": "agent_order",
    "source": "synthetic_agent",
    "symbol": "BTCUSDT",
    "exchange": "binance_usdm",
    "timestamp": "2024-05-01T00:00:00.176000Z",
    "sequence": 22,
    "scenario_id": "scenario-452-latency_edge",
    "agent_id": "agent-latency_edge",
    "order_id": "scenario-452-latency_edge-agent-latency_edge-22",
    "action": "new",
    "side": "sell",
    "price": 65412.7288,
    "quantity": 0.006,
    "remaining_quantity": 0.006
  },
  {
    "event_id": "7d671d8eb70ad504cddef6204e2f2fa1809c1bdc192b45f44d6ab7c4a396f3e9",
    "schema_version": "1.0.0",
    "event_type": "agent_order",
    "source": "synthetic_agent",
    "symbol": "BTCUSDT",
    "exchange": "binance_usdm",
    "timestamp": "2024-05-01T00:00:00.184000Z",
    "sequence": 23,
    "scenario_id": "scenario-452-latency_edge",
    "agent_id": "agent-latency_edge",
    "order_id": "scenario-452-latency_edge-agent-latency_edge-23",
    "action": "new",
    "side": "sell",
    "price": 65412.7288,
    "quantity": 0.006,
    "remaining_quantity": 0.006
  },
  {
    "event_id": "1dd42b599286f6f5744844d110daf721b5eea6ba51d355d1f4075588785f9c20",
    "schema_version": "1.0.0",
    "event_type": "agent_order",
    "source": "synthetic_agent",
    "symbol": "BTCUSDT",
    "exchange": "binance_usdm",
    "timestamp": "2024-05-01T00:00:00.192000Z",
    "sequence": 24,
    "scenario_id": "scenario-452-latency_edge",
    "agent_id": "agent-latency_edge",
    "order_id": "scenario-452-latency_edge-agent-latency_edge-24",
    "action": "new",
    "side": "buy",
    "price": 65491.271199999996,
    "quantity": 0.006,
    "remaining_quantity": 0.006
  },
  {
    "event_id": "9d615a2c7a2624036d1a9a85d20344cc8901e010a8ec421e5133783d894664a1",
    "schema_version": "1.0.0",
    "event_type": "agent_order",
    "source": "synthetic_agent",
    "symbol": "BTCUSDT",
    "exchange": "binance_usdm",
    "timestamp": "2024-05-01T00:00:00.200000Z",
    "sequence": 25,
    "scenario_id": "scenario-452-latency_edge",
    "agent_id": "agent-latency_edge",
    "order_id": "scenario-452-latency_edge-agent-latency_edge-25",
    "action": "new",
    "side": "buy",
    "price": 65491.271199999996,
    "quantity": 0.006,
    "remaining_quantity": 0.006
  },
  {
    "event_id": "6ea62c276e8512d3a7498a0fb38acaac5ee3b0402230659dae6195f1ab214ea6",
    "schema_version": "1.0.0",
    "event_type": "agent_order",
    "source": "synthetic_agent",
    "symbol": "BTCUSDT",
    "exchange": "binance_usdm",
    "timestamp": "2024-05-01T00:00:00.208000Z",
    "sequence": 26,
    "scenario_id": "scenario-452-latency_edge",
    "agent_id": "agent-latency_edge",
    "order_id": "scenario-452-latency_edge-agent-latency_edge-26",
    "action": "new",
    "side": "sell",
    "price": 65412.7288,
    "quantity": 0.006,
    "remaining_quantity": 0.006
  },
  {
    "event_id": "28d8d51628a5dc63bfc794cd28d3a64b0efab8609fe386a9ccfcee049fcc539c",
    "schema_version": "1.0.0",
    "event_type": "agent_order",
    "source": "synthetic_agent",
    "symbol": "BTCUSDT",
    "exchange": "binance_usdm",
    "timestamp": "2024-05-01T00:00:00.216000Z",
    "sequence": 27,
    "scenario_id": "scenario-452-latency_edge",
    "agent_id": "agent-latency_edge",
    "order_id": "scenario-452-latency_edge-agent-latency_edge-27",
    "action": "new",
    "side": "sell",
    "price": 65412.7288,
    "quantity": 0.006,
    "remaining_quantity": 0.006
  },
  {
    "event_id": "9809eaf8862191840a2598397b555c8d8136da6cc7ac6362adfe592b84cf4df2",
    "schema_version": "1.0.0",
    "event_type": "agent_order",
    "source": "synthetic_agent",
    "symbol": "BTCUSDT",
    "exchange": "binance_usdm",
    "timestamp": "2024-05-01T00:00:00.224000Z",
    "sequence": 28,
    "scenario_id": "scenario-452-latency_edge",
    "agent_id": "agent-latency_edge",
    "order_id": "scenario-452-latency_edge-agent-latency_edge-28",
    "action": "new",
    "side": "buy",
    "price": 65491.271199999996,
    "quantity": 0.006,
    "remaining_quantity": 0.006
  },
  {
    "event_id": "6c6eef1919b58434dc6c29b27dfbf04c66b31e8c5431818606ec34474112aa18",
    "schema_version": "1.0.0",
    "event_type": "agent_order",
    "source": "synthetic_agent",
    "symbol": "BTCUSDT",
    "exchange": "binance_usdm",
    "timestamp": "2024-05-01T00:00:00.232000Z",
    "sequence": 29,
    "scenario_id": "scenario-452-latency_edge",
    "agent_id": "agent-latency_edge",
    "order_id": "scenario-452-latency_edge-agent-latency_edge-29",
    "action": "new",
    "side": "buy",
    "price": 65491.271199999996,
    "quantity": 0.006,
    "remaining_quantity": 0.006
  }
]