[
  {
    "event_id": "45433f565c63862c27b19ea5c22b700a9fd820b6d49a4375fd9d68c2104782b4",
    "schema_version": "1.0.0",
    "event_type": "agent_order",
    "source": "synthetic_agent",
    "symbol": "BTCUSDT",
    "exchange": "binance_usdm",
    "timestamp": "2024-05-01T00:00:00Z",
    "sequence": 0,
    "scenario_id": "scenario-207-spoofing_layering",
    "agent_id": "agent-spoofing_layering",
    "order_id": "scenario-207-spoofing_layering-agent-spoofing_layering-0",
    "action": "new",
    "side": "sell",
    "price": 65239.6035,
    "quantity": 0.5,
    "remaining_quantity": 0.5
  },
  {
    "event_id": "404c691816a45847c5ac2b0e87f4c62bfe549c7c0745d9c99944be5b15015a8d",
    "schema_version": "1.0.0",
    "event_type": "agent_order",
    "source": "synthetic_agent",
    "symbol": "BTCUSDT",
    "exchange": "binance_usdm",
    "timestamp": "2024-05-01T00:00:00.050000Z",
    "sequence": 1,
    "scenario_id": "scenario-207-spoofing_layering",
    "agent_id": "agent-spoofing_layering",
    "order_id": "scenario-207-spoofing_layering-agent-spoofing_layering-1",
    "action": "new",
    "side": "sell",
    "price": 65240.25557,
    "quantity": 0.5,
    "remaining_quantity": 0.5
  },
  {
    "event_id": "c08049243d9fce47fe39b02b95b804cfc7101c57da49da0a91352e579fbfda21",
    "schema_version": "1.0.0",
    "event_type": "agent_order",
    "source": "synthetic_agent",
    "symbol": "BTCUSDT",
    "exchange": "binance_usdm",
    "timestamp": "2024-05-01T00:00:00.100000Z",
    "sequence": 2,
    "scenario_id": "scenario-207-spoofing_layering",
    "agent_id": "agent-spoofing_layering",
    "order_id": "scenario-207-spoofing_layering-agent-spoofing_layering-2",
    "action": "new",
    "side": "sell",
    "price": 65240.90763999999,
    "quantity": 0.5,
    "remaining_quantity": 0.5
  },
  {
    "event_id": "fd2b043f74bb839a391ca5045d3ff636c63102589f6294195b834078cfce92a3",
    "schema_version": "1.0.0",
    "event_type": "agent_order",
    "source": "synthetic_agent",
    "symbol": "BTCUSDT",
    "exchange": "binance_usdm",
    "timestamp": "2024-05-01T00:00:00.150000Z",
    "sequence": 3,
    "scenario_id": "scenario-207-spoofing_layering",
    "agent_id": "agent-spoofing_layering",
    "order_id": "scenario-207-spoofing_layering-agent-spoofing_layering-3",
    "action": "new",
    "side": "sell",
    "price": 65241.559709999994,
    "quantity": 0.5,
    "remaining_quantity": 0.5
  },
  {
    "event_id": "3cc08095dbd7663685a3213f692afec20278963cd972312d20200dc7c6f029c2",
    "schema_version": "1.0.0",
    "event_type": "agent_order",
    "source": "synthetic_agent",
    "symbol": "BTCUSDT",
    "exchange": "binance_usdm",
    "timestamp": "2024-05-01T00:00:00.200000Z",
    "sequence": 4,
    "scenario_id": "scenario-207-spoofing_layering",
    "agent_id": "agent-spoofing_layering",
    "order_id": "scenario-207-spoofing_layering-agent-spoofing_layering-4",
    "action": "new",
    "side": "sell",
    "price": 65242.21178,
    "quantity": 0.5,
    "remaining_quantity": 0.5
  },
  {
    "event_id": "08f8911f1acc5d4cc188f08ba4828ec722e7b71812100340f0860ea13015706e",
    "schema_version": "1.0.0",
    "event_type": "agent_order",
    "source": "synthetic_agent",
    "symbol": "BTCUSDT",
    "exchange": "binance_usdm",
    "timestamp": "2024-05-01T00:00:00.250000Z",
    "sequence": 5,
    "scenario_id": "scenario-207-spoofing_layering",
    "agent_id": "agent-spoofing_layering",
    "order_id": "scenario-207-spoofing_layering-agent-spoofing_layering-5",
    "action": "new",
    "side": "sell",
    "price": 65242.86385,
    "quantity": 0.5,
    "remaining_quantity": 0.5
  },
  {
    "event_id": "8f0e1800f91290911a1c18e413603460357ce6b9b587833f3d478e75665585a5",
    "schema_version": "1.0.0",
    "event_type": "agent_order",
    "source": "synthetic_agent",
    "symbol": "BTCUSDT",
    "exchange": "binance_usdm",
    "timestamp": "2024-05-01T00:00:00.300000Z",
    "sequence": 6,
    "scenario_id": "scenario-207-spoofing_layering",
    "agent_id": "agent-spoofing_layering",
    "order_id": "scenario-207-spoofing_layering-agent-spoofing_layering-6",
    "action": "new",
    "side": "sell",
    "price": 65243.51591999999,
    "quantity": 0.5,
    "remaining_quantity": 0.5
  },
  {
    "event_id": "c091768f63a127c26ed1537163277a05f5f9470c4042b56b10ee407f2c00305b",
    "schema_version": "1.0.0",
    "event_type": "agent_order",
    "source": "synthetic_agent",
    "symbol": "BTCUSDT",
    "exchange": "binance_usdm",
    "timestamp": "2024-05-01T00:00:00.350000Z",
    "sequence": 7,
    "scenario_id": "scenario-207-spoofing_layering",
    "agent_id": "agent-spoofing_layering",
    "order_id": "scenario-207-spoofing_layering-agent-spoofing_layering-7",
    "action": "new",
    "side": "sell",
    "price": 65244.167989999994,
    "quantity": 0.5,
    "remaining_quantity": 0.5
  },
  {
    "event_id": "dcbb1779982cc499b2dad4f57065fcbf5d30e138cf77fa0e0de044d81129a009",
    "schema_version": "1.0.0",
    "event_type": "agent_order",
    "source": "synthetic_agent",
    "symbol": "BTCUSDT",
    "exchange": "binance_usdm",
    "timestamp": "2024-05-01T00:00:00.400000Z",
    "sequence": 8,
    "scenario_id": "scenario-207-spoofing_layering",
    "agent_id": "agent-spoofing_layering",
    "order_id": "scenario-207-spoofing_layering-agent-spoofing_layering-8",
    "action": "new",
    "side": "sell",
    "price": 65244.82006,
    "quantity": 0.5,
    "remaining_quantity": 0.5
  },
  {
    "event_id": "9f8aaa04b51f3212f84d9011e7ca58dd1fb8b89310812fbf810ae7c8d59378bc",
    "schema_version": "1.0.0",
    "event_type": "agent_order",
    "source": "synthetic_agent",
    "symbol": "BTCUSDT",
    "exchange": "binance_usdm",
    "timestamp": "2024-05-01T00:00:00.450000Z",
    "sequence": 9,
    "scenario_id": "scenario-207-spoofing_layering",
    "agent_id": "agent-spoofing_layering",
    "order_id": "scenario-207-spoofing_layering-agent-spoofing_layering-9",
    "action": "new",
    "side": "sell",
    "price": 65245.472129999995,
    "quantity": 0.5,
    "remaining_quantity": 0.5
  },
  {
    "event_id": "a61089be80966726b83c5fc8769fa30ae28758c805aaed2351588a98a26d6db4",
    "schema_version": "1.0.0",
    "event_type": "agent_order",
    "source": "synthetic_agent",
    "symbol": "BTCUSDT",
    "exchange": "binance_usdm",
    "timestamp": "2024-05-01T00:00:00.500000Z",
    "sequence": 10,
    "scenario_id": "scenario-207-spoofing_layering",
    "agent_id": "agent-spoofing_layering",
    "order_id": "scenario-207-spoofing_layering-agent-spoofing_layering-10",
    "action": "new",
    "side": "sell",
    "price": 65246.1242,
    "quantity": 0.5,
    "remaining_quantity": 0.5
  },
  {
    "event_id": "801272fcaf3346b0f0a745cc490e9a1bbb11a52582ebd5d09588c311e03e8aae",
    "schema_version": "1.0.0",
    "event_type": "agent_order",
    "source": "synthetic_agent",
    "symbol": "BTCUSDT",
    "exchange": "binance_usdm",
    "timestamp": "2024-05-01T00:00:00.550000Z",
    "sequence": 11,
    "scenario_id": "scenario-207-spoofing_layering",
    "agent_id": "agent-spoofing_layering",
    "order_id": "scenario-207-spoofing_layering-agent-spoofing_layering-11",
    "action": "new",
    "side": "sell",
    "price": 65246.77627,
    "quantity": 0.5,
    "remaining_quantity": 0.5
  },
  {
    "event_id": "5cca5fa311416f3a29b879f504dafa1e7b53f1d39c8905c8ac0af7543b589f9d",
    "schema_version": "1.0.0",
    "event_type": "agent_order",
    "source": "synthetic_agent",
    "symbol": "BTCUSDT",
    "exchange": "binance_usdm",
    "timestamp": "2024-05-01T00:00:00.600000Z",
    "sequence": 12,
    "scenario_id": "scenario-207-spoofing_layering",
    "agent_id": "agent-spoofing_layering",
    "order_id": "scenario-207-spoofing_layering-agent-spoofing_layering-12",
    "action": "new",
    "side": "sell",
    "price": 65247.42833999999,
    "quantity": 0.5,
    "remaining_quantity": 0.5
  },
  {
    "event_id": "7f7b9590bef9a7713f310caac4bc4510fe5b8c17df5a3364aa8bf71f8f296bf1",
    "schema_version": "1.0.0",
    "event_type": "agent_order",
    "source": "synthetic_agent",
    "symbol": "BTCUSDT",
    "exchange": "binance_usdm",
    "timestamp": "2024-05-01T00:00:00.650000Z",
    "sequence": 13,
    "scenario_id": "scenario-207-spoofing_layering",
    "agent_id": "agent-spoofing_layering",
    "order_id": "scenario-207-spoofing_layering-agent-spoofing_layering-13",
    "action": "new",
    "side": "sell",
    "price": 65248.080409999995,
    "quantity": 0.5,
    "remaining_quantity": 0.5
  },
  {
    "event_id": "6559b5d7aa1702663527d661f811bd65fe6a644c3a22d3c902a3c2eba8266070",
    "schema_version": "1.0.0",
    "event_type": "agent_order",
    "source": "synthetic_agent",
    "symbol": "BTCUSDT",
    "exchange": "binance_usdm",
    "timestamp": "2024-05-01T00:00:00.700000Z",
    "sequence": 14,
    "scenario_id": "scenario-207-spoofing_layering",
    "agent_id": "agent-spoofing_layering",
    "order_id": "scenario-207-spoofing_layering-agent-spoofing_layering-14",
    "action": "new",
    "side": "sell",
    "price": 65248.73248,
    "quantity": 0.5,
    "remaining_quantity": 0.5
  },
  {
    "event_id": "83271332865b7ac6152eb15c3c087880de9286fac82a4a49789500ab81458b51",
    "schema_version": "1.0.0",
    "event_type": "agent_order",
    "source": "synthetic_agent",
    "symbol": "BTCUSDT",
    "exchange": "binance_usdm",
    "timestamp": "2024-05-01T00:00:00.750000Z",
    "sequence": 15,
    "scenario_id": "scenario-207-spoofing_layering",
    "agent_id": "agent-spoofing_layering",
    "order_id": "scenario-207-spoofing_layering-agent-spoofing_layering-15",
    "action": "new",
    "side": "sell",
    "price": 65249.38455,
    "quantity": 0.5,
    "remaining_quantity": 0.5
  },
  {
    "event_id": "32fac75569b12f4a9d3753fc77567cd4e570a5cc4f45645e4e9afe55e4456684",
    "schema_version": "1.0.0",
    "event_type": "agent_order",
    "source": "synthetic_agent",
    "symbol": "BTCUSDT",
    "exchange": "binance_usdm",
    "timestamp": "2024-05-01T00:00:00.800000Z",
    "sequence": 16,
    "scenario_id": "scenario-207-spoofing_layering",
    "agent_id": "agent-spoofing_layering",
    "order_id": "scenario-207-spoofing_layering-agent-spoofing_layering-16",
    "action": "new",
    "side": "sell",
    "price": 65250.03661999999,
    "quantity": 0.5,
    "remaining_quantity": 0.5
  },
  {
    "event_id": "c6b1216fcf17ced99a109b60d22d9a1eea79daa4ef7af2a3782fa64767c7c644",
    "schema_version": "1.0.0",
    "event_type": "agent_order",
    "source": "synthetic_agent",
    "symbol": "BTCUSDT",
    "exchange": "binance_usdm",
    "timestamp": "2024-05-01T00:00:00.850000Z",
    "sequence": 17,
    "scenario_id": "scenario-207-spoofing_layering",
    "agent_id": "agent-spoofing_layering",
    "order_id": "scenario-207-spoofing_layering-agent-spoofing_layering-17",
    "action": "new",
    "side": "sell",
    "price": 65250.688689999995,
    "quantity": 0.5,
    "remaining_quantity": 0.5
  },
  {
    "event_id": "152afab672834efda7d030b9675fc2583be15d43450129d33c8e9cc11ceef7c1",
    "schema_version": "1.0.0",
    "event_type": "agent_order",
    "source": "synthetic_agent",
    "symbol": "BTCUSDT",
    "exchange": "binance_usdm",
    "timestamp": "2024-05-01T00:00:00.900000Z",
    "sequence": 18,
    "scenario_id": "scenario-207-spoofing_layering",
    "agent_id": "agent-spoofing_layering",
    "order_id": "scenario-207-spoofing_layering-agent-spoofing_layering-18",
    "action": "new",
    "side": "sell",
    "price": 65251.34076,
    "quantity": 0.5,
    "remaining_quantity": 0.5
  },
  {
    "event_id": "0e7a0d75cc1f1b7eb9081e73a8ad0cc277cce7d8977c9aab8ccb58c252cbd1eb",
    "schema_version": "1.0.0",
    "event_type": "agent_order",
    "source": "synthetic_agent",
    "symbol": "BTCUSDT",
    "exchange": "binance_usdm",
    "timestamp": "2024-05-01T00:00:00.950000Z",
    "sequence": 19,
    "scenario_id": "scenario-207-spoofing_layering",
    "agent_id": "agent-spoofing_layering",
    "order_id": "scenario-207-spoofing_layering-agent-spoofing_layering-19",
    "action": "new",
    "side": "sell",
    "price": 65251.99282999999,
    "quantity": 0.5,
    "remaining_quantity": 0.5
  },
  {
    "event_id": "8308f1b797780eda8005f9563af842105aa454c7110d240a1043eff107963055",
    "schema_version": "1.0.0",
    "event_type": "agent_order",
    "source": "synthetic_agent",
    "symbol": "BTCUSDT",
    "exchange": "binance_usdm",
    "timestamp": "2024-05-01T00:00:01Z",
    "sequence": 20,
    "scenario_id": "scenario-207-spoofing_layering",
    "agent_id": "agent-spoofing_layering",
    "order_id": "scenario-207-spoofing_layering-agent-spoofing_layering-20",
    "action": "new",
    "side": "sell",
    "price": 65252.64489999999,
    "quantity": 0.5,
    "remaining_quantity": 0.5
  },
  {
    "event_id": "af071d65a187bc2561f9e0d040b5e2e3c1b1f39efa136bbfc6e7288ec8684de1",
    "schema_version": "1.0.0",
    "event_type": "agent_order",
    "source": "synthetic_agent",
    "symbol": "BTCUSDT",
    "exchange": "binance_usdm",
    "timestamp": "2024-05-01T00:00:01.050000Z",
    "sequence": 21,
    "scenario_id": "scenario-207-spoofing_layering",
    "agent_id": "agent-spoofing_layering",
    "order_id": "scenario-207-spoofing_layering-agent-spoofing_layering-21",
    "action": "new",
    "side": "sell",
    "price": 65253.296969999996,
    "quantity": 0.5,
    "remaining_quantity": 0.5
  },
  {
    "event_id": "1161456d51928c1c494da7dd6ee7c96de08b991522b854aa4eddd849aca9d5d3",
    "schema_version": "1.0.0",
    "event_type": "agent_order",
    "source": "synthetic_agent",
    "symbol": "BTCUSDT",
    "exchange": "binance_usdm",
    "timestamp": "2024-05-01T00:00:01.100000Z",
    "sequence": 22,
    "scenario_id": "scenario-207-spoofing_layering",
    "agent_id": "agent-spoofing_layering",
    "order_id": "scenario-207-spoofing_layering-agent-spoofing_layering-22",
    "action": "new",
    "side": "sell",
    "price": 65253.94904000001,
    "quantity": 0.5,
    "remaining_quantity": 0.5
  },
  {
    "event_id": "636ae9b2f3f87e9b9ad39c09bf143795a241108f86084afc4510932fc980014a",
    "schema_version": "1.0.0",
    "event_type": "agent_order",
    "source": "synthetic_agent",
    "symbol": "BTCUSDT",
    "exchange": "binance_usdm",
    "timestamp": "2024-05-01T00:00:01.150000Z",
    "sequence": 23,
    "scenario_id": "scenario-207-spoofing_layering",
    "agent_id": "agent-spoofing_layering",
    "order_id": "scenario-207-spoofing_layering-agent-spoofing_layering-23",
    "action": "new",
    "side": "sell",
    "price": 65254.601109999996,
    "quantity": 0.5,
    "remaining_quantity": 0.5
  },
  {
    "event_id": "7c5d3448a2742a77ebff35f84d36eaf2658de01a06356e50f8de6040132b6a51",
    "schema_version": "1.0.0",
    "event_type": "agent_order",
    "source": "synthetic_agent",
    "symbol": "BTCUSDT",
    "exchange": "binance_usdm",
    "timestamp": "2024-05-01T00:00:01.200000Z",
    "sequence": 24,
    "scenario_id": "scenario-207-spoofing_layering",
    "agent_id": "agent-spoofing_layering",
    "order_id": "scenario-207-spoofing_layering-agent-spoofing_layering-24",
    "action": "new",
    "side": "sell",
    "price": 65255.25318,
    "quantity": 0.5,
    "remaining_quantity": 0.5
  },
  {
    "event_id": "660a1cdce28ceac0dfdc90eefbc3ca2d45c22e03ad01c4df491d7b01dc206d64",
    "schema_version": "1.0.0",
    "event_type": "agent_order",
    "source": "synthetic_agent",
    "symbol": "BTCUSDT",
    "exchange": "binance_usdm",
    "timestamp": "2024-05-01T00:00:01.250000Z",
    "sequence": 25,
    "scenario_id": "scenario-207-spoofing_layering",
    "agent_id": "agent-spoofing_layering",
    "order_id": "scenario-207-spoofing_layering-agent-spoofing_layering-25",
    "action": "new",
    "side": "sell",
    "price": 65255.90525,
    "quantity": 0.5,
    "remaining_quantity": 0.5
  },
  {
    "event_id": "04dc016b942ddf2648c4704b3d998420262ee78edd0f29f2b1453a6de27f08a0",
    "schema_version": "1.0.0",
    "event_type": "agent_order",
    "source": "synthetic_agent",
    "symbol": "BTCUSDT",
    "exchange": "binance_usdm",
    "timestamp": "2024-05-01T00:00:01.300000Z",
    "sequence": 26,
    "scenario_id": "scenario-207-spoofing_layering",
    "agent_id": "agent-spoofing_layering",
    "order_id": "scenario-207-spoofing_layering-agent-spoofing_layering-26",
    "action": "new",
    "side": "sell",
    "price": 65256.55731999999,
    "quantity": 0.5,
    "remaining_quantity": 0.5
  },
  {
    "event_id": "ba54cc67b70a701329e9aee2a56774b16b67a55bf03ba9757d648bbb3420f1ad",
    "schema_version": "1.0.0",
    "event_type": "agent_order",
    "source": "synthetic_agent",
    "symbol": "BTCUSDT",
    "exchange": "binance_usdm",
    "timestamp": "2024-05-01T00:00:01.350000Z",
    "sequence": 27,
    "scenario_id": "scenario-207-spoofing_layering",
    "agent_id": "agent-spoofing_layering",
    "order_id": "scenario-207-spoofing_layering-agent-spoofing_layering-27",
    "action": "new",
    "side": "sell",
    "price": 65257.209389999996,
    "quantity": 0.5,
    "remaining_quantity": 0.5
  },
  {
    "event_id": "43f65ca2adaf98c1dfcef35fbf2030c727d411de7c38bdd6d9194e89277efc5f",
    "schema_version": "1.0.0",
    "event_type": "agent_order",
    "source": "synthetic_agent",
    "symbol": "BTCUSDT",
    "exchange": "binance_usdm",
    "timestamp": "2024-05-01T00:00:01.400000Z",
    "sequence": 28,
    "scenario_id": "scenario-207-spoofing_layering",
    "agent_id": "agent-spoofing_layering",
    "order_id": "scenario-207-spoofing_layering-agent-spoofing_layering-28",
    "action": "new",
    "side": "sell",
    "price": 65257.86146,
    "quantity": 0.5,
    "remaining_quantity": 0.5
  },
  {
    "event_id": "f71bbf9bd8dfe8ef17b81ca32188f2e96bf940ce25a4688bbc5a15efe3725de9",
    "schema_version": "1.0.0",
    "event_type": "agent_order",
    "source": "synthetic_agent",
    "symbol": "BTCUSDT",
    "exchange": "binance_usdm",
    "timestamp": "2024-05-01T00:00:01.450000Z",
    "sequence": 29,
    "scenario_id": "scenario-207-spoofing_layering",
    "agent_id": "agent-spoofing_layering",
    "order_id": "scenario-207-spoofing_layering-agent-spoofing_layering-29",
    "action": "new",
    "side": "sell",
    "price": 65258.51352999999,
    "quantity": 0.5,
    "remaining_quantity": 0.5
  }
]