[
  {
    "event_id": "3bc32b9ee8a07fb2f91399e7b27ca06209877b4d807cc192b10db653e9313b15",
    "schema_version": "1.0.0",
    "event_type": "agent_order",
    "source": "synthetic_agent",
    "symbol": "BTCUSDT",
    "exchange": "binance_usdm",
    "timestamp": "2024-05-01T00:00:00Z",
    "sequence": 0,
    "scenario_id": "scenario-581-momentum_ignition",
    "agent_id": "agent-momentum_ignition",
    "order_id": "scenario-581-momentum_ignition-agent-momentum_ignition-0",
    "action": "new",
    "side": "buy",
    "price": 65646.58099999999,
    "quantity": 0.08,
    "remaining_quantity": 0.08
  },
  {
    "event_id": "4c8e8fa5646bc9a8490b87a30b97809bac81ac04434780bd11a50ea50ec966d6",
    "schema_version": "1.0.0",
    "event_type": "agent_order",
    "source": "synthetic_agent",
    "symbol": "BTCUSDT",
    "exchange": "binance_usdm",
    "timestamp": "2024-05-01T00:00:00.080000Z",
    "sequence": 1,
    "scenario_id": "scenario-581-momentum_ignition",
    "agent_id": "agent-momentum_ignition",
    "order_id": "scenario-581-momentum_ignition-agent-momentum_ignition-1",
    "action": "new",
    "side": "buy",
    "price": 65647.89261999998,
    "quantity": 0.08,
    "remaining_quantity": 0.08
  },
  {
    "event_id": "352465fe1f4ae5612afd5b75d6e8a975988bf8fa2a7c0c8f6431514d9df88c45",
    "schema_version": "1.0.0",
    "event_type": "agent_order",
    "source": "synthetic_agent",
    "symbol": "BTCUSDT",
    "exchange": "binance_usdm",
    "timestamp": "2024-05-01T00:00:00.160000Z",
    "sequence": 2,
    "scenario_id": "scenario-581-momentum_ignition",
    "agent_id": "agent-momentum_ignition",
    "order_id": "scenario-581-momentum_ignition-agent-momentum_ignition-2",
    "action": "new",
    "side": "buy",
    "price": 65649.20423999999,
    "quantity": 0.08,
    "remaining_quantity": 0.08
  },
  {
    "event_id": "4f7d05d4792078e8c20438d31d0eff96c3d6f55a5d52b0bd832800c6c8b9af87",
    "schema_version": "1.0.0",
    "event_type": "agent_order",
    "source": "synthetic_agent",
    "symbol": "BTCUSDT",
    "exchange": "binance_usdm",
    "timestamp": "2024-05-01T00:00:00.240000Z",
    "sequence": 3,
    "scenario_id": "scenario-581-momentum_ignition",
    "agent_id": "agent-momentum_ignition",
    "order_id": "scenario-581-momentum_ignition-agent-momentum_ignition-3",
    "action": "new",
    "side": "buy",
    "price": 65650.51585999998,
    "quantity": 0.08,
    "remaining_quantity": 0.08
  },
  {
    "event_id": "2499126177e21e2a8b2fea29a8f0785afb7e83b3885513e89026fc60b8ed1367",
    "schema_version": "1.0.0",
    "event_type": "agent_order",
    "source": "synthetic_agent",
    "symbol": "BTCUSDT",
    "exchange": "binance_usdm",
    "timestamp": "2024-05-01T00:00:00.320000Z",
    "sequence": 4,
    "scenario_id": "scenario-581-momentum_ignition",
    "agent_id": "agent-momentum_ignition",
    "order_id": "scenario-581-momentum_ignition-agent-momentum_ignition-4",
    "action": "new",
    "side": "buy",
    "price": 65651.82747999999,
    "quantity": 0.08,
    "remaining_quantity": 0.08
  },
  {
    "event_id": "9e5c7c2c4798eb91f0cb3c80514eb9ba7dcd639d7292cd64792fd8d37bcb4141",
    "schema_version": "1.0.0",
    "event_type": "agent_order",
    "source": "synthetic_agent",
    "symbol": "BTCUSDT",
    "exchange": "binance_usdm",
    "timestamp": "2024-05-01T00:00:00.400000Z",
    "sequence": 5,
    "scenario_id": "scenario-581-momentum_ignition",
    "agent_id": "agent-momentum_ignition",
    "order_id": "scenario-581-momentum_ignition-agent-momentum_ignition-5",
    "action": "new",
    "side": "buy",
    "price": 65653.13909999999,
    "quantity": 0.08,
    "remaining_quantity": 0.08
  },
  {
    "event_id": "0a8292c625c96d25102febeb40155002708c5aa1b1a0c32c970e2a1da506d173",
    "schema_version": "1.0.0",
    "event_type": "agent_order",
    "source": "synthetic_agent",
    "symbol": "BTCUSDT",
    "exchange": "binance_usdm",
    "timestamp": "2024-05-01T00:00:00.480000Z",
    "sequence": 6,
    "scenario_id": "scenario-581-momentum_ignition",
    "agent_id": "agent-momentum_ignition",
    "order_id": "scenario-581-momentum_ignition-agent-momentum_ignition-6",
    "action": "new",
    "side": "buy",
    "price": 65654.45071999998,
    "quantity": 0.08,
    "remaining_quantity": 0.08
  },
  {
    "event_id": "c2520a61af72d8b1dec49627817f0ead81905d8a6333d98838e7e9a04725670b",
    "schema_version": "1.0.0",
    "event_type": "agent_order",
    "source": "synthetic_agent",
    "symbol": "BTCUSDT",
    "exchange": "binance_usdm",
    "timestamp": "2024-05-01T00:00:00.560000Z",
    "sequence": 7,
    "scenario_id": "scenario-581-momentum_ignition",
    "agent_id": "agent-momentum_ignition",
    "order_id": "scenario-581-momentum_ignition-agent-momentum_ignition-7",
    "action": "new",
    "side": "buy",
    "price": 65655.76234,
    "quantity": 0.08,
    "remaining_quantity": 0.08
  },
  {
    "event_id": "94b66032d098f6b8d6b34064add51af91dd9cfe0130175879a996a6a4aa49dc4",
    "schema_version": "1.0.0",
    "event_type": "agent_order",
    "source": "synthetic_agent",
    "symbol": "BTCUSDT",
    "exchange": "binance_usdm",
    "timestamp": "2024-05-01T00:00:00.640000Z",
    "sequence": 8,
    "scenario_id": "scenario-581-momentum_ignition",
    "agent_id": "agent-momentum_ignition",
    "order_id": "scenario-581-momentum_ignition-agent-momentum_ignition-8",
    "action": "new",
    "side": "buy",
    "price": 65657.07396,
    "quantity": 0.08,
    "remaining_quantity": 0.08
  },
  {
    "event_id": "3b04298412977ed1bc631b9e714575cabf53f3de4bebbe08673f9352bc5e827b",
    "schema_version": "1.0.0",
    "event_type": "agent_order",
    "source": "synthetic_agent",
    "symbol": "BTCUSDT",
    "exchange": "binance_usdm",
    "timestamp": "2024-05-01T00:00:00.720000Z",
    "sequence": 9,
    "scenario_id": "scenario-581-momentum_ignition",
    "agent_id": "agent-momentum_ignition",
    "order_id": "scenario-581-momentum_ignition-agent-momentum_ignition-9",
    "action": "new",
    "side": "buy",
    "price": 65658.38558,
    "quantity": 0.08,
    "remaining_quantity": 0.08
  },
  {
    "event_id": "c566302f0a3d9e817434e22878cda8c0753e98cd4ce7d4c4d702a056be478356",
    "schema_version": "1.0.0",
    "event_type": "agent_order",
    "source": "synthetic_agent",
    "symbol": "BTCUSDT",
    "exchange": "binance_usdm",
    "timestamp": "2024-05-01T00:00:00.800000Z",
    "sequence": 10,
    "scenario_id": "scenario-581-momentum_ignition",
    "agent_id": "agent-momentum_ignition",
    "order_id": "scenario-581-momentum_ignition-agent-momentum_ignition-10",
    "action": "new",
    "side": "buy",
    "price": 65659.6972,
    "quantity": 0.08,
    "remaining_quantity": 0.08
  },
  {
    "event_id": "67fc682fb0593cb83106270c0905745f035a4037dae118fb3d07db698e960c18",
    "schema_version": "1.0.0",
    "event_type": "agent_order",
    "source": "synthetic_agent",
    "symbol": "BTCUSDT",
    "exchange": "binance_usdm",
    "timestamp": "2024-05-01T00:00:00.880000Z",
    "sequence": 11,
    "scenario_id": "scenario-581-momentum_ignition",
    "agent_id": "agent-momentum_ignition",
    "order_id": "scenario-581-momentum_ignition-agent-momentum_ignition-11",
    "action": "new",
    "side": "buy",
    "price": 65661.00882,
    "quantity": 0.08,
    "remaining_quantity": 0.08
  },
  {
    "event_id": "e6c71661030203aba01344dae86cc38c87144ea319d8fc2dcd66104e2b1aff56",
    "schema_version": "1.0.0",
    "event_type": "agent_order",
    "source": "synthetic_agent",
    "symbol": "BTCUSDT",
    "exchange": "binance_usdm",
    "timestamp": "2024-05-01T00:00:00.960000Z",
    "sequence": 12,
    "scenario_id": "scenario-581-momentum_ignition",
    "agent_id": "agent-momentum_ignition",
    "order_id": "scenario-581-momentum_ignition-agent-momentum_ignition-12",
    "action": "new",
    "side": "buy",
    "price": 65662.32044,
    "quantity": 0.08,
    "remaining_quantity": 0.08
  },
  {
    "event_id": "2255d337cdab62fbe5956b9e2d7313f43fbfc20d5be01af91e3e860602db51d5",
    "schema_version": "1.0.0",
    "event_type": "agent_order",
    "source": "synthetic_agent",
    "symbol": "BTCUSDT",
    "exchange": "binance_usdm",
    "timestamp": "2024-05-01T00:00:01.040000Z",
    "sequence": 13,
    "scenario_id": "scenario-581-momentum_ignition",
    "agent_id": "agent-momentum_ignition",
    "order_id": "scenario-581-momentum_ignition-agent-momentum_ignition-13",
    "action": "new",
    "side": "buy",
    "price": 65663.63205999999,
    "quantity": 0.08,
    "remaining_quantity": 0.08
  },
  {
    "event_id": "388fa175834f62553173af69bbd61d3b850ed02a3f5b8119aa0f4d66f3dd34fb",
    "schema_version": "1.0.0",
    "event_type": "agent_order",
    "source": "synthetic_agent",
    "symbol": "BTCUSDT",
    "exchange": "binance_usdm",
    "timestamp": "2024-05-01T00:00:01.120000Z",
    "sequence": 14,
    "scenario_id": "scenario-581-momentum_ignition",
    "agent_id": "agent-momentum_ignition",
    "order_id": "scenario-581-momentum_ignition-agent-momentum_ignition-14",
    "action": "new",
    "side": "buy",
    "price": 65664.94368,
    "quantity": 0.08,
    "remaining_quantity": 0.08
  },
  {
    "event_id": "1c3e734b7f4f8097c540ee20e44d4b14ca2d0709deca8f00af98d8af43abcc90",
    "schema_version": "1.0.0",
    "event_type": "agent_order",
    "source": "synthetic_agent",
    "symbol": "BTCUSDT",
    "exchange": "binance_usdm",
    "timestamp": "2024-05-01T00:00:01.200000Z",
    "sequence": 15,
    "scenario_id": "scenario-581-momentum_ignition",
    "agent_id": "agent-momentum_ignition",
    "order_id": "scenario-581-momentum_ignition-agent-momentum_ignition-15",
    "action": "new",
    "side": "buy",
    "price": 65666.25529999999,
    "quantity": 0.08,
    "remaining_quantity": 0.08
  },
  {
    "event_id": "b0e73e65948c61246ea0c92857402e90814fcd8efcd63c523bda079bd7830594",
    "schema_version": "1.0.0",
    "event_type": "agent_order",
    "source": "synthetic_agent",
    "symbol": "BTCUSDT",
    "exchange": "binance_usdm",
    "timestamp": "2024-05-01T00:00:01.280000Z",
    "sequence": 16,
    "scenario_id": "scenario-581-momentum_ignition",
    "agent_id": "agent-momentum_ignition",
    "order_id": "scenario-581-momentum_ignition-agent-momentum_ignition-16",
    "action": "new",
    "side": "buy",
    "price": 65667.56692,
    "quantity": 0.08,
    "remaining_quantity": 0.08
  },
  {
    "event_id": "1607f01c721682101fe9bcfff49b63348eb70ad08062320f4a8d703d42d4c96f",
    "schema_version": "1.0.0",
    "event_type": "agent_order",
    "source": "synthetic_agent",
    "symbol": "BTCUSDT",
    "exchange": "binance_usdm",
    "timestamp": "2024-05-01T00:00:01.360000Z",
    "sequence": 17,
    "scenario_id": "scenario-581-momentum_ignition",
    "agent_id": "agent-momentum_ignition",
    "order_id": "scenario-581-momentum_ignition-agent-momentum_ignition-17",
    "action": "new",
    "side": "buy",
    "price": 65668.87853999999,
    "quantity": 0.08,
    "remaining_quantity": 0.08
  },
  {
    "event_id": "0eb253f757f78576aa7a897e78709e3a014d067cca4b106c609bb63ea4a1de49",
    "schema_version": "1.0.0",
    "event_type": "agent_order",
    "source": "synthetic_agent",
    "symbol": "BTCUSDT",
    "exchange": "binance_usdm",
    "timestamp": "2024-05-01T00:00:01.440000Z",
    "sequence": 18,
    "scenario_id": "scenario-581-momentum_ignition",
    "agent_id": "agent-momentum_ignition",
    "order_id": "scenario-581-momentum_ignition-agent-momentum_ignition-18",
    "action": "new",
    "side": "buy",
    "price": 65670.19015999998,
    "quantity": 0.08,
    "remaining_quantity": 0.08
  },
  {
    "event_id": "8e70f0208c3c22b94e5541c12f12676e38260e1fa21a108f32b8d5e3b5bb221f",
    "schema_version": "1.0.0",
    "event_type": "agent_order",
    "source": "synthetic_agent",
    "symbol": "BTCUSDT",
    "exchange": "binance_usdm",
    "timestamp": "2024-05-01T00:00:01.520000Z",
    "sequence": 19,
    "scenario_id": "scenario-581-momentum_ignition",
    "agent_id": "agent-momentum_ignition",
    "order_id": "scenario-581-momentum_ignition-agent-momentum_ignition-19",
    "action": "new",
    "side": "buy",
    "price": 65671.50177999999,
    "quantity": 0.08,
    "remaining_quantity": 0.08
  },
  {
    "event_id": "52d66e02e7a6bd8c47e641e4db9c5147b0b76a8844e4fc1bfa934f24cd9d10ec",
    "schema_version": "1.0.0",
    "event_type": "agent_order",
    "source": "synthetic_agent",
    "symbol": "BTCUSDT",
    "exchange": "binance_usdm",
    "timestamp": "2024-05-01T00:00:01.600000Z",
    "sequence": 20,
    "scenario_id": "scenario-581-momentum_ignition",
    "agent_id": "agent-momentum_ignition",
    "order_id": "scenario-581-momentum_ignition-agent-momentum_ignition-20",
    "action": "new",
    "side": "buy",
    "price": 65672.81339999998,
    "quantity": 0.08,
    "remaining_quantity": 0.08
  },
  {
    "event_id": "3d9583c2b2822369afaddb1d978fb75d2948e5c85db74d14eda166facd31abb2",
    "schema_version": "1.0.0",
    "event_type": "agent_order",
    "source": "synthetic_agent",
    "symbol": "BTCUSDT",
    "exchange": "binance_usdm",
    "timestamp": "2024-05-01T00:00:01.680000Z",
    "sequence": 21,
    "scenario_id": "scenario-581-momentum_ignition",
    "agent_id": "agent-momentum_ignition",
    "order_id": "scenario-581-momentum_ignition-agent-momentum_ignition-21",
    "action": "new",
    "side": "buy",
    "price": 65674.12501999999,
    "quantity": 0.08,
    "remaining_quantity": 0.08
  },
  {
    "event_id": "1f39f20e0a903c80cb93ac32c7fb5f07165c3ee62ae1521fc31eb6ed46f7a7ee",
    "schema_version": "1.0.0",
    "event_type": "agent_order",
    "source": "synthetic_agent",
    "symbol": "BTCUSDT",
    "exchange": "binance_usdm",
    "timestamp": "2024-05-01T00:00:01.760000Z",
    "sequence": 22,
    "scenario_id": "scenario-581-momentum_ignition",
    "agent_id": "agent-momentum_ignition",
    "order_id": "scenario-581-momentum_ignition-agent-momentum_ignition-22",
    "action": "new",
    "side": "buy",
    "price": 65675.43663999999,
    "quantity": 0.08,
    "remaining_quantity": 0.08
  },
  {
    "event_id": "c74543d7823bea797c0c6e6e7306be676a7bb116a8d669f684b1b00a18056342",
    "schema_version": "1.0.0",
    "event_type": "agent_order",
    "source": "synthetic_agent",
    "symbol": "BTCUSDT",
    "exchange": "binance_usdm",
    "timestamp": "2024-05-01T00:00:01.840000Z",
    "sequence": 23,
    "scenario_id": "scenario-581-momentum_ignition",
    "agent_id": "agent-momentum_ignition",
    "order_id": "scenario-581-momentum_ignition-agent-momentum_ignition-23",
    "action": "new",
    "side": "buy",
    "price": 65676.74826,
    "quantity": 0.08,
    "remaining_quantity": 0.08
  },
  {
    "event_id": "0ea7214b95328aad6a82a2b16b1505d3010e5c07ca51a7985efe43fddc012fb3",
    "schema_version": "1.0.0",
    "event_type": "agent_order",
    "source": "synthetic_agent",
    "symbol": "BTCUSDT",
    "exchange": "binance_usdm",
    "timestamp": "2024-05-01T00:00:01.920000Z",
    "sequence": 24,
    "scenario_id": "scenario-581-momentum_ignition",
    "agent_id": "agent-momentum_ignition",
    "order_id": "scenario-581-momentum_ignition-agent-momentum_ignition-24",
    "action": "new",
    "side": "buy",
    "price": 65678.05988,
    "quantity": 0.08,
    "remaining_quantity": 0.08
  },
  {
    "event_id": "1ff9d7f05bd5d7de8b215df5759e306fe85b90348b47ba05ad496e0d8a9997d0",
    "schema_version": "1.0.0",
    "event_type": "agent_order",
    "source": "synthetic_agent",
    "symbol": "BTCUSDT",
    "exchange": "binance_usdm",
    "timestamp": "2024-05-01T00:00:02Z",
    "sequence": 25,
    "scenario_id": "scenario-581-momentum_ignition",
    "agent_id": "agent-momentum_ignition",
    "order_id": "scenario-581-momentum_ignition-agent-momentum_ignition-25",
    "action": "new",
    "side": "buy",
    "price": 65679.3715,
    "quantity": 0.08,
    "remaining_quantity": 0.08
  },
  {
    "event_id": "8c2244bae3c3e40313037ff87ebbd416e27c45964b928d90a4a58f90dd64147f",
    "schema_version": "1.0.0",
    "event_type": "agent_order",
    "source": "synthetic_agent",
    "symbol": "BTCUSDT",
    "exchange": "binance_usdm",
    "timestamp": "2024-05-01T00:00:02.080000Z",
    "sequence": 26,
    "scenario_id": "scenario-581-momentum_ignition",
    "agent_id": "agent-momentum_ignition",
    "order_id": "scenario-581-momentum_ignition-agent-momentum_ignition-26",
    "action": "new",
    "side": "buy",
    "price": 65680.68312,
    "quantity": 0.08,
    "remaining_quantity": 0.08
  },
  {
    "event_id": "8f75b9a362b0586ab646d57ffda13fb3d0122c9de3470a2c934121064071e2b1",
    "schema_version": "1.0.0",
    "event_type": "agent_order",
    "source": "synthetic_agent",
    "symbol": "BTCUSDT",
    "exchange": "binance_usdm",
    "timestamp": "2024-05-01T00:00:02.160000Z",
    "sequence": 27,
    "scenario_id": "scenario-581-momentum_ignition",
    "agent_id": "agent-momentum_ignition",
    "order_id": "scenario-581-momentum_ignition-agent-momentum_ignition-27",
    "action": "new",
    "side": "buy",
    "price": 65681.99474,
    "quantity": 0.08,
    "remaining_quantity": 0.08
  },
  {
    "event_id": "9192a8ec1ed2f341e24001624ca2a43c7518a8996366fdbc13fd68be270eb049",
    "schema_version": "1.0.0",
    "event_type": "agent_order",
    "source": "synthetic_agent",
    "symbol": "BTCUSDT",
    "exchange": "binance_usdm",
    "timestamp": "2024-05-01T00:00:02.240000Z",
    "sequence": 28,
    "scenario_id": "scenario-581-momentum_ignition",
    "agent_id": "agent-momentum_ignition",
    "order_id": "scenario-581-momentum_ignition-agent-momentum_ignition-28",
    "action": "new",
    "side": "buy",
    "price": 65683.30635999999,
    "quantity": 0.08,
    "remaining_quantity": 0.08
  },
  {
    "event_id": "90090a78684f716ab1b5fb13b72db24639205b57672b9f315542ae27b6e85eed",
    "schema_version": "1.0.0",
    "event_type": "agent_order",
    "source": "synthetic_agent",
    "symbol": "BTCUSDT",
    "exchange": "binance_usdm",
    "timestamp": "2024-05-01T00:00:02.320000Z",
    "sequence": 29,
    "scenario_id": "scenario-581-momentum_ignition",
    "agent_id": "agent-momentum_ignition",
    "order_id": "scenario-581-momentum_ignition-agent-momentum_ignition-29",
    "action": "new",
    "side": "buy",
    "price": 65684.61798,
    "quantity": 0.08,
    "remaining_quantity": 0.08
  }
]