[
  {
    "event_id": "74f993021061a5a83f3c800ffd4d1c185aee5466d60e1fc4f56e58f6cda94dc1",
    "schema_version": "1.0.0",
    "event_type": "agent_order",
    "source": "synthetic_agent",
    "symbol": "BTCUSDT",
    "exchange": "binance_usdm",
    "timestamp": "2024-05-01T00:00:00Z",
    "sequence": 0,
    "scenario_id": "scenario-561-stop_run_sweep",
    "agent_id": "agent-stop_run_sweep",
    "order_id": "scenario-561-stop_run_sweep-agent-stop_run_sweep-0",
    "action": "new",
    "side": "buy",
    "price": 65626.56099999999,
    "quantity": 0.06,
    "remaining_quantity": 0.06
  },
  {
    "event_id": "9b9acc95113b28f632f93c52a5368e4917ec16b7eba3251aa820f8ae0901d21c",
    "schema_version": "1.0.0",
    "event_type": "agent_order",
    "source": "synthetic_agent",
    "symbol": "BTCUSDT",
    "exchange": "binance_usdm",
    "timestamp": "2024-05-01T00:00:00.030000Z",
    "sequence": 1,
    "scenario_id": "scenario-561-stop_run_sweep",
    "agent_id": "agent-stop_run_sweep",
    "order_id": "scenario-561-stop_run_sweep-agent-stop_run_sweep-1",
    "action": "new",
    "side": "buy",
    "price": 65629.83905,
    "quantity": 0.06,
    "remaining_quantity": 0.06
  },
  {
    "event_id": "e04a6c46cab147f7996b50443561dbe4772eeaa6c267d2fc24eccc1331c34b7a",
    "schema_version": "1.0.0",
    "event_type": "agent_order",
    "source": "synthetic_agent",
    "symbol": "BTCUSDT",
    "exchange": "binance_usdm",
    "timestamp": "2024-05-01T00:00:00.060000Z",
    "sequence": 2,
    "scenario_id": "scenario-561-stop_run_sweep",
    "agent_id": "agent-stop_run_sweep",
    "order_id": "scenario-561-stop_run_sweep-agent-stop_run_sweep-2",
    "action": "new",
    "side": "buy",
    "price": 65633.11709999999,
    "quantity": 0.06,
    "remaining_quantity": 0.06
  },
  {
    "event_id": "3ca629f58b72fb906ae50d79aa943be03752f9355a80e55abd3aac7dc91444d5",
    "schema_version": "1.0.0",
    "event_type": "agent_order",
    "source": "synthetic_agent",
    "symbol": "BTCUSDT",
    "exchange": "binance_usdm",
    "timestamp": "2024-05-01T00:00:00.090000Z",
    "sequence": 3,
    "scenario_id": "scenario-561-stop_run_sweep",
    "agent_id": "agent-stop_run_sweep",
    "order_id": "scenario-561-stop_run_sweep-agent-stop_run_sweep-3",
    "action": "new",
    "side": "buy",
    "price": 65636.39515,
    "quantity": 0.06,
    "remaining_quantity": 0.06
  },
  {
    "event_id": "afa9f55eabac9e355f2b259dafe90371299a493c2562998c438a370f4be584d8",
    "schema_version": "1.0.0",
    "event_type": "agent_order",
    "source": "synthetic_agent",
    "symbol": "BTCUSDT",
    "exchange": "binance_usdm",
    "timestamp": "2024-05-01T00:00:00.120000Z",
    "sequence": 4,
    "scenario_id": "scenario-561-stop_run_sweep",
    "agent_id": "agent-stop_run_sweep",
    "order_id": "scenario-561-stop_run_sweep-agent-stop_run_sweep-4",
    "action": "new",
    "side": "buy",
    "price": 65639.67319999999,
    "quantity": 0.06,
    "remaining_quantity": 0.06
  },
  {
    "event_id": "0b681cd92eb44ee6606ea8c5c2efe4025f3bcc18393c492d1658330ecde93b62",
    "schema_version": "1.0.0",
    "event_type": "agent_order",
    "source": "synthetic_agent",
    "symbol": "BTCUSDT",
    "exchange": "binance_usdm",
    "timestamp": "2024-05-01T00:00:00.150000Z",
    "sequence": 5,
    "scenario_id": "scenario-561-stop_run_sweep",
    "agent_id": "agent-stop_run_sweep",
    "order_id": "scenario-561-stop_run_sweep-agent-stop_run_sweep-5",
    "action": "new",
    "side": "buy",
    "price": 65642.95125,
    "quantity": 0.06,
    "remaining_quantity": 0.06
  },
  {
    "event_id": "971a96c5969ed1eaf5f0a81bce6b9adebbbcb6cce25deca18ac51c1764532147",
    "schema_version": "1.0.0",
    "event_type": "agent_order",
    "source": "synthetic_agent",
    "symbol": "BTCUSDT",
    "exchange": "binance_usdm",
    "timestamp": "2024-05-01T00:00:00.180000Z",
    "sequence": 6,
    "scenario_id": "scenario-561-stop_run_sweep",
    "agent_id": "agent-stop_run_sweep",
    "order_id": "scenario-561-stop_run_sweep-agent-stop_run_sweep-6",
    "action": "new",
    "side": "buy",
    "price": 65646.22929999999,
    "quantity": 0.06,
    "remaining_quantity": 0.06
  },
  {
    "event_id": "ef063d8474aa44f55681a175c53f778d609673ae87a51ab7f573d14e6c368522",
    "schema_version": "1.0.0",
    "event_type": "agent_order",
    "source": "synthetic_agent",
    "symbol": "BTCUSDT",
    "exchange": "binance_usdm",
    "timestamp": "2024-05-01T00:00:00.210000Z",
    "sequence": 7,
    "scenario_id": "scenario-561-stop_run_sweep",
    "agent_id": "agent-stop_run_sweep",
    "order_id": "scenario-561-stop_run_sweep-agent-stop_run_sweep-7",
    "action": "new",
    "side": "buy",
    "price": 65649.50735,
    "quantity": 0.06,
    "remaining_quantity": 0.06
  },
  {
    "event_id": "9b497554803ec2c842162ac86291b4eb0c9dc30723850ead94909e90a04aaf7b",
    "schema_version": "1.0.0",
    "event_type": "agent_order",
    "source": "synthetic_agent",
    "symbol": "BTCUSDT",
    "exchange": "binance_usdm",
    "timestamp": "2024-05-01T00:00:00.240000Z",
    "sequence": 8,
    "scenario_id": "scenario-561-stop_run_sweep",
    "agent_id": "agent-stop_run_sweep",
    "order_id": "scenario-561-stop_run_sweep-agent-stop_run_sweep-8",
    "action": "new",
    "side": "buy",
    "price": 65652.7854,
    "quantity": 0.06,
    "remaining_quantity": 0.06
  },
  {
    "event_id": "92ecdb421d4adb16eb5fef506c460792f367a21b2c4ba75bf4091c8d7f171443",
    "schema_version": "1.0.0",
    "event_type": "agent_order",
    "source": "synthetic_agent",
    "symbol": "BTCUSDT",
    "exchange": "binance_usdm",
    "timestamp": "2024-05-01T00:00:00.270000Z",
    "sequence": 9,
    "scenario_id": "scenario-561-stop_run_sweep",
    "agent_id": "agent-stop_run_sweep",
    "order_id": "scenario-561-stop_run_sweep-agent-stop_run_sweep-9",
    "action": "new",
    "side": "buy",
    "price": 65656.06345,
    "quantity": 0.06,
    "remaining_quantity": 0.06
  },
  {
    "event_id": "fa28dfbaa2a68b3215087909eee39f4cb7c5be8eeb5eca1e0e84b67c7eac5437",
    "schema_version": "1.0.0",
    "event_type": "agent_order",
    "source": "synthetic_agent",
    "symbol": "BTCUSDT",
    "exchange": "binance_usdm",
    "timestamp": "2024-05-01T00:00:00.300000Z",
    "sequence": 10,
    "scenario_id": "scenario-561-stop_run_sweep",
    "agent_id": "agent-stop_run_sweep",
    "order_id": "scenario-561-stop_run_sweep-agent-stop_run_sweep-10",
    "action": "new",
    "side": "buy",
    "price": 65659.3415,
    "quantity": 0.06,
    "remaining_quantity": 0.06
  },
  {
    "event_id": "385725b05a4eb5d0b60be69110f48067a4057e468c0458952b58a184047d4227",
    "schema_version": "1.0.0",
    "event_type": "agent_order",
    "source": "synthetic_agent",
    "symbol": "BTCUSDT",
    "exchange": "binance_usdm",
    "timestamp": "2024-05-01T00:00:00.330000Z",
    "sequence": 11,
    "scenario_id": "scenario-561-stop_run_sweep",
    "agent_id": "agent-stop_run_sweep",
    "order_id": "scenario-561-stop_run_sweep-agent-stop_run_sweep-11",
    "action": "new",
    "side": "buy",
    "price": 65662.61955,
    "quantity": 0.06,
    "remaining_quantity": 0.06
  },
  {
    "event_id": "4cecdd6e17c7f9dd8b4618c5807f60d5c91b667a59f53caefa859f34ddb90c27",
    "schema_version": "1.0.0",
    "event_type": "agent_order",
    "source": "synthetic_agent",
    "symbol": "BTCUSDT",
    "exchange": "binance_usdm",
    "timestamp": "2024-05-01T00:00:00.360000Z",
    "sequence": 12,
    "scenario_id": "scenario-561-stop_run_sweep",
    "agent_id": "agent-stop_run_sweep",
    "order_id": "scenario-561-stop_run_sweep-agent-stop_run_sweep-12",
    "action": "new",
    "side": "buy",
    "price": 65665.89759999998,
    "quantity": 0.06,
    "remaining_quantity": 0.06
  },
  {
    "event_id": "9b7883f73615c99f4b1657beff22f9a9489d7831e9c4993964432a12d2fd5bac",
    "schema_version": "1.0.0",
    "event_type": "agent_order",
    "source": "synthetic_agent",
    "symbol": "BTCUSDT",
    "exchange": "binance_usdm",
    "timestamp": "2024-05-01T00:00:00.390000Z",
    "sequence": 13,
    "scenario_id": "scenario-561-stop_run_sweep",
    "agent_id": "agent-stop_run_sweep",
    "order_id": "scenario-561-stop_run_sweep-agent-stop_run_sweep-13",
    "action": "new",
    "side": "buy",
    "price": 65669.17564999999,
    "quantity": 0.06,
    "remaining_quantity": 0.06
  },
  {
    "event_id": "8d9cfaaa42aa675168bd3cc936f912916204e897c25a45f4ba0feb95c46fa992",
    "schema_version": "1.0.0",
    "event_type": "agent_order",
    "source": "synthetic_agent",
    "symbol": "BTCUSDT",
    "exchange": "binance_usdm",
    "timestamp": "2024-05-01T00:00:00.420000Z",
    "sequence": 14,
    "scenario_id": "scenario-561-stop_run_sweep",
    "agent_id": "agent-stop_run_sweep",
    "order_id": "scenario-561-stop_run_sweep-agent-stop_run_sweep-14",
    "action": "new",
    "side": "buy",
    "price": 65672.45369999998,
    "quantity": 0.06,
    "remaining_quantity": 0.06
  },
  {
    "event_id": "20b52e1997f9d3ea4ecc356a6e0296443810b317b89d0e845c252721f1daa95e",
    "schema_version": "1.0.0",
    "event_type": "agent_order",
    "source": "synthetic_agent",
    "symbol": "BTCUSDT",
    "exchange": "binance_usdm",
    "timestamp": "2024-05-01T00:00:00.450000Z",
    "sequence": 15,
    "scenario_id": "scenario-561-stop_run_sweep",
    "agent_id": "agent-stop_run_sweep",
    "order_id": "scenario-561-stop_run_sweep-agent-stop_run_sweep-15",
    "action": "new",
    "side": "buy",
    "price": 65675.73174999999,
    "quantity": 0.06,
    "remaining_quantity": 0.06
  },
  {
    "event_id": "719e4966f64fe13348a2aeed7893cb7001141be16daab36623a9d2e272ed64c5",
    "schema_version": "1.0.0",
    "event_type": "agent_order",
    "source": "synthetic_agent",
    "symbol": "BTCUSDT",
    "exchange": "binance_usdm",
    "timestamp": "2024-05-01T00:00:00.480000Z",
    "sequence": 16,
    "scenario_id": "scenario-561-stop_run_sweep",
    "agent_id": "agent-stop_run_sweep",
    "order_id": "scenario-561-stop_run_sweep-agent-stop_run_sweep-16",
    "action": "new",
    "side": "buy",
    "price": 65679.00979999999,
    "quantity": 0.06,
    "remaining_quantity": 0.06
  },
  {
    "event_id": "95ea3ae4fae07dd01d1acacbf46d75c39927e20ae11941d3921157e8838def68",
    "schema_version": "1.0.0",
    "event_type": "agent_order",
    "source": "synthetic_agent",
    "symbol": "BTCUSDT",
    "exchange": "binance_usdm",
    "timestamp": "2024-05-01T00:00:00.510000Z",
    "sequence": 17,
    "scenario_id": "scenario-561-stop_run_sweep",
    "agent_id": "agent-stop_run_sweep",
    "order_id": "scenario-561-stop_run_sweep-agent-stop_run_sweep-17",
    "action": "new",
    "side": "buy",
    "price": 65682.28785,
    "quantity": 0.06,
    "remaining_quantity": 0.06
  },
  {
    "event_id": "3976ef80f223e539182ea0ef9a99ffbd60b8074b26c3f826b52b16d973940e00",
    "schema_version": "1.0.0",
    "event_type": "agent_order",
    "source": "synthetic_agent",
    "symbol": "BTCUSDT",
    "exchange": "binance_usdm",
    "timestamp": "2024-05-01T00:00:00.540000Z",
    "sequence": 18,
    "scenario_id": "scenario-561-stop_run_sweep",
    "agent_id": "agent-stop_run_sweep",
    "order_id": "scenario-561-stop_run_sweep-agent-stop_run_sweep-18",
    "action": "new",
    "side": "buy",
    "price": 65685.56589999999,
    "quantity": 0.06,
    "remaining_quantity": 0.06
  },
  {
    "event_id": "5e5516f7693cf33af455e442d879a7d3529f31a8fa6f891efc17f8146610f108",
    "schema_version": "1.0.0",
    "event_type": "agent_order",
    "source": "synthetic_agent",
    "symbol": "BTCUSDT",
    "exchange": "binance_usdm",
    "timestamp": "2024-05-01T00:00:00.570000Z",
    "sequence": 19,
    "scenario_id": "scenario-561-stop_run_sweep",
    "agent_id": "agent-stop_run_sweep",
    "order_id": "scenario-561-stop_run_sweep-agent-stop_run_sweep-19",
    "action": "new",
    "side": "buy",
    "price": 65688.84395,
    "quantity": 0.06,
    "remaining_quantity": 0.06
  },
  {
    "event_id": "05cf416195b13c970e867868270782af9d702e3b6ec0614814aa1b2ebbf70b0a",
    "schema_version": "1.0.0",
    "event_type": "agent_order",
    "source": "synthetic_agent",
    "symbol": "BTCUSDT",
    "exchange": "binance_usdm",
    "timestamp": "2024-05-01T00:00:00.600000Z",
    "sequence": 20,
    "scenario_id": "scenario-561-stop_run_sweep",
    "agent_id": "agent-stop_run_sweep",
    "order_id": "scenario-561-stop_run_sweep-agent-stop_run_sweep-20",
    "action": "new",
    "side": "buy",
    "price": 65692.12199999999,
    "quantity": 0.06,
    "remaining_quantity": 0.06
  },
  {
    "event_id": "afb125bb07a8a34c11ffb2009cf07f3bee42f72889c3c5b284759973be643a44",
    "schema_version": "1.0.0",
    "event_type": "agent_order",
    "source": "synthetic_agent",
    "symbol": "BTCUSDT",
    "exchange": "binance_usdm",
    "timestamp": "2024-05-01T00:00:00.630000Z",
    "sequence": 21,
    "scenario_id": "scenario-561-stop_run_sweep",
    "agent_id": "agent-stop_run_sweep",
    "order_id": "scenario-561-stop_run_sweep-agent-stop_run_sweep-21",
    "action": "new",
    "side": "buy",
    "price": 65695.40005,
    "quantity": 0.06,
    "remaining_quantity": 0.06
  },
  {
    "event_id": "5343f8e0e9115afbdee3797566745b1f73e34227c237e0821b5f44899c528825",
    "schema_version": "1.0.0",
    "event_type": "agent_order",
    "source": "synthetic_agent",
    "symbol": "BTCUSDT",
    "exchange": "binance_usdm",
    "timestamp": "2024-05-01T00:00:00.660000Z",
    "sequence": 22,
    "scenario_id": "scenario-561-stop_run_sweep",
    "agent_id": "agent-stop_run_sweep",
    "order_id": "scenario-561-stop_run_sweep-agent-stop_run_sweep-22",
    "action": "new",
    "side": "buy",
    "price": 65698.6781,
    "quantity": 0.06,
    "remaining_quantity": 0.06
  },
  {
    "event_id": "be127bfa2f3205586ac7230c57f798351e4e7c0464d0848af70fddbc4c514123",
    "schema_version": "1.0.0",
    "event_type": "agent_order",
    "source": "synthetic_agent",
    "symbol": "BTCUSDT",
    "exchange": "binance_usdm",
    "timestamp": "2024-05-01T00:00:00.690000Z",
    "sequence": 23,
    "scenario_id": "scenario-561-stop_run_sweep",
    "agent_id": "agent-stop_run_sweep",
    "order_id": "scenario-561-stop_run_sweep-agent-stop_run_sweep-23",
    "action": "new",
    "side": "buy",
    "price": 65701.95615,
    "quantity": 0.06,
    "remaining_quantity": 0.06
  },
  {
    "event_id": "37e639c4d1ddd26e196807993d0a020811e7e047af2b398fa2ef998d4b5ba435",
    "schema_version": "1.0.0",
    "event_type": "agent_order",
    "source": "synthetic_agent",
    "symbol": "BTCUSDT",
    "exchange": "binance_usdm",
    "timestamp": "2024-05-01T00:00:00.720000Z",
    "sequence": 24,
    "scenario_id": "scenario-561-stop_run_sweep",
    "agent_id": "agent-stop_run_sweep",
    "order_id": "scenario-561-stop_run_sweep-agent-stop_run_sweep-24",
    "action": "new",
    "side": "buy",
    "price": 65705.23419999999,
    "quantity": 0.06,
    "remaining_quantity": 0.06
  },
  {
    "event_id": "2256d488a3c1b64f741cff93e24fb1c3eec9ea2e99d86f5ebe71dcdd8764c6e8",
    "schema_version": "1.0.0",
    "event_type": "agent_order",
    "source": "synthetic_agent",
    "symbol": "BTCUSDT",
    "exchange": "binance_usdm",
    "timestamp": "2024-05-01T00:00:00.750000Z",
    "sequence": 25,
    "scenario_id": "scenario-561-stop_run_sweep",
    "agent_id": "agent-stop_run_sweep",
    "order_id": "scenario-561-stop_run_sweep-agent-stop_run_sweep-25",
    "action": "new",
    "side": "buy",
    "price": 65708.51224999999,
    "quantity": 0.06,
    "remaining_quantity": 0.06
  },
  {
    "event_id": "c9e7a3a0b73081b059a3382147b4a7b8b4da89c7c69471de3c565b5aa846feec",
    "schema_version": "1.0.0",
    "event_type": "agent_order",
    "source": "synthetic_agent",
    "symbol": "BTCUSDT",
    "exchange": "binance_usdm",
    "timestamp": "2024-05-01T00:00:00.780000Z",
    "sequence": 26,
    "scenario_id": "scenario-561-stop_run_sweep",
    "agent_id": "agent-stop_run_sweep",
    "order_id": "scenario-561-stop_run_sweep-agent-stop_run_sweep-26",
    "action": "new",
    "side": "buy",
    "price": 65711.7903,
    "quantity": 0.06,
    "remaining_quantity": 0.06
  },
  {
    "event_id": "47bdf116619ebacd56dbf0de11b52f83caf26957b87dc6da47c6e6b4c12ae30f",
    "schema_version": "1.0.0",
    "event_type": "agent_order",
    "source": "synthetic_agent",
    "symbol": "BTCUSDT",
    "exchange": "binance_usdm",
    "timestamp": "2024-05-01T00:00:00.810000Z",
    "sequence": 27,
    "scenario_id": "scenario-561-stop_run_sweep",
    "agent_id": "agent-stop_run_sweep",
    "order_id": "scenario-561-stop_run_sweep-agent-stop_run_sweep-27",
    "action": "new",
    "side": "buy",
    "price": 65715.06834999999,
    "quantity": 0.06,
    "remaining_quantity": 0.06
  },
  {
    "event_id": "8df763cda490f37277d811b76fee921698786d2a4b4bf81f6448f2502357a469",
    "schema_version": "1.0.0",
    "event_type": "agent_order",
    "source": "synthetic_agent",
    "symbol": "BTCUSDT",
    "exchange": "binance_usdm",
    "timestamp": "2024-05-01T00:00:00.840000Z",
    "sequence": 28,
    "scenario_id": "scenario-561-stop_run_sweep",
    "agent_id": "agent-stop_run_sweep",
    "order_id": "scenario-561-stop_run_sweep-agent-stop_run_sweep-28",
    "action": "new",
    "side": "buy",
    "price": 65718.3464,
    "quantity": 0.06,
    "remaining_quantity": 0.06
  },
  {
    "event_id": "b3ac51bc99eac4a97e6cb13f57869c2d88d130a147030f2fc81c94ec15436fd8",
    "schema_version": "1.0.0",
    "event_type": "agent_order",
    "source": "synthetic_agent",
    "symbol": "BTCUSDT",
    "exchange": "binance_usdm",
    "timestamp": "2024-05-01T00:00:00.870000Z",
    "sequence": 29,
    "scenario_id": "scenario-561-stop_run_sweep",
    "agent_id": "agent-stop_run_sweep",
    "order_id": "scenario-561-stop_run_sweep-agent-stop_run_sweep-29",
    "action": "new",
    "side": "buy",
    "price": 65721.62444999999,
    "quantity": 0.06,
    "remaining_quantity": 0.06
  }
]