[
  {
    "event_id": "c5cac6f47e49c5f786dae58cf4f3e7e76b894151c416d3df0aa207f98d6a2030",
    "schema_version": "1.0.0",
    "event_type": "agent_order",
    "source": "synthetic_agent",
    "symbol": "BTCUSDT",
    "exchange": "binance_usdm",
    "timestamp": "2024-05-01T00:00:00Z",
    "sequence": 0,
    "scenario_id": "scenario-021-stop_run_sweep",
    "agent_id": "agent-stop_run_sweep",
    "order_id": "scenario-021-stop_run_sweep-agent-stop_run_sweep-0",
    "action": "new",
    "side": "buy",
    "price": 65086.02099999999,
    "quantity": 0.06,
    "remaining_quantity": 0.06
  },
  {
    "event_id": "a80ed7cbc6ae6b60429f4516f42c8d58db53fe7988e71f15695718454ade284b",
    "schema_version": "1.0.0",
    "event_type": "agent_order",
    "source": "synthetic_agent",
    "symbol": "BTCUSDT",
    "exchange": "binance_usdm",
    "timestamp": "2024-05-01T00:00:00.030000Z",
    "sequence": 1,
    "scenario_id": "scenario-021-stop_run_sweep",
    "agent_id": "agent-stop_run_sweep",
    "order_id": "scenario-021-stop_run_sweep-agent-stop_run_sweep-1",
    "action": "new",
    "side": "buy",
    "price": 65089.27205,
    "quantity": 0.06,
    "remaining_quantity": 0.06
  },
  {
    "event_id": "f070f89acb5c7e3e72da1d6b4049f28cb607e25e7afd3d350f1afacda88e5b5c",
    "schema_version": "1.0.0",
    "event_type": "agent_order",
    "source": "synthetic_agent",
    "symbol": "BTCUSDT",
    "exchange": "binance_usdm",
    "timestamp": "2024-05-01T00:00:00.060000Z",
    "sequence": 2,
    "scenario_id": "scenario-021-stop_run_sweep",
    "agent_id": "agent-stop_run_sweep",
    "order_id": "scenario-021-stop_run_sweep-agent-stop_run_sweep-2",
    "action": "new",
    "side": "buy",
    "price": 65092.52309999999,
    "quantity": 0.06,
    "remaining_quantity": 0.06
  },
  {
    "event_id": "7540403ec7fb6d3bad3c219b179e0d9f6308dede12a492501a7463a9b7e3f6db",
    "schema_version": "1.0.0",
    "event_type": "agent_order",
    "source": "synthetic_agent",
    "symbol": "BTCUSDT",
    "exchange": "binance_usdm",
    "timestamp": "2024-05-01T00:00:00.090000Z",
    "sequence": 3,
    "scenario_id": "scenario-021-stop_run_sweep",
    "agent_id": "agent-stop_run_sweep",
    "order_id": "scenario-021-stop_run_sweep-agent-stop_run_sweep-3",
    "action": "new",
    "side": "buy",
    "price": 65095.77415,
    "quantity": 0.06,
    "remaining_quantity": 0.06
  },
  {
    "event_id": "eb74ca57b863b3a3dc7c54684f8ca4006bc0575c5a763030a7f6b0e064f65dcd",
    "schema_version": "1.0.0",
    "event_type": "agent_order",
    "source": "synthetic_agent",
    "symbol": "BTCUSDT",
    "exchange": "binance_usdm",
    "timestamp": "2024-05-01T00:00:00.120000Z",
    "sequence": 4,
    "scenario_id": "scenario-021-stop_run_sweep",
    "agent_id": "agent-stop_run_sweep",
    "order_id": "scenario-021-stop_run_sweep-agent-stop_run_sweep-4",
    "action": "new",
    "side": "buy",
    "price": 65099.02519999999,
    "quantity": 0.06,
    "remaining_quantity": 0.06
  },
  {
    "event_id": "97c3f2d66435800914eed325d33137feceda8d3f06288338676e570cc0757086",
    "schema_version": "1.0.0",
    "event_type": "agent_order",
    "source": "synthetic_agent",
    "symbol": "BTCUSDT",
    "exchange": "binance_usdm",
    "timestamp": "2024-05-01T00:00:00.150000Z",
    "sequence": 5,
    "scenario_id": "scenario-021-stop_run_sweep",
    "agent_id": "agent-stop_run_sweep",
    "order_id": "scenario-021-stop_run_sweep-agent-stop_run_sweep-5",
    "action": "new",
    "side": "buy",
    "price": 65102.276249999995,
    "quantity": 0.06,
    "remaining_quantity": 0.06
  },
  {
    "event_id": "ed8e59a52ba565f1fafea91d19ef0d73855a3d3e321f5fe0bf19c72f80604587",
    "schema_version": "1.0.0",
    "event_type": "agent_order",
    "source": "synthetic_agent",
    "symbol": "BTCUSDT",
    "exchange": "binance_usdm",
    "timestamp": "2024-05-01T00:00:00.180000Z",
    "sequence": 6,
    "scenario_id": "scenario-021-stop_run_sweep",
    "agent_id": "agent-stop_run_sweep",
    "order_id": "scenario-021-stop_run_sweep-agent-stop_run_sweep-6",
    "action": "new",
    "side": "buy",
    "price": 65105.527299999994,
    "quantity": 0.06,
    "remaining_quantity": 0.06
  },
  {
    "event_id": "a798dbe615f15f28984eb7704e63bd0afd5a31223bad5ba788405a0f63cea99f",
    "schema_version": "1.0.0",
    "event_type": "agent_order",
    "source": "synthetic_agent",
    "symbol": "BTCUSDT",
    "exchange": "binance_usdm",
    "timestamp": "2024-05-01T00:00:00.210000Z",
    "sequence": 7,
    "scenario_id": "scenario-021-stop_run_sweep",
    "agent_id": "agent-stop_run_sweep",
    "order_id": "scenario-021-stop_run_sweep-agent-stop_run_sweep-7",
    "action": "new",
    "side": "buy",
    "price": 65108.77835,
    "quantity": 0.06,
    "remaining_quantity": 0.06
  },
  {
    "event_id": "7a9bc0e9035b4ebd3eb758e7861a7d727c0ac37873dfb38af5380174fc339fa5",
    "schema_version": "1.0.0",
    "event_type": "agent_order",
    "source": "synthetic_agent",
    "symbol": "BTCUSDT",
    "exchange": "binance_usdm",
    "timestamp": "2024-05-01T00:00:00.240000Z",
    "sequence": 8,
    "scenario_id": "scenario-021-stop_run_sweep",
    "agent_id": "agent-stop_run_sweep",
    "order_id": "scenario-021-stop_run_sweep-agent-stop_run_sweep-8",
    "action": "new",
    "side": "buy",
    "price": 65112.02939999999,
    "quantity": 0.06,
    "remaining_quantity": 0.06
  },
  {
    "event_id": "04ba8220fd7b2b3e0c4898fb58b35b9c6d8f5b7a386e24e9074cac01a4d8c53a",
    "schema_version": "1.0.0",
    "event_type": "agent_order",
    "source": "synthetic_agent",
    "symbol": "BTCUSDT",
    "exchange": "binance_usdm",
    "timestamp": "2024-05-01T00:00:00.270000Z",
    "sequence": 9,
    "scenario_id": "scenario-021-stop_run_sweep",
    "agent_id": "agent-stop_run_sweep",
    "order_id": "scenario-021-stop_run_sweep-agent-stop_run_sweep-9",
    "action": "new",
    "side": "buy",
    "price": 65115.28045,
    "quantity": 0.06,
    "remaining_quantity": 0.06
  },
  {
    "event_id": "165419d224170a8c1f1f7347588b043a6aecc00036a5db681820f4bce6730b81",
    "schema_version": "1.0.0",
    "event_type": "agent_order",
    "source": "synthetic_agent",
    "symbol": "BTCUSDT",
    "exchange": "binance_usdm",
    "timestamp": "2024-05-01T00:00:00.300000Z",
    "sequence": 10,
    "scenario_id": "scenario-021-stop_run_sweep",
    "agent_id": "agent-stop_run_sweep",
    "order_id": "scenario-021-stop_run_sweep-agent-stop_run_sweep-10",
    "action": "new",
    "side": "buy",
    "price": 65118.53149999999,
    "quantity": 0.06,
    "remaining_quantity": 0.06
  },
  {
    "event_id": "36a2c0c703f82e67e1a218ac7a16715ea584dca5240b50b376d083543542a771",
    "schema_version": "1.0.0",
    "event_type": "agent_order",
    "source": "synthetic_agent",
    "symbol": "BTCUSDT",
    "exchange": "binance_usdm",
    "timestamp": "2024-05-01T00:00:00.330000Z",
    "sequence": 11,
    "scenario_id": "scenario-021-stop_run_sweep",
    "agent_id": "agent-stop_run_sweep",
    "order_id": "scenario-021-stop_run_sweep-agent-stop_run_sweep-11",
    "action": "new",
    "side": "buy",
    "price": 65121.782549999996,
    "quantity": 0.06,
    "remaining_quantity": 0.06
  },
  {
    "event_id": "1a095966ab53a8c935f517725eb6b7438fb5836fd114d99e15b4340adb2fbce3",
    "schema_version": "1.0.0",
    "event_type": "agent_order",
    "source": "synthetic_agent",
    "symbol": "BTCUSDT",
    "exchange": "binance_usdm",
    "timestamp": "2024-05-01T00:00:00.360000Z",
    "sequence": 12,
    "scenario_id": "scenario-021-stop_run_sweep",
    "agent_id": "agent-stop_run_sweep",
    "order_id": "scenario-021-stop_run_sweep-agent-stop_run_sweep-12",
    "action": "new",
    "side": "buy",
    "price": 65125.03359999999,
    "quantity": 0.06,
    "remaining_quantity": 0.06
  },
  {
    "event_id": "43e216428a3da0b1a2afafe1e880d0036b7a8d42fc5a26fcab2f1c69fde09fec",
    "schema_version": "1.0.0",
    "event_type": "agent_order",
    "source": "synthetic_agent",
    "symbol": "BTCUSDT",
    "exchange": "binance_usdm",
    "timestamp": "2024-05-01T00:00:00.390000Z",
    "sequence": 13,
    "scenario_id": "scenario-021-stop_run_sweep",
    "agent_id": "agent-stop_run_sweep",
    "order_id": "scenario-021-stop_run_sweep-agent-stop_run_sweep-13",
    "action": "new",
    "side": "buy",
    "price": 65128.284649999994,
    "quantity": 0.06,
    "remaining_quantity": 0.06
  },
  {
    "event_id": "b7ab9a95d5f9a4fb636952e6c2fc5a80c93598ff61e7611273bc700be1901812",
    "schema_version": "1.0.0",
    "event_type": "agent_order",
    "source": "synthetic_agent",
    "symbol": "BTCUSDT",
    "exchange": "binance_usdm",
    "timestamp": "2024-05-01T00:00:00.420000Z",
    "sequence": 14,
    "scenario_id": "scenario-021-stop_run_sweep",
    "agent_id": "agent-stop_run_sweep",
    "order_id": "scenario-021-stop_run_sweep-agent-stop_run_sweep-14",
    "action": "new",
    "side": "buy",
    "price": 65131.535699999986,
    "quantity": 0.06,
    "remaining_quantity": 0.06
  },
  {
    "event_id": "e26f0fafe11a5d16f9b7a1f560bbade5ae3b8ea9c10fc9cb50f12f9c597392bb",
    "schema_version": "1.0.0",
    "event_type": "agent_order",
    "source": "synthetic_agent",
    "symbol": "BTCUSDT",
    "exchange": "binance_usdm",
    "timestamp": "2024-05-01T00:00:00.450000Z",
    "sequence": 15,
    "scenario_id": "scenario-021-stop_run_sweep",
    "agent_id": "agent-stop_run_sweep",
    "order_id": "scenario-021-stop_run_sweep-agent-stop_run_sweep-15",
    "action": "new",
    "side": "buy",
    "price": 65134.78674999999,
    "quantity": 0.06,
    "remaining_quantity": 0.06
  },
  {
    "event_id": "ed5c48aadb65580edc802cfee59925c9a58a2ec1f8bcc3d7354aef8deafca307",
    "schema_version": "1.0.0",
    "event_type": "agent_order",
    "source": "synthetic_agent",
    "symbol": "BTCUSDT",
    "exchange": "binance_usdm",
    "timestamp": "2024-05-01T00:00:00.480000Z",
    "sequence": 16,
    "scenario_id": "scenario-021-stop_run_sweep",
    "agent_id": "agent-stop_run_sweep",
    "order_id": "scenario-021-stop_run_sweep-agent-stop_run_sweep-16",
    "action": "new",
    "side": "buy",
    "price": 65138.037799999984,
    "quantity": 0.06,
    "remaining_quantity": 0.06
  },
  {
    "event_id": "19181cde214fadc455cc3e110fbce4af9d1f769c3983eb438f6465b667cbc9ea",
    "schema_version": "1.0.0",
    "event_type": "agent_order",
    "source": "synthetic_agent",
    "symbol": "BTCUSDT",
    "exchange": "binance_usdm",
    "timestamp": "2024-05-01T00:00:00.510000Z",
    "sequence": 17,
    "scenario_id": "scenario-021-stop_run_sweep",
    "agent_id": "agent-stop_run_sweep",
    "order_id": "scenario-021-stop_run_sweep-agent-stop_run_sweep-17",
    "action": "new",
    "side": "buy",
    "price": 65141.28885,
    "quantity": 0.06,
    "remaining_quantity": 0.06
  },
  {
    "event_id": "3c7cf7575c514315bf99071bf348b3873980afcbd22e326a994e259bc0f900c4",
    "schema_version": "1.0.0",
    "event_type": "agent_order",
    "source": "synthetic_agent",
    "symbol": "BTCUSDT",
    "exchange": "binance_usdm",
    "timestamp": "2024-05-01T00:00:00.540000Z",
    "sequence": 18,
    "scenario_id": "scenario-021-stop_run_sweep",
    "agent_id": "agent-stop_run_sweep",
    "order_id": "scenario-021-stop_run_sweep-agent-stop_run_sweep-18",
    "action": "new",
    "side": "buy",
    "price": 65144.53989999999,
    "quantity": 0.06,
    "remaining_quantity": 0.06
  },
  {
    "event_id": "1796029089b9b2cf5276d7a0a0ffdc898a2800809fb7e7cb565d66ceead89d3e",
    "schema_version": "1.0.0",
    "event_type": "agent_order",
    "source": "synthetic_agent",
    "symbol": "BTCUSDT",
    "exchange": "binance_usdm",
    "timestamp": "2024-05-01T00:00:00.570000Z",
    "sequence": 19,
    "scenario_id": "scenario-021-stop_run_sweep",
    "agent_id": "agent-stop_run_sweep",
    "order_id": "scenario-021-stop_run_sweep-agent-stop_run_sweep-19",
    "action": "new",
    "side": "buy",
    "price": 65147.790949999995,
    "quantity": 0.06,
    "remaining_quantity": 0.06
  },
  {
    "event_id": "505583cad1ab574cd8a55eb1ec2498f2e5ec95f525f003a2cc0908c3289597d2",
    "schema_version": "1.0.0",
    "event_type": "agent_order",
    "source": "synthetic_agent",
    "symbol": "BTCUSDT",
    "exchange": "binance_usdm",
    "timestamp": "2024-05-01T00:00:00.600000Z",
    "sequence": 20,
    "scenario_id": "scenario-021-stop_run_sweep",
    "agent_id": "agent-stop_run_sweep",
    "order_id": "scenario-021-stop_run_sweep-agent-stop_run_sweep-20",
    "action": "new",
    "side": "buy",
    "price": 65151.04199999999,
    "quantity": 0.06,
    "remaining_quantity": 0.06
  },
  {
    "event_id": "cd3c30818ae5dbb2c218b36567efa8cd187d3204c2663dccb0d75690f6c20411",
    "schema_version": "1.0.0",
    "event_type": "agent_order",
    "source": "synthetic_agent",
    "symbol": "BTCUSDT",
    "exchange": "binance_usdm",
    "timestamp": "2024-05-01T00:00:00.630000Z",
    "sequence": 21,
    "scenario_id": "scenario-021-stop_run_sweep",
    "agent_id": "agent-stop_run_sweep",
    "order_id": "scenario-021-stop_run_sweep-agent-stop_run_sweep-21",
    "action": "new",
    "side": "buy",
    "price": 65154.29304999999,
    "quantity": 0.06,
    "remaining_quantity": 0.06
  },
  {
    "event_id": "48b26b4c4c625c846cda4f693db3c844fb980a8c674e15aab2697ae1e848c887",
    "schema_version": "1.0.0",
    "event_type": "agent_order",
    "source": "synthetic_agent",
    "symbol": "BTCUSDT",
    "exchange": "binance_usdm",
    "timestamp": "2024-05-01T00:00:00.660000Z",
    "sequence": 22,
    "scenario_id": "scenario-021-stop_run_sweep",
    "agent_id": "agent-stop_run_sweep",
    "order_id": "scenario-021-stop_run_sweep-agent-stop_run_sweep-22",
    "action": "new",
    "side": "buy",
    "price": 65157.5441,
    "quantity": 0.06,
    "remaining_quantity": 0.06
  },
  {
    "event_id": "cec3b283398b83024970b5956507389d00ab805d6f2dee94460f46dc71bea44b",
    "schema_version": "1.0.0",
    "event_type": "agent_order",
    "source": "synthetic_agent",
    "symbol": "BTCUSDT",
    "exchange": "binance_usdm",
    "timestamp": "2024-05-01T00:00:00.690000Z",
    "sequence": 23,
    "scenario_id": "scenario-021-stop_run_sweep",
    "agent_id": "agent-stop_run_sweep",
    "order_id": "scenario-021-stop_run_sweep-agent-stop_run_sweep-23",
    "action": "new",
    "side": "buy",
    "price": 65160.79514999999,
    "quantity": 0.06,
    "remaining_quantity": 0.06
  },
  {
    "event_id": "086b8d853083908054af2df48558b248710f19ee5f196cd025f83f595d773fe2",
    "schema_version": "1.0.0",
    "event_type": "agent_order",
    "source": "synthetic_agent",
    "symbol": "BTCUSDT",
    "exchange": "binance_usdm",
    "timestamp": "2024-05-01T00:00:00.720000Z",
    "sequence": 24,
    "scenario_id": "scenario-021-stop_run_sweep",
    "agent_id": "agent-stop_run_sweep",
    "order_id": "scenario-021-stop_run_sweep-agent-stop_run_sweep-24",
    "action": "new",
    "side": "buy",
    "price": 65164.0462,
    "quantity": 0.06,
    "remaining_quantity": 0.06
  },
  {
    "event_id": "b8f58e7a24e41532084449b1fbc034f17502b8fa9470e5d3c775b86c6443d80d",
    "schema_version": "1.0.0",
    "event_type": "agent_order",
    "source": "synthetic_agent",
    "symbol": "BTCUSDT",
    "exchange": "binance_usdm",
    "timestamp": "2024-05-01T00:00:00.750000Z",
    "sequence": 25,
    "scenario_id": "scenario-021-stop_run_sweep",
    "agent_id": "agent-stop_run_sweep",
    "order_id": "scenario-021-stop_run_sweep-agent-stop_run_sweep-25",
    "action": "new",
    "side": "buy",
    "price": 65167.29724999999,
    "quantity": 0.06,
    "remaining_quantity": 0.06
  },
  {
    "event_id": "0ba49ed2e378e947985d01a1c41781e14bac5a3f12607af3ea918407089a3137",
    "schema_version": "1.0.0",
    "event_type": "agent_order",
    "source": "synthetic_agent",
    "symbol": "BTCUSDT",
    "exchange": "binance_usdm",
    "timestamp": "2024-05-01T00:00:00.780000Z",
    "sequence": 26,
    "scenario_id": "scenario-021-stop_run_sweep",
    "agent_id": "agent-stop_run_sweep",
    "order_id": "scenario-021-stop_run_sweep-agent-stop_run_sweep-26",
    "action": "new",
    "side": "buy",
    "price": 65170.548299999995,
    "quantity": 0.06,
    "remaining_quantity": 0.06
  },
  {
    "event_id": "386a691d9015232bf24b2c9aff7c46e5748d6adcba4b07be6c4437b526c49378",
    "schema_version": "1.0.0",
    "event_type": "agent_order",
    "source": "synthetic_agent",
    "symbol": "BTCUSDT",
    "exchange": "binance_usdm",
    "timestamp": "2024-05-01T00:00:00.810000Z",
    "sequence": 27,
    "scenario_id": "scenario-021-stop_run_sweep",
    "agent_id": "agent-stop_run_sweep",
    "order_id": "scenario-021-stop_run_sweep-agent-stop_run_sweep-27",
    "action": "new",
    "side": "buy",
    "price": 65173.799349999994,
    "quantity": 0.06,
    "remaining_quantity": 0.06
  },
  {
    "event_id": "362f8edb72bc7432bce2f3f6f69a797cd22fc688ff91b5d3ebe34d186038f45a",
    "schema_version": "1.0.0",
    "event_type": "agent_order",
    "source": "synthetic_agent",
    "symbol": "BTCUSDT",
    "exchange": "binance_usdm",
    "timestamp": "2024-05-01T00:00:00.840000Z",
    "sequence": 28,
    "scenario_id": "scenario-021-stop_run_sweep",
    "agent_id": "agent-stop_run_sweep",
    "order_id": "scenario-021-stop_run_sweep-agent-stop_run_sweep-28",
    "action": "new",
    "side": "buy",
    "price": 65177.0504,
    "quantity": 0.06,
    "remaining_quantity": 0.06
  },
  {
    "event_id": "bc4b71291fc58fc6b2dc94e590bb655061418a86f5a6fbb8740ec774cafcc07b",
    "schema_version": "1.0.0",
    "event_type": "agent_order",
    "source": "synthetic_agent",
    "symbol": "BTCUSDT",
    "exchange": "binance_usdm",
    "timestamp": "2024-05-01T00:00:00.870000Z",
    "sequence": 29,
    "scenario_id": "scenario-021-stop_run_sweep",
    "agent_id": "agent-stop_run_sweep",
    "order_id": "scenario-021-stop_run_sweep-agent-stop_run_sweep-29",
    "action": "new",
    "side": "buy",
    "price": 65180.30144999999,
    "quantity": 0.06,
    "remaining_quantity": 0.06
  }
]