[
  {
    "event_id": "9ebc3ab672639171c4407e204a79dd1d676fa4c73147d98542ec68e213c1de3e",
    "schema_version": "1.0.0",
    "event_type": "agent_order",
    "source": "synthetic_agent",
    "symbol": "BTCUSDT",
    "exchange": "binance_usdm",
    "timestamp": "2024-05-01T00:00:00Z",
    "sequence": 0,
    "scenario_id": "scenario-104-latency_edge",
    "agent_id": "agent-latency_edge",
    "order_id": "scenario-104-latency_edge-agent-latency_edge-0",
    "action": "new",
    "side": "buy",
    "price": 65143.062399999995,
    "quantity": 0.006,
    "remaining_quantity": 0.006
  },
  {
    "event_id": "f12cc6838d34983114640f08b1d2c9bace2cc103fbb8e0c750b2ad7e6addf13c",
    "schema_version": "1.0.0",
    "event_type": "agent_order",
    "source": "synthetic_agent",
    "symbol": "BTCUSDT",
    "exchange": "binance_usdm",
    "timestamp": "2024-05-01T00:00:00.008000Z",
    "sequence": 1,
    "scenario_id": "scenario-104-latency_edge",
    "agent_id": "agent-latency_edge",
    "order_id": "scenario-104-latency_edge-agent-latency_edge-1",
    "action": "new",
    "side": "buy",
    "price": 65143.062399999995,
    "quantity": 0.006,
    "remaining_quantity": 0.006
  },
  {
    "event_id": "9f2c00c68b0cc1618ec253d7c08969df96ad210b0621cf38248ee5bb283cd3d6",
    "schema_version": "1.0.0",
    "event_type": "agent_order",
    "source": "synthetic_agent",
    "symbol": "BTCUSDT",
    "exchange": "binance_usdm",
    "timestamp": "2024-05-01T00:00:00.016000Z",
    "sequence": 2,
    "scenario_id": "scenario-104-latency_edge",
    "agent_id": "agent-latency_edge",
    "order_id": "scenario-104-latency_edge-agent-latency_edge-2",
    "action": "new",
    "side": "sell",
    "price": 65064.9376,
    "quantity": 0.006,
    "remaining_quantity": 0.006
  },
  {
    "event_id": "aa32b5873723e0e92ed3387c4095db33c2b3c99fd5d1eb659a50a9bc32575fb5",
    "schema_version": "1.0.0",
    "event_type": "agent_order",
    "source": "synthetic_agent",
    "symbol": "BTCUSDT",
    "exchange": "binance_usdm",
    "timestamp": "2024-05-01T00:00:00.024000Z",
    "sequence": 3,
    "scenario_id": "scenario-104-latency_edge",
    "agent_id": "agent-latency_edge",
    "order_id": "scenario-104-latency_edge-agent-latency_edge-3",
    "action": "new",
    "side": "sell",
    "price": 65064.9376,
    "quantity": 0.006,
    "remaining_quantity": 0.006
  },
  {
    "event_id": "7feace7f308e2da25f8b1ed8f2d04e1029323b45ab25f0394b4655f13d24652d",
    "schema_version": "1.0.0",
    "event_type": "agent_order",
    "source": "synthetic_agent",
    "symbol": "BTCUSDT",
    "exchange": "binance_usdm",
    "timestamp": "2024-05-01T00:00:00.032000Z",
    "sequence": 4,
    "scenario_id": "scenario-104-latency_edge",
    "agent_id": "agent-latency_edge",
    "order_id": "scenario-104-latency_edge-agent-latency_edge-4",
    "action": "new",
    "side": "buy",
    "price": 65143.062399999995,
    "quantity": 0.006,
    "remaining_quantity": 0.006
  },
  {
    "event_id": "0668f3fd2d98abfa66070997ef08c063cf0500cfe8222bcff805c0634ef125e3",
    "schema_version": "1.0.0",
    "event_type": "agent_order",
    "source": "synthetic_agent",
    "symbol": "BTCUSDT",
    "exchange": "binance_usdm",
    "timestamp": "2024-05-01T00:00:00.040000Z",
    "sequence": 5,
    "scenario_id": "scenario-104-latency_edge",
    "agent_id": "agent-latency_edge",
    "order_id": "scenario-104-latency_edge-agent-latency_edge-5",
    "action": "new",
    "side": "buy",
    "price": 65143.062399999995,
    "quantity": 0.006,
    "remaining_quantity": 0.006
  },
  {
    "event_id": "0a2f0f65861953d86f2106e84bd769e1d9194cba8b0d71714c997bfc5a14e730",
    "schema_version": "1.0.0",
    "event_type": "agent_order",
    "source": "synthetic_agent",
    "symbol": "BTCUSDT",
    "exchange": "binance_usdm",
    "timestamp": "2024-05-01T00:00:00.048000Z",
    "sequence": 6,
    "scenario_id": "scenario-104-latency_edge",
    "agent_id": "agent-latency_edge",
    "order_id": "scenario-104-latency_edge-agent-latency_edge-6",
    "action": "new",
    "side": "sell",
    "price": 65064.9376,
    "quantity": 0.006,
    "remaining_quantity": 0.006
  },
  {
    "event_id": "5e476b23209c909355655b0e7d824c191af354d52ecc756d2ffb7d2b69145972",
    "schema_version": "1.0.0",
    "event_type": "agent_order",
    "source": "synthetic_agent",
    "symbol": "BTCUSDT",
    "exchange": "binance_usdm",
    "timestamp": "2024-05-01T00:00:00.056000Z",
    "sequence": 7,
    "scenario_id": "scenario-104-latency_edge",
    "agent_id": "agent-latency_edge",
    "order_id": "scenario-104-latency_edge-agent-latency_edge-7",
    "action": "new",
    "side": "sell",
    "price": 65064.9376,
    "quantity": 0.006,
    "remaining_quantity": 0.006
  },
  {
    "event_id": "90542e65cf753147ffb7a6c19d14b1fede937951370ace1da446d38dbe748546",
    "schema_version": "1.0.0",
    "event_type": "agent_order",
    "source": "synthetic_agent",
    "symbol": "BTCUSDT",
    "exchange": "binance_usdm",
    "timestamp": "2024-05-01T00:00:00.064000Z",
    "sequence": 8,
    "scenario_id": "scenario-104-latency_edge",
    "agent_id": "agent-latency_edge",
    "order_id": "scenario-104-latency_edge-agent-latency_edge-8",
    "action": "new",
    "side": "buy",
    "price": 65143.062399999995,
    "quantity": 0.006,
    "remaining_quantity": 0.006
  },
  {
    "event_id": "4a573286d33ebc67d00edee9b29c1c1136f47f7b3a66675fb5312ce3d68734de",
    "schema_version": "1.0.0",
    "event_type": "agent_order",
    "source": "synthetic_agent",
    "symbol": "BTCUSDT",
    "exchange": "binance_usdm",
    "timestamp": "2024-05-01T00:00:00.072000Z",
    "sequence": 9,
    "scenario_id": "scenario-104-latency_edge",
    "agent_id": "agent-latency_edge",
    "order_id": "scenario-104-latency_edge-agent-latency_edge-9",
    "action": "new",
    "side": "buy",
    "price": 65143.062399999995,
    "quantity": 0.006,
    "remaining_quantity": 0.006
  },
  {
    "event_id": "3bf6010b62db2cc22ded4d5ed62e5caca8ff4f4523ebb4038fb8987c6f07936a",
    "schema_version": "1.0.0",
    "event_type": "agent_order",
    "source": "synthetic_agent",
    "symbol": "BTCUSDT",
    "exchange": "binance_usdm",
    "timestamp": "2024-05-01T00:00:00.080000Z",
    "sequence": 10,
    "scenario_id": "scenario-104-latency_edge",
    "agent_id": "agent-latency_edge",
    "order_id": "scenario-104-latency_edge-agent-latency_edge-10",
    "action": "new",
    "side": "sell",
    "price": 65064.9376,
    "quantity": 0.006,
    "remaining_quantity": 0.006
  },
  {
    "event_id": "109f824bc65bed2ed6870d4d7582f35a42397727425092d2b5e1412d76208898",
    "schema_version": "1.0.0",
    "event_type": "agent_order",
    "source": "synthetic_agent",
    "symbol": "BTCUSDT",
    "exchange": "binance_usdm",
    "timestamp": "2024-05-01T00:00:00.088000Z",
    "sequence": 11,
    "scenario_id": "scenario-104-latency_edge",
    "agent_id": "agent-latency_edge",
    "order_id": "scenario-104-latency_edge-agent-latency_edge-11",
    "action": "new",
    "side": "sell",
    "price": 65064.9376,
    "quantity": 0.006,
    "remaining_quantity": 0.006
  },
  {
    "event_id": "da15f5fae31f5ffd8095c3efa5d5a83b251970dbfc58f5c224a77188830f5a4f",
    "schema_version": "1.0.0",
    "event_type": "agent_order",
    "source": "synthetic_agent",
    "symbol": "BTCUSDT",
    "exchange": "binance_usdm",
    "timestamp": "2024-05-01T00:00:00.096000Z",
    "sequence": 12,
    "scenario_id": "scenario-104-latency_edge",
    "agent_id": "agent-latency_edge",
    "order_id": "scenario-104-latency_edge-agent-latency_edge-12",
    "action": "new",
    "side": "buy",
    "price": 65143.062399999995,
    "quantity": 0.006,
    "remaining_quantity": 0.006
  },
  {
    "event_id": "8913ab27d8fb3d739bbf571eb1ea16ed4d3f01f0326c18188e2a1bce3f394b99",
    "schema_version": "1.0.0",
    "event_type": "agent_order",
    "source": "synthetic_agent",
    "symbol": "BTCUSDT",
    "exchange": "binance_usdm",
    "timestamp": "2024-05-01T00:00:00.104000Z",
    "sequence": 13,
    "scenario_id": "scenario-104-latency_edge",
    "agent_id": "agent-latency_edge",
    "order_id": "scenario-104-latency_edge-agent-latency_edge-13",
    "action": "new",
    "side": "buy",
    "price": 65143.062399999995,
    "quantity": 0.006,
    "remaining_quantity": 0.006
  },
  {
    "event_id": "f06aabf3343fdd6091758218f3b3ed40f2f35ddfc2f1ca59f954553a96de4eb8",
    "schema_version": "1.0.0",
    "event_type": "agent_order",
    "source": "synthetic_agent",
    "symbol": "BTCUSDT",
    "exchange": "binance_usdm",
    "timestamp": "2024-05-01T00:00:00.112000Z",
    "sequence": 14,
    "scenario_id": "scenario-104-latency_edge",
    "agent_id": "agent-latency_edge",
    "order_id": "scenario-104-latency_edge-agent-latency_edge-14",
    "action": "new",
    "side": "sell",
    "price": 65064.9376,
    "quantity": 0.006,
    "remaining_quantity": 0.006
  },
  {
    "event_id": "8942a4671ab88daf881196b79f0d9fbe2271c8e4312fe522b4497197f9eb99db",
    "schema_version": "1.0.0",
    "event_type": "agent_order",
    "source": "synthetic_agent",
    "symbol": "BTCUSDT",
    "exchange": "binance_usdm",
    "timestamp": "2024-05-01T00:00:00.120000Z",
    "sequence": 15,
    "scenario_id": "scenario-104-latency_edge",
    "agent_id": "agent-latency_edge",
    "order_id": "scenario-104-latency_edge-agent-latency_edge-15",
    "action": "new",
    "side": "sell",
    "price": 65064.9376,
    "quantity": 0.006,
    "remaining_quantity": 0.006
  },
  {
    "event_id": "fcbaa18fc49738845f5df790ebcd78084f45a8be509d2722f1b951f030e0d0bd",
    "schema_version": "1.0.0",
    "event_type": "agent_order",
    "source": "synthetic_agent",
    "symbol": "BTCUSDT",
    "exchange": "binance_usdm",
    "timestamp": "2024-05-01T00:00:00.128000Z",
    "sequence": 16,
    "scenario_id": "scenario-104-latency_edge",
    "agent_id": "agent-latency_edge",
    "order_id": "scenario-104-latency_edge-agent-latency_edge-16",
    "action": "new",
    "side": "buy",
    "price": 65143.062399999995,
    "quantity": 0.006,
    "remaining_quantity": 0.006
  },
  {
    "event_id": "55666bbed0e03bfae1913c992690e6deff19b2bf70cbca019e5a97bf966fb81c",
    "schema_version": "1.0.0",
    "event_type": "agent_order",
    "source": "synthetic_agent",
    "symbol": "BTCUSDT",
    "exchange": "binance_usdm",
    "timestamp": "2024-05-01T00:00:00.136000Z",
    "sequence": 17,
    "scenario_id": "scenario-104-latency_edge",
    "agent_id": "agent-latency_edge",
    "order_id": "scenario-104-latency_edge-agent-latency_edge-17",
    "action": "new",
    "side": "buy",
    "price": 65143.062399999995,
    "quantity": 0.006,
    "remaining_quantity": 0.006
  },
  {
    "event_id": "6a10355aa8e87463a8422e7e8bf6c62770ada97dfef74aad9ea20fee850d4c6a",
    "schema_version": "1.0.0",
    "event_type": "agent_order",
    "source": "synthetic_agent",
    "symbol": "BTCUSDT",
    "exchange": "binance_usdm",
    "timestamp": "2024-05-01T00:00:00.144000Z",
    "sequence": 18,
    "scenario_id": "scenario-104-latency_edge",
    "agent_id": "agent-latency_edge",
    "order_id": "scenario-104-latency_edge-agent-latency_edge-18",
    "action": "new",
    "side": "sell",
    "price": 65064.9376,
    "quantity": 0.006,
    "remaining_quantity": 0.006
  },
  {
    "event_id": "75cf33cc7b3dd3972850275dcac2a594f6f95fac69f0bfe3db595d3b49598fb8",
    "schema_version": "1.0.0",
    "event_type": "agent_order",
    "source": "synthetic_agent",
    "symbol": "BTCUSDT",
    "exchange": "binance_usdm",
    "timestamp": "2024-05-01T00:00:00.152000Z",
    "sequence": 19,
    "scenario_id": "scenario-104-latency_edge",
    "agent_id": "agent-latency_edge",
    "order_id": "scenario-104-latency_edge-agent-latency_edge-19",
    "action": "new",
    "side": "sell",
    "price": 65064.9376,
    "quantity": 0.006,
    "remaining_quantity": 0.006
  },
  {
    "event_id": "a0bcbbb2d3f613c4feb5f8cfb6f5ee1adc661384a0c722717dfc97f9c0a9e823",
    "schema_version": "1.0.0",
    "event_type": "agent_order",
    "source": "synthetic_agent",
    "symbol": "BTCUSDT",
    "exchange": "binance_usdm",
    "timestamp": "2024-05-01T00:00:00.160000Z",
    "sequence": 20,
    "scenario_id": "scenario-104-latency_edge",
    "agent_id": "agent-latency_edge",
    "order_id": "scenario-104-latency_edge-agent-latency_edge-20",
    "action": "new",
    "side": "buy",
    "price": 65143.062399999995,
    "quantity": 0.006,
    "remaining_quantity": 0.006
  },
  {
    "event_id": "3722c9836d6202bfea2dcce469d6bd98ba51c5650a0413960790bd4c6f15918d",
    "schema_version": "1.0.0",
    "event_type": "agent_order",
    "source": "synthetic_agent",
    "symbol": "BTCUSDT",
    "exchange": "binance_usdm",
    "timestamp": "2024-05-01T00:00:00.168000Z",
    "sequence": 21,
    "scenario_id": "scenario-104-latency_edge",
    "agent_id": "agent-latency_edge",
    "order_id": "scenario-104-latency_edge-agent-latency_edge-21",
    "action": "new",
    "side": "buy",
    "price": 65143.062399999995,
    "quantity": 0.006,
    "remaining_quantity": 0.006
  },
  {
    "event_id": "ece7358c79dfa1040de37d3c04af05c5b37402ce74c2bfaa2286f7dddc12982a",
    "schema_version": "1.0.0",
    "event_type": "agent_order",
    "source": "synthetic_agent",
    "symbol": "BTCUSDT",
    "exchange": "binance_usdm",
    "timestamp": "2024-05-01T00:00:00.176000Z",
    "sequence": 22,
    "scenario_id": "scenario-104-latency_edge",
    "agent_id": "agent-latency_edge",
    "order_id": "scenario-104-latency_edge-agent-latency_edge-22",
    "action": "new",
    "side": "sell",
    "price": 65064.9376,
    "quantity": 0.006,
    "remaining_quantity": 0.006
  },
  {
    "event_id": "a358c38b342377c40064a17b1bf8b254078d411b44396f3026460d1c99f1636a",
    "schema_version": "1.0.0",
    "event_type": "agent_order",
    "source": "synthetic_agent",
    "symbol": "BTCUSDT",
    "exchange": "binance_usdm",
    "timestamp": "2024-05-01T00:00:00.184000Z",
    "sequence": 23,
    "scenario_id": "scenario-104-latency_edge",
    "agent_id": "agent-latency_edge",
    "order_id": "scenario-104-latency_edge-agent-latency_edge-23",
    "action": "new",
    "side": "sell",
    "price": 65064.9376,
    "quantity": 0.006,
    "remaining_quantity": 0.006
  },
  {
    "event_id": "b34dd34c7936606cf5376f5b4c72fb17c7ddd4847d1fc8f29da429e411a8bb92",
    "schema_version": "1.0.0",
    "event_type": "agent_order",
    "source": "synthetic_agent",
    "symbol": "BTCUSDT",
    "exchange": "binance_usdm",
    "timestamp": "2024-05-01T00:00:00.192000Z",
    "sequence": 24,
    "scenario_id": "scenario-104-latency_edge",
    "agent_id": "agent-latency_edge",
    "order_id": "scenario-104-latency_edge-agent-latency_edge-24",
    "action": "new",
    "side": "buy",
    "price": 65143.062399999995,
    "quantity": 0.006,
    "remaining_quantity": 0.006
  },
  {
    "event_id": "a96abeaa7c28902f6f69ebd6bb62ebfd791ac6b4752ab5cef5203f6b56588376",
    "schema_version": "1.0.0",
    "event_type": "agent_order",
    "source": "synthetic_agent",
    "symbol": "BTCUSDT",
    "exchange": "binance_usdm",
    "timestamp": "2024-05-01T00:00:00.200000Z",
    "sequence": 25,
    "scenario_id": "scenario-104-latency_edge",
    "agent_id": "agent-latency_edge",
    "order_id": "scenario-104-latency_edge-agent-latency_edge-25",
    "action": "new",
    "side": "buy",
    "price": 65143.062399999995,
    "quantity": 0.006,
    "remaining_quantity": 0.006
  },
  {
    "event_id": "78452bb69494b3c0f125ac9d7078a59d15d94e7e344d179fb5f4d50dae0b1f6a",
    "schema_version": "1.0.0",
    "event_type": "agent_order",
    "source": "synthetic_agent",
    "symbol": "BTCUSDT",
    "exchange": "binance_usdm",
    "timestamp": "2024-05-01T00:00:00.208000Z",
    "sequence": 26,
    "scenario_id": "scenario-104-latency_edge",
    "agent_id": "agent-latency_edge",
    "order_id": "scenario-104-latency_edge-agent-latency_edge-26",
    "action": "new",
    "side": "sell",
    "price": 65064.9376,
    "quantity": 0.006,
    "remaining_quantity": 0.006
  },
  {
    "event_id": "b905abf89647c02054911a1100b6dade793174aa505f9dfccdf8147166c6c299",
    "schema_version": "1.0.0",
    "event_type": "agent_order",
    "source": "synthetic_agent",
    "symbol": "BTCUSDT",
    "exchange": "binance_usdm",
    "timestamp": "2024-05-01T00:00:00.216000Z",
    "sequence": 27,
    "scenario_id": "scenario-104-latency_edge",
    "agent_id": "agent-latency_edge",
    "order_id": "scenario-104-latency_edge-agent-latency_edge-27",
    "action": "new",
    "side": "sell",
    "price": 65064.9376,
    "quantity": 0.006,
    "remaining_quantity": 0.006
  },
  {
    "event_id": "67e7fec368b78ca474329357382b06e2d9bc332639ca5b2c463462126d78a6e0",
    "schema_version": "1.0.0",
    "event_type": "agent_order",
    "source": "synthetic_agent",
    "symbol": "BTCUSDT",
    "exchange": "binance_usdm",
    "timestamp": "2024-05-01T00:00:00.224000Z",
    "sequence": 28,
    "scenario_id": "scenario-104-latency_edge",
    "agent_id": "agent-latency_edge",
    "order_id": "scenario-104-latency_edge-agent-latency_edge-28",
    "action": "new",
    "side": "buy",
    "price": 65143.062399999995,
    "quantity": 0.006,
    "remaining_quantity": 0.006
  },
  {
    "event_id": "45504d892cd620f93ba0fe80d91f05895b322d06757e5ae43269461a25f3d00d",
    "schema_version": "1.0.0",
    "event_type": "agent_order",
    "source": "synthetic_agent",
    "symbol": "BTCUSDT",
    "exchange": "binance_usdm",
    "timestamp": "2024-05-01T00:00:00.232000Z",
    "sequence": 29,
    "scenario_id": "scenario-104-latency_edge",
    "agent_id": "agent-latency_edge",
    "order_id": "scenario-104-latency_edge-agent-latency_edge-29",
    "action": "new",
    "side": "buy",
    "price": 65143.062399999995,
    "quantity": 0.006,
    "remaining_quantity": 0.006
  }
]