[
  {
    "event_id": "b2d56332dbdafebf538c814c1d3720ba790defe26d09e238313c50d99993bdd7",
    "schema_version": "1.0.0",
    "event_type": "agent_order",
    "source": "synthetic_agent",
    "symbol": "BTCUSDT",
    "exchange": "binance_usdm",
    "timestamp": "2024-05-01T00:00:00Z",
    "sequence": 0,
    "scenario_id": "scenario-440-latency_edge",
    "agent_id": "agent-latency_edge",
    "order_id": "scenario-440-latency_edge-agent-latency_edge-0",
    "action": "new",
    "side": "buy",
    "price": 65479.263999999996,
    "quantity": 0.006,
    "remaining_quantity": 0.006
  },
  {
    "event_id": "6829abd4de6624f9b39b996a9c83d2c572225e1267ffd7aec7eaf070946b0691",
    "schema_version": "1.0.0",
    "event_type": "agent_order",
    "source": "synthetic_agent",
    "symbol": "BTCUSDT",
    "exchange": "binance_usdm",
    "timestamp": "2024-05-01T00:00:00.008000Z",
    "sequence": 1,
    "scenario_id": "scenario-440-latency_edge",
    "agent_id": "agent-latency_edge",
    "order_id": "scenario-440-latency_edge-agent-latency_edge-1",
    "action": "new",
    "side": "buy",
    "price": 65479.263999999996,
    "quantity": 0.006,
    "remaining_quantity": 0.006
  },
  {
    "event_id": "7c99fa906832f7842fb7bde8d56fcf90fcdc25919ded7d44773a296ef2093163",
    "schema_version": "1.0.0",
    "event_type": "agent_order",
    "source": "synthetic_agent",
    "symbol": "BTCUSDT",
    "exchange": "binance_usdm",
    "timestamp": "2024-05-01T00:00:00.016000Z",
    "sequence": 2,
    "scenario_id": "scenario-440-latency_edge",
    "agent_id": "agent-latency_edge",
    "order_id": "scenario-440-latency_edge-agent-latency_edge-2",
    "action": "new",
    "side": "sell",
    "price": 65400.736,
    "quantity": 0.006,
    "remaining_quantity": 0.006
  },
  {
    "event_id": "fb1e679327a69a45018bd86aa7e1f4b51727cc700435dcc4d07af336d313fac0",
    "schema_version": "1.0.0",
    "event_type": "agent_order",
    "source": "synthetic_agent",
    "symbol": "BTCUSDT",
    "exchange": "binance_usdm",
    "timestamp": "2024-05-01T00:00:00.024000Z",
    "sequence": 3,
    "scenario_id": "scenario-440-latency_edge",
    "agent_id": "agent-latency_edge",
    "order_id": "scenario-440-latency_edge-agent-latency_edge-3",
    "action": "new",
    "side": "sell",
    "price": 65400.736,
    "quantity": 0.006,
    "remaining_quantity": 0.006
  },
  {
    "event_id": "31c9811f458791ecb0764f916fb5b42780780ff4479120d7b86c1d04280a17ec",
    "schema_version": "1.0.0",
    "event_type": "agent_order",
    "source": "synthetic_agent",
    "symbol": "BTCUSDT",
    "exchange": "binance_usdm",
    "timestamp": "2024-05-01T00:00:00.032000Z",
    "sequence": 4,
    "scenario_id": "scenario-440-latency_edge",
    "agent_id": "agent-latency_edge",
    "order_id": "scenario-440-latency_edge-agent-latency_edge-4",
    "action": "new",
    "side": "buy",
    "price": 65479.263999999996,
    "quantity": 0.006,
    "remaining_quantity": 0.006
  },
  {
    "event_id": "e978624ee40be2a89886c4e4eef5f1a8c7dc12536b0366dd6c12cd634e716ae7",
    "schema_version": "1.0.0",
    "event_type": "agent_order",
    "source": "synthetic_agent",
    "symbol": "BTCUSDT",
    "exchange": "binance_usdm",
    "timestamp": "2024-05-01T00:00:00.040000Z",
    "sequence": 5,
    "scenario_id": "scenario-440-latency_edge",
    "agent_id": "agent-latency_edge",
    "order_id": "scenario-440-latency_edge-agent-latency_edge-5",
    "action": "new",
    "side": "buy",
    "price": 65479.263999999996,
    "quantity": 0.006,
    "remaining_quantity": 0.006
  },
  {
    "event_id": "f9765020991cba7db92fdfcf6103ac41de04403949f104ea573f3e4505557d3c",
    "schema_version": "1.0.0",
    "event_type": "agent_order",
    "source": "synthetic_agent",
    "symbol": "BTCUSDT",
    "exchange": "binance_usdm",
    "timestamp": "2024-05-01T00:00:00.048000Z",
    "sequence": 6,
    "scenario_id": "scenario-440-latency_edge",
    "agent_id": "agent-latency_edge",
    "order_id": "scenario-440-latency_edge-agent-latency_edge-6",
    "action": "new",
    "side": "sell",
    "price": 65400.736,
    "quantity": 0.006,
    "remaining_quantity": 0.006
  },
  {
    "event_id": "567d6b15a3272e1bcc3ff03bc24abec44857e0743a7e7d32ad4e5fe9c7d25e16",
    "schema_version": "1.0.0",
    "event_type": "agent_order",
    "source": "synthetic_agent",
    "symbol": "BTCUSDT",
    "exchange": "binance_usdm",
    "timestamp": "2024-05-01T00:00:00.056000Z",
    "sequence": 7,
    "scenario_id": "scenario-440-latency_edge",
    "agent_id": "agent-latency_edge",
    "order_id": "scenario-440-latency_edge-agent-latency_edge-7",
    "action": "new",
    "side": "sell",
    "price": 65400.736,
    "quantity": 0.006,
    "remaining_quantity": 0.006
  },
  {
    "event_id": "abc1716c1a6c917e50fd5ab3b4aec005bb93a0bcc8d65af6323796c9eec7eec5",
    "schema_version": "1.0.0",
    "event_type": "agent_order",
    "source": "synthetic_agent",
    "symbol": "BTCUSDT",
    "exchange": "binance_usdm",
    "timestamp": "2024-05-01T00:00:00.064000Z",
    "sequence": 8,
    "scenario_id": "scenario-440-latency_edge",
    "agent_id": "agent-latency_edge",
    "order_id": "scenario-440-latency_edge-agent-latency_edge-8",
    "action": "new",
    "side": "buy",
    "price": 65479.263999999996,
    "quantity": 0.006,
    "remaining_quantity": 0.006
  },
  {
    "event_id": "789cb4055d7e522f9ffbb541e84458a9b1e23b3545a3f119f1ab388b7b3e9adc",
    "schema_version": "1.0.0",
    "event_type": "agent_order",
    "source": "synthetic_agent",
    "symbol": "BTCUSDT",
    "exchange": "binance_usdm",
    "timestamp": "2024-05-01T00:00:00.072000Z",
    "sequence": 9,
    "scenario_id": "scenario-440-latency_edge",
    "agent_id": "agent-latency_edge",
    "order_id": "scenario-440-latency_edge-agent-latency_edge-9",
    "action": "new",
    "side": "buy",
    "price": 65479.263999999996,
    "quantity": 0.006,
    "remaining_quantity": 0.006
  },
  {
    "event_id": "0f392e426af33681f83afe91ae5aa14ccfbb44d41f04c88f8edd54c16f733f76",
    "schema_version": "1.0.0",
    "event_type": "agent_order",
    "source": "synthetic_agent",
    "symbol": "BTCUSDT",
    "exchange": "binance_usdm",
    "timestamp": "2024-05-01T00:00:00.080000Z",
    "sequence": 10,
    "scenario_id": "scenario-440-latency_edge",
    "agent_id": "agent-latency_edge",
    "order_id": "scenario-440-latency_edge-agent-latency_edge-10",
    "action": "new",
    "side": "sell",
    "price": 65400.736,
    "quantity": 0.006,
    "remaining_quantity": 0.006
  },
  {
    "event_id": "66859b9ad985fd22a189384c43b962093bb4a693c9cd6d5a2d245c7de688f648",
    "schema_version": "1.0.0",
    "event_type": "agent_order",
    "source": "synthetic_agent",
    "symbol": "BTCUSDT",
    "exchange": "binance_usdm",
    "timestamp": "2024-05-01T00:00:00.088000Z",
    "sequence": 11,
    "scenario_id": "scenario-440-latency_edge",
    "agent_id": "agent-latency_edge",
    "order_id": "scenario-440-latency_edge-agent-latency_edge-11",
    "action": "new",
    "side": "sell",
    "price": 65400.736,
    "quantity": 0.006,
    "remaining_quantity": 0.006
  },
  {
    "event_id": "04ebc132530aff8099bc1a9a2f92c1fe36d751d2ab0691db77eef1a95033a222",
    "schema_version": "1.0.0",
    "event_type": "agent_order",
    "source": "synthetic_agent",
    "symbol": "BTCUSDT",
    "exchange": "binance_usdm",
    "timestamp": "2024-05-01T00:00:00.096000Z",
    "sequence": 12,
    "scenario_id": "scenario-440-latency_edge",
    "agent_id": "agent-latency_edge",
    "order_id": "scenario-440-latency_edge-agent-latency_edge-12",
    "action": "new",
    "side": "buy",
    "price": 65479.263999999996,
    "quantity": 0.006,
    "remaining_quantity": 0.006
  },
  {
    "event_id": "00782bfc92f6eed9a7260dc3c970904ff709dac1629e0c42d9f6367e4ce46132",
    "schema_version": "1.0.0",
    "event_type": "agent_order",
    "source": "synthetic_agent",
    "symbol": "BTCUSDT",
    "exchange": "binance_usdm",
    "timestamp": "2024-05-01T00:00:00.104000Z",
    "sequence": 13,
    "scenario_id": "scenario-440-latency_edge",
    "agent_id": "agent-latency_edge",
    "order_id": "scenario-440-latency_edge-agent-latency_edge-13",
    "action": "new",
    "side": "buy",
    "price": 65479.263999999996,
    "quantity": 0.006,
    "remaining_quantity": 0.006
  },
  {
    "event_id": "c36235a96368fdaa19b8fd9e87a4c80b72aeb58e4bd9d45f406bdfb72ec49625",
    "schema_version": "1.0.0",
    "event_type": "agent_order",
    "source": "synthetic_agent",
    "symbol": "BTCUSDT",
    "exchange": "binance_usdm",
    "timestamp": "2024-05-01T00:00:00.112000Z",
    "sequence": 14,
    "scenario_id": "scenario-440-latency_edge",
    "agent_id": "agent-latency_edge",
    "order_id": "scenario-440-latency_edge-agent-latency_edge-14",
    "action": "new",
    "side": "sell",
    "price": 65400.736,
    "quantity": 0.006,
    "remaining_quantity": 0.006
  },
  {
    "event_id": "63971da011605f9dd60ed69f26ecfabe70b91ddcda5ea250bf22acbb6a51d340",
    "schema_version": "1.0.0",
    "event_type": "agent_order",
    "source": "synthetic_agent",
    "symbol": "BTCUSDT",
    "exchange": "binance_usdm",
    "timestamp": "2024-05-01T00:00:00.120000Z",
    "sequence": 15,
    "scenario_id": "scenario-440-latency_edge",
    "agent_id": "agent-latency_edge",
    "order_id": "scenario-440-latency_edge-agent-latency_edge-15",
    "action": "new",
    "side": "sell",
    "price": 65400.736,
    "quantity": 0.006,
    "remaining_quantity": 0.006
  },
  {
    "event_id": "a29648fe730fa59d8e71e739f0be2ba31e9c292f9f145626e0172d933f6a2f3f",
    "schema_version": "1.0.0",
    "event_type": "agent_order",
    "source": "synthetic_agent",
    "symbol": "BTCUSDT",
    "exchange": "binance_usdm",
    "timestamp": "2024-05-01T00:00:00.128000Z",
    "sequence": 16,
    "scenario_id": "scenario-440-latency_edge",
    "agent_id": "agent-latency_edge",
    "order_id": "scenario-440-latency_edge-agent-latency_edge-16",
    "action": "new",
    "side": "buy",
    "price": 65479.263999999996,
    "quantity": 0.006,
    "remaining_quantity": 0.006
  },
  {
    "event_id": "a956e810097e195a47a1a133e25b25c449c3b6a02199f1d44de437d5f02b8bd2",
    "schema_version": "1.0.0",
    "event_type": "agent_order",
    "source": "synthetic_agent",
    "symbol": "BTCUSDT",
    "exchange": "binance_usdm",
    "timestamp": "2024-05-01T00:00:00.136000Z",
    "sequence": 17,
    "scenario_id": "scenario-440-latency_edge",
    "agent_id": "agent-latency_edge",
    "order_id": "scenario-440-latency_edge-agent-latency_edge-17",
    "action": "new",
    "side": "buy",
    "price": 65479.263999999996,
    "quantity": 0.006,
    "remaining_quantity": 0.006
  },
  {
    "event_id": "c4643b9eb96c0df043c07b32957d2b4f6df489e8f02b13fa1d122064aeb7bba7",
    "schema_version": "1.0.0",
    "event_type": "agent_order",
    "source": "synthetic_agent",
    "symbol": "BTCUSDT",
    "exchange": "binance_usdm",
    "timestamp": "2024-05-01T00:00:00.144000Z",
    "sequence": 18,
    "scenario_id": "scenario-440-latency_edge",
    "agent_id": "agent-latency_edge",
    "order_id": "scenario-440-latency_edge-agent-latency_edge-18",
    "action": "new",
    "side": "sell",
    "price": 65400.736,
    "quantity": 0.006,
    "remaining_quantity": 0.006
  },
  {
    "event_id": "1f519e7208a7f6a829b29e0db26deb12aa5b02eb79c34a1caac2820268977a33",
    "schema_version": "1.0.0",
    "event_type": "agent_order",
    "source": "synthetic_agent",
    "symbol": "BTCUSDT",
    "exchange": "binance_usdm",
    "timestamp": "2024-05-01T00:00:00.152000Z",
    "sequence": 19,
    "scenario_id": "scenario-440-latency_edge",
    "agent_id": "agent-latency_edge",
    "order_id": "scenario-440-latency_edge-agent-latency_edge-19",
    "action": "new",
    "side": "sell",
    "price": 65400.736,
    "quantity": 0.006,
    "remaining_quantity": 0.006
  },
  {
    "event_id": "fd89cc47d06efd72a807880e65721495d536ec96b16bc9d3f8398f896b65a78d",
    "schema_version": "1.0.0",
    "event_type": "agent_order",
    "source": "synthetic_agent",
    "symbol": "BTCUSDT",
    "exchange": "binance_usdm",
    "timestamp": "2024-05-01T00:00:00.160000Z",
    "sequence": 20,
    "scenario_id": "scenario-440-latency_edge",
    "agent_id": "agent-latency_edge",
    "order_id": "scenario-440-latency_edge-agent-latency_edge-20",
    "action": "new",
    "side": "buy",
    "price": 65479.263999999996,
    "quantity": 0.006,
    "remaining_quantity": 0.006
  },
  {
    "event_id": "5bf65a9a487a846839594bf028f4cb88956ffe4b02bfd52ca6c37a003140aa50",
    "schema_version": "1.0.0",
    "event_type": "agent_order",
    "source": "synthetic_agent",
    "symbol": "BTCUSDT",
    "exchange": "binance_usdm",
    "timestamp": "2024-05-01T00:00:00.168000Z",
    "sequence": 21,
    "scenario_id": "scenario-440-latency_edge",
    "agent_id": "agent-latency_edge",
    "order_id": "scenario-440-latency_edge-agent-latency_edge-21",
    "action": "new",
    "side": "buy",
    "price": 65479.263999999996,
    "quantity": 0.006,
    "remaining_quantity": 0.006
  },
  {
    "event_id": "ef3f0b3c003c0a6d7f2a3ca2252f6c80e260f4f8d136b66d0b30be7b9306210c",
    "schema_version": "1.0.0",
    "event_type": "agent_order",
    "source": "synthetic_agent",
    "symbol": "BTCUSDT",
    "exchange": "binance_usdm",
    "timestamp": "2024-05-01T00:00:00.176000Z",
    "sequence": 22,
    "scenario_id": "scenario-440-latency_edge",
    "agent_id": "agent-latency_edge",
    "order_id": "scenario-440-latency_edge-agent-latency_edge-22",
    "action": "new",
    "side": "sell",
    "price": 65400.736,
    "quantity": 0.006,
    "remaining_quantity": 0.006
  },
  {
    "event_id": "08979596ef5c925181ff9fcb6f692d4fbbf1e05b4f59e3e1aaa32a7410e64992",
    "schema_version": "1.0.0",
    "event_type": "agent_order",
    "source": "synthetic_agent",
    "symbol": "BTCUSDT",
    "exchange": "binance_usdm",
    "timestamp": "2024-05-01T00:00:00.184000Z",
    "sequence": 23,
    "scenario_id": "scenario-440-latency_edge",
    "agent_id": "agent-latency_edge",
    "order_id": "scenario-440-latency_edge-agent-latency_edge-23",
    "action": "new",
    "side": "sell",
    "price": 65400.736,
    "quantity": 0.006,
    "remaining_quantity": 0.006
  },
  {
    "event_id": "66208758958e31bc519d38f39f56a9a1fa3d3d25bc617852f355ab2afcc72059",
    "schema_version": "1.0.0",
    "event_type": "agent_order",
    "source": "synthetic_agent",
    "symbol": "BTCUSDT",
    "exchange": "binance_usdm",
    "timestamp": "2024-05-01T00:00:00.192000Z",
    "sequence": 24,
    "scenario_id": "scenario-440-latency_edge",
    "agent_id": "agent-latency_edge",
    "order_id": "scenario-440-latency_edge-agent-latency_edge-24",
    "action": "new",
    "side": "buy",
    "price": 65479.263999999996,
    "quantity": 0.006,
    "remaining_quantity": 0.006
  },
  {
    "event_id": "b297968c615eaadbd9a1557d366c0158662cc40666d81ccefcf34956e08e45c3",
    "schema_version": "1.0.0",
    "event_type": "agent_order",
    "source": "synthetic_agent",
    "symbol": "BTCUSDT",
    "exchange": "binance_usdm",
    "timestamp": "2024-05-01T00:00:00.200000Z",
    "sequence": 25,
    "scenario_id": "scenario-440-latency_edge",
    "agent_id": "agent-latency_edge",
    "order_id": "scenario-440-latency_edge-agent-latency_edge-25",
    "action": "new",
    "side": "buy",
    "price": 65479.263999999996,
    "quantity": 0.006,
    "remaining_quantity": 0.006
  },
  {
    "event_id": "67e31dbe911868dfddfc21e2bd44bb5acdc60e270ba569a20983b7ea0c764e6b",
    "schema_version": "1.0.0",
    "event_type": "agent_order",
    "source": "synthetic_agent",
    "symbol": "BTCUSDT",
    "exchange": "binance_usdm",
    "timestamp": "2024-05-01T00:00:00.208000Z",
    "sequence": 26,
    "scenario_id": "scenario-440-latency_edge",
    "agent_id": "agent-latency_edge",
    "order_id": "scenario-440-latency_edge-agent-latency_edge-26",
    "action": "new",
    "side": "sell",
    "price": 65400.736,
    "quantity": 0.006,
    "remaining_quantity": 0.006
  },
  {
    "event_id": "5eb37863aac2072a130ba0e742f0fb347da590f9e872e65aa5eb8cbe17e50e31",
    "schema_version": "1.0.0",
    "event_type": "agent_order",
    "source": "synthetic_agent",
    "symbol": "BTCUSDT",
    "exchange": "binance_usdm",
    "timestamp": "2024-05-01T00:00:00.216000Z",
    "sequence": 27,
    "scenario_id": "scenario-440-latency_edge",
    "agent_id": "agent-latency_edge",
    "order_id": "scenario-440-latency_edge-agent-latency_edge-27",
    "action": "new",
    "side": "sell",
    "price": 65400.736,
    "quantity": 0.006,
    "remaining_quantity": 0.006
  },
  {
    "event_id": "c18a889851f5113c3e06068251a9d31ad09d466136df09f78eacaaeaf2025d72",
    "schema_version": "1.0.0",
    "event_type": "agent_order",
    "source": "synthetic_agent",
    "symbol": "BTCUSDT",
    "exchange": "binance_usdm",
    "timestamp": "2024-05-01T00:00:00.224000Z",
    "sequence": 28,
    "scenario_id": "scenario-440-latency_edge",
    "agent_id": "agent-latency_edge",
    "order_id": "scenario-440-latency_edge-agent-latency_edge-28",
    "action": "new",
    "side": "buy",
    "price": 65479.263999999996,
    "quantity": 0.006,
    "remaining_quantity": 0.006
  },
  {
    "event_id": "cb690c84f3652c7185928f5820c08964425414ec82a145e28e99c5631b2f61f6",
    "schema_version": "1.0.0",
    "event_type": "agent_order",
    "source": "synthetic_agent",
    "symbol": "BTCUSDT",
    "exchange": "binance_usdm",
    "timestamp": "2024-05-01T00:00:00.232000Z",
    "sequence": 29,
    "scenario_id": "scenario-440-latency_edge",
    "agent_id": "agent-latency_edge",
    "order_id": "scenario-440-latency_edge-agent-latency_edge-29",
    "action": "new",
    "side": "buy",
    "price": 65479.263999999996,
    "quantity": 0.006,
    "remaining_quantity": 0.006
  }
]