[
  {
    "event_id": "c4418933a5a2cd016c6751c44218898faeccb091ce3be04f68f719b7a43bba28",
    "schema_version": "1.0.0",
    "event_type": "agent_order",
    "source": "synthetic_agent",
    "symbol": "BTCUSDT",
    "exchange": "binance_usdm",
    "timestamp": "2024-05-01T00:00:00Z",
    "sequence": 0,
    "scenario_id": "scenario-592-quote_stuffing",
    "agent_id": "agent-quote_stuffing",
    "order_id": "scenario-592-quote_stuffing-agent-quote_stuffing-0",
    "action": "new",
    "side": "buy",
    "price": 65585.4408,
    "quantity": 0.001,
    "remaining_quantity": 0.001
  },
  {
    "event_id": "cd58269532860669e3e189dc89928c13d4acbfdce0736c04ffddecf6c60d78b5",
    "schema_version": "1.0.0",
    "event_type": "agent_order",
    "source": "synthetic_agent",
    "symbol": "BTCUSDT",
    "exchange": "binance_usdm",
    "timestamp": "2024-05-01T00:00:00.005000Z",
    "sequence": 1,
    "scenario_id": "scenario-592-quote_stuffing",
    "agent_id": "agent-quote_stuffing",
    "order_id": "scenario-592-quote_stuffing-agent-quote_stuffing-1",
    "action": "new",
    "side": "sell",
    "price": 65598.5592,
    "quantity": 0.001,
    "remaining_quantity": 0.001
  },
  {
    "event_id": "152bb4d2b3fde137b53826d2b5293cc8a518652737872f40cb76d2058470065c",
    "schema_version": "1.0.0",
    "event_type": "agent_order",
    "source": "synthetic_agent",
    "symbol": "BTCUSDT",
    "exchange": "binance_usdm",
    "timestamp": "2024-05-01T00:00:00.010000Z",
    "sequence": 2,
    "scenario_id": "scenario-592-quote_stuffing",
    "agent_id": "agent-quote_stuffing",
    "order_id": "scenario-592-quote_stuffing-agent-quote_stuffing-2",
    "action": "new",
    "side": "buy",
    "price": 65585.4408,
    "quantity": 0.001,
    "remaining_quantity": 0.001
  },
  {
    "event_id": "022741021bb31f81ac77c4fec883faaefa12cd8c4a73a83debf597eafe701371",
    "schema_version": "1.0.0",
    "event_type": "agent_order",
    "source": "synthetic_agent",
    "symbol": "BTCUSDT",
    "exchange": "binance_usdm",
    "timestamp": "2024-05-01T00:00:00.015000Z",
    "sequence": 3,
    "scenario_id": "scenario-592-quote_stuffing",
    "agent_id": "agent-quote_stuffing",
    "order_id": "scenario-592-quote_stuffing-agent-quote_stuffing-3",
    "action": "new",
    "side": "sell",
    "price": 65598.5592,
    "quantity": 0.001,
    "remaining_quantity": 0.001
  },
  {
    "event_id": "fa58863e51fe9765630e7658f6b01f6d408bcb1e7c4d0dd85eba652f238c78fa",
    "schema_version": "1.0.0",
    "event_type": "agent_order",
    "source": "synthetic_agent",
    "symbol": "BTCUSDT",
    "exchange": "binance_usdm",
    "timestamp": "2024-05-01T00:00:00.020000Z",
    "sequence": 4,
    "scenario_id": "scenario-592-quote_stuffing",
    "agent_id": "agent-quote_stuffing",
    "order_id": "scenario-592-quote_stuffing-agent-quote_stuffing-4",
    "action": "new",
    "side": "buy",
    "price": 65585.4408,
    "quantity": 0.001,
    "remaining_quantity": 0.001
  },
  {
    "event_id": "5fc72909ca195272f87d5c71dcfaae57edf2ab0124ab1ab568d05d0605109875",
    "schema_version": "1.0.0",
    "event_type": "agent_order",
    "source": "synthetic_agent",
    "symbol": "BTCUSDT",
    "exchange": "binance_usdm",
    "timestamp": "2024-05-01T00:00:00.025000Z",
    "sequence": 5,
    "scenario_id": "scenario-592-quote_stuffing",
    "agent_id": "agent-quote_stuffing",
    "order_id": "scenario-592-quote_stuffing-agent-quote_stuffing-5",
    "action": "new",
    "side": "sell",
    "price": 65598.5592,
    "quantity": 0.001,
    "remaining_quantity": 0.001
  },
  {
    "event_id": "29f9b1ddc005254b891a65b866311aea7b6e89a083a613608b7354b2425930c0",
    "schema_version": "1.0.0",
    "event_type": "agent_order",
    "source": "synthetic_agent",
    "symbol": "BTCUSDT",
    "exchange": "binance_usdm",
    "timestamp": "2024-05-01T00:00:00.030000Z",
    "sequence": 6,
    "scenario_id": "scenario-592-quote_stuffing",
    "agent_id": "agent-quote_stuffing",
    "order_id": "scenario-592-quote_stuffing-agent-quote_stuffing-6",
    "action": "new",
    "side": "buy",
    "price": 65585.4408,
    "quantity": 0.001,
    "remaining_quantity": 0.001
  },
  {
    "event_id": "03849e9693a9c03a554a9ead08e362d423f7178c5fe554c8c257f84a0f85663d",
    "schema_version": "1.0.0",
    "event_type": "agent_order",
    "source": "synthetic_agent",
    "symbol": "BTCUSDT",
    "exchange": "binance_usdm",
    "timestamp": "2024-05-01T00:00:00.035000Z",
    "sequence": 7,
    "scenario_id": "scenario-592-quote_stuffing",
    "agent_id": "agent-quote_stuffing",
    "order_id": "scenario-592-quote_stuffing-agent-quote_stuffing-7",
    "action": "new",
    "side": "sell",
    "price": 65598.5592,
    "quantity": 0.001,
    "remaining_quantity": 0.001
  },
  {
    "event_id": "63310f384926730a4fed45fd8ff012b7fd7c3ca1773726cb0acdb717a8ba24ce",
    "schema_version": "1.0.0",
    "event_type": "agent_order",
    "source": "synthetic_agent",
    "symbol": "BTCUSDT",
    "exchange": "binance_usdm",
    "timestamp": "2024-05-01T00:00:00.040000Z",
    "sequence": 8,
    "scenario_id": "scenario-592-quote_stuffing",
    "agent_id": "agent-quote_stuffing",
    "order_id": "scenario-592-quote_stuffing-agent-quote_stuffing-8",
    "action": "new",
    "side": "buy",
    "price": 65585.4408,
    "quantity": 0.001,
    "remaining_quantity": 0.001
  },
  {
    "event_id": "c2de59b769aaf15e8a61e1fbde6ce490a1b00e3e6294cdadbc1d1a91f4d9a72f",
    "schema_version": "1.0.0",
    "event_type": "agent_order",
    "source": "synthetic_agent",
    "symbol": "BTCUSDT",
    "exchange": "binance_usdm",
    "timestamp": "2024-05-01T00:00:00.045000Z",
    "sequence": 9,
    "scenario_id": "scenario-592-quote_stuffing",
    "agent_id": "agent-quote_stuffing",
    "order_id": "scenario-592-quote_stuffing-agent-quote_stuffing-9",
    "action": "new",
    "side": "sell",
    "price": 65598.5592,
    "quantity": 0.001,
    "remaining_quantity": 0.001
  },
  {
    "event_id": "99e2036ba9313760bb2e41c08af2c3b2052bf678ffe2ff684b5b1b497c39210b",
    "schema_version": "1.0.0",
    "event_type": "agent_order",
    "source": "synthetic_agent",
    "symbol": "BTCUSDT",
    "exchange": "binance_usdm",
    "timestamp": "2024-05-01T00:00:00.050000Z",
    "sequence": 10,
    "scenario_id": "scenario-592-quote_stuffing",
    "agent_id": "agent-quote_stuffing",
    "order_id": "scenario-592-quote_stuffing-agent-quote_stuffing-10",
    "action": "new",
    "side": "buy",
    "price": 65585.4408,
    "quantity": 0.001,
    "remaining_quantity": 0.001
  },
  {
    "event_id": "90aa56fce1585ee541b6f812cab1b60878320a0647140bd35d545d37f92873fc",
    "schema_version": "1.0.0",
    "event_type": "agent_order",
    "source": "synthetic_agent",
    "symbol": "BTCUSDT",
    "exchange": "binance_usdm",
    "timestamp": "2024-05-01T00:00:00.055000Z",
    "sequence": 11,
    "scenario_id": "scenario-592-quote_stuffing",
    "agent_id": "agent-quote_stuffing",
    "order_id": "scenario-592-quote_stuffing-agent-quote_stuffing-11",
    "action": "new",
    "side": "sell",
    "price": 65598.5592,
    "quantity": 0.001,
    "remaining_quantity": 0.001
  },
  {
    "event_id": "7c40abd33b7c7e7f08b39b42f7b7f81671e3de7bb1f4bc8d8642e18e86bb58e1",
    "schema_version": "1.0.0",
    "event_type": "agent_order",
    "source": "synthetic_agent",
    "symbol": "BTCUSDT",
    "exchange": "binance_usdm",
    "timestamp": "2024-05-01T00:00:00.060000Z",
    "sequence": 12,
    "scenario_id": "scenario-592-quote_stuffing",
    "agent_id": "agent-quote_stuffing",
    "order_id": "scenario-592-quote_stuffing-agent-quote_stuffing-12",
    "action": "new",
    "side": "buy",
    "price": 65585.4408,
    "quantity": 0.001,
    "remaining_quantity": 0.001
  },
  {
    "event_id": "050d9cc544ce4d590e72070cf80c9945cc38eab3a362be7c2c9fe6af30f7f58b",
    "schema_version": "1.0.0",
    "event_type": "agent_order",
    "source": "synthetic_agent",
    "symbol": "BTCUSDT",
    "exchange": "binance_usdm",
    "timestamp": "2024-05-01T00:00:00.065000Z",
    "sequence": 13,
    "scenario_id": "scenario-592-quote_stuffing",
    "agent_id": "agent-quote_stuffing",
    "order_id": "scenario-592-quote_stuffing-agent-quote_stuffing-13",
    "action": "new",
    "side": "sell",
    "price": 65598.5592,
    "quantity": 0.001,
    "remaining_quantity": 0.001
  },
  {
    "event_id": "4b92eeee7a048b1da5e9f826ba4585d578d2a8a408164feaedd481a8dafa34be",
    "schema_version": "1.0.0",
    "event_type": "agent_order",
    "source": "synthetic_agent",
    "symbol": "BTCUSDT",
    "exchange": "binance_usdm",
    "timestamp": "2024-05-01T00:00:00.070000Z",
    "sequence": 14,
    "scenario_id": "scenario-592-quote_stuffing",
    "agent_id": "agent-quote_stuffing",
    "order_id": "scenario-592-quote_stuffing-agent-quote_stuffing-14",
    "action": "new",
    "side": "buy",
    "price": 65585.4408,
    "quantity": 0.001,
    "remaining_quantity": 0.001
  },
  {
    "event_id": "d6d06347ffe1404a0bf174a31439ca2c707f70f60d840e42088579cd8508e0ec",
    "schema_version": "1.0.0",
    "event_type": "agent_order",
    "source": "synthetic_agent",
    "symbol": "BTCUSDT",
    "exchange": "binance_usdm",
    "timestamp": "2024-05-01T00:00:00.075000Z",
    "sequence": 15,
    "scenario_id": "scenario-592-quote_stuffing",
    "agent_id": "agent-quote_stuffing",
    "order_id": "scenario-592-quote_stuffing-agent-quote_stuffing-15",
    "action": "new",
    "side": "sell",
    "price": 65598.5592,
    "quantity": 0.001,
    "remaining_quantity": 0.001
  },
  {
    "event_id": "eca4465706d9c660712374b546f98e6d5e42988550dd54207a45b9be08e23a4b",
    "schema_version": "1.0.0",
    "event_type": "agent_order",
    "source": "synthetic_agent",
    "symbol": "BTCUSDT",
    "exchange": "binance_usdm",
    "timestamp": "2024-05-01T00:00:00.080000Z",
    "sequence": 16,
    "scenario_id": "scenario-592-quote_stuffing",
    "agent_id": "agent-quote_stuffing",
    "order_id": "scenario-592-quote_stuffing-agent-quote_stuffing-16",
    "action": "new",
    "side": "buy",
    "price": 65585.4408,
    "quantity": 0.001,
    "remaining_quantity": 0.001
  },
  {
    "event_id": "eddb9da3f5648bb05e7cd04cfee3de055011fa6f2023f33730c1ed59b2ea5faf",
    "schema_version": "1.0.0",
    "event_type": "agent_order",
    "source": "synthetic_agent",
    "symbol": "BTCUSDT",
    "exchange": "binance_usdm",
    "timestamp": "2024-05-01T00:00:00.085000Z",
    "sequence": 17,
    "scenario_id": "scenario-592-quote_stuffing",
    "agent_id": "agent-quote_stuffing",
    "order_id": "scenario-592-quote_stuffing-agent-quote_stuffing-17",
    "action": "new",
    "side": "sell",
    "price": 65598.5592,
    "quantity": 0.001,
    "remaining_quantity": 0.001
  },
  {
    "event_id": "a4d635406f0ac76e0c8d1878f2f6229abf5b9845bc796a2499e959b71addbcbd",
    "schema_version": "1.0.0",
    "event_type": "agent_order",
    "source": "synthetic_agent",
    "symbol": "BTCUSDT",
    "exchange": "binance_usdm",
    "timestamp": "2024-05-01T00:00:00.090000Z",
    "sequence": 18,
    "scenario_id": "scenario-592-quote_stuffing",
    "agent_id": "agent-quote_stuffing",
    "order_id": "scenario-592-quote_stuffing-agent-quote_stuffing-18",
    "action": "new",
    "side": "buy",
    "price": 65585.4408,
    "quantity": 0.001,
    "remaining_quantity": 0.001
  },
  {
    "event_id": "3fa653c89edfd1cddcf80d36ac95b0b51c6aaf217e3aa77812dabc9a51df419b",
    "schema_version": "1.0.0",
    "event_type": "agent_order",
    "source": "synthetic_agent",
    "symbol": "BTCUSDT",
    "exchange": "binance_usdm",
    "timestamp": "2024-05-01T00:00:00.095000Z",
    "sequence": 19,
    "scenario_id": "scenario-592-quote_stuffing",
    "agent_id": "agent-quote_stuffing",
    "order_id": "scenario-592-quote_stuffing-agent-quote_stuffing-19",
    "action": "new",
    "side": "sell",
    "price": 65598.5592,
    "quantity": 0.001,
    "remaining_quantity": 0.001
  },
  {
    "event_id": "9a2d95d9f67358e54c6e457d5de23038316ea4cb48156d43d9dd607385dfa6f3",
    "schema_version": "1.0.0",
    "event_type": "agent_order",
    "source": "synthetic_agent",
    "symbol": "BTCUSDT",
    "exchange": "binance_usdm",
    "timestamp": "2024-05-01T00:00:00.100000Z",
    "sequence": 20,
    "scenario_id": "scenario-592-quote_stuffing",
    "agent_id": "agent-quote_stuffing",
    "order_id": "scenario-592-quote_stuffing-agent-quote_stuffing-20",
    "action": "new",
    "side": "buy",
    "price": 65585.4408,
    "quantity": 0.001,
    "remaining_quantity": 0.001
  },
  {
    "event_id": "9f03fbd0f58d9771a9808ba5f71a5207825ff32f4fcbf2c40c6500f2945f1ecb",
    "schema_version": "1.0.0",
    "event_type": "agent_order",
    "source": "synthetic_agent",
    "symbol": "BTCUSDT",
    "exchange": "binance_usdm",
    "timestamp": "2024-05-01T00:00:00.105000Z",
    "sequence": 21,
    "scenario_id": "scenario-592-quote_stuffing",
    "agent_id": "agent-quote_stuffing",
    "order_id": "scenario-592-quote_stuffing-agent-quote_stuffing-21",
    "action": "new",
    "side": "sell",
    "price": 65598.5592,
    "quantity": 0.001,
    "remaining_quantity": 0.001
  },
  {
    "event_id": "7543ed98b9d1bf3d494694558cdbfb0f5f6e28d87397f9a08aef8d4e3dcfc5ff",
    "schema_version": "1.0.0",
    "event_type": "agent_order",
    "source": "synthetic_agent",
    "symbol": "BTCUSDT",
    "exchange": "binance_usdm",
    "timestamp": "2024-05-01T00:00:00.110000Z",
    "sequence": 22,
    "scenario_id": "scenario-592-quote_stuffing",
    "agent_id": "agent-quote_stuffing",
    "order_id": "scenario-592-quote_stuffing-agent-quote_stuffing-22",
    "action": "new",
    "side": "buy",
    "price": 65585.4408,
    "quantity": 0.001,
    "remaining_quantity": 0.001
  },
  {
    "event_id": "33a7d6de5e12671e8fe1186d94761bdc86687b061ad3c439fde7cd9f2411377b",
    "schema_version": "1.0.0",
    "event_type": "agent_order",
    "source": "synthetic_agent",
    "symbol": "BTCUSDT",
    "exchange": "binance_usdm",
    "timestamp": "2024-05-01T00:00:00.115000Z",
    "sequence": 23,
    "scenario_id": "scenario-592-quote_stuffing",
    "agent_id": "agent-quote_stuffing",
    "order_id": "scenario-592-quote_stuffing-agent-quote_stuffing-23",
    "action": "new",
    "side": "sell",
    "price": 65598.5592,
    "quantity": 0.001,
    "remaining_quantity": 0.001
  },
  {
    "event_id": "5c1d950cc041ae3683eefc01f9737fa9427c540b7972d69dc22d8c21e489f46d",
    "schema_version": "1.0.0",
    "event_type": "agent_order",
    "source": "synthetic_agent",
    "symbol": "BTCUSDT",
    "exchange": "binance_usdm",
    "timestamp": "2024-05-01T00:00:00.120000Z",
    "sequence": 24,
    "scenario_id": "scenario-592-quote_stuffing",
    "agent_id": "agent-quote_stuffing",
    "order_id": "scenario-592-quote_stuffing-agent-quote_stuffing-24",
    "action": "new",
    "side": "buy",
    "price": 65585.4408,
    "quantity": 0.001,
    "remaining_quantity": 0.001
  },
  {
    "event_id": "7bd342a216090721097c299e900f7af7859df1225cad25f075e2ecbefa35d136",
    "schema_version": "1.0.0",
    "event_type": "agent_order",
    "source": "synthetic_agent",
    "symbol": "BTCUSDT",
    "exchange": "binance_usdm",
    "timestamp": "2024-05-01T00:00:00.125000Z",
    "sequence": 25,
    "scenario_id": "scenario-592-quote_stuffing",
    "agent_id": "agent-quote_stuffing",
    "order_id": "scenario-592-quote_stuffing-agent-quote_stuffing-25",
    "action": "new",
    "side": "sell",
    "price": 65598.5592,
    "quantity": 0.001,
    "remaining_quantity": 0.001
  },
  {
    "event_id": "f96d5c17092a3b5c27594bee24866387dc0386c51c1daaba3ff575805da4c067",
    "schema_version": "1.0.0",
    "event_type": "agent_order",
    "source": "synthetic_agent",
    "symbol": "BTCUSDT",
    "exchange": "binance_usdm",
    "timestamp": "2024-05-01T00:00:00.130000Z",
    "sequence": 26,
    "scenario_id": "scenario-592-quote_stuffing",
    "agent_id": "agent-quote_stuffing",
    "order_id": "scenario-592-quote_stuffing-agent-quote_stuffing-26",
    "action": "new",
    "side": "buy",
    "price": 65585.4408,
    "quantity": 0.001,
    "remaining_quantity": 0.001
  },
  {
    "event_id": "836b067bd5a37d569895228558dba8d1c17a66d9be08058cd495b416bab9b3b2",
    "schema_version": "1.0.0",
    "event_type": "agent_order",
    "source": "synthetic_agent",
    "symbol": "BTCUSDT",
    "exchange": "binance_usdm",
    "timestamp": "2024-05-01T00:00:00.135000Z",
    "sequence": 27,
    "scenario_id": "scenario-592-quote_stuffing",
    "agent_id": "agent-quote_stuffing",
    "order_id": "scenario-592-quote_stuffing-agent-quote_stuffing-27",
    "action": "new",
    "side": "sell",
    "price": 65598.5592,
    "quantity": 0.001,
    "remaining_quantity": 0.001
  },
  {
    "event_id": "963b6fd7c13de3cc58ab21b83d7d06b6dbf92672cf4977e5431442c8bfeecaed",
    "schema_version": "1.0.0",
    "event_type": "agent_order",
    "source": "synthetic_agent",
    "symbol": "BTCUSDT",
    "exchange": "binance_usdm",
    "timestamp": "2024-05-01T00:00:00.140000Z",
    "sequence": 28,
    "scenario_id": "scenario-592-quote_stuffing",
    "agent_id": "agent-quote_stuffing",
    "order_id": "scenario-592-quote_stuffing-agent-quote_stuffing-28",
    "action": "new",
    "side": "buy",
    "price": 65585.4408,
    "quantity": 0.001,
    "remaining_quantity": 0.001
  },
  {
    "event_id": "462e09495dc0c5de107ecbedbf862b9ffd0fdc93e447f70a212befeefe8a0734",
    "schema_version": "1.0.0",
    "event_type": "agent_order",
    "source": "synthetic_agent",
    "symbol": "BTCUSDT",
    "exchange": "binance_usdm",
    "timestamp": "2024-05-01T00:00:00.145000Z",
    "sequence": 29,
    "scenario_id": "scenario-592-quote_stuffing",
    "agent_id": "agent-quote_stuffing",
    "order_id": "scenario-592-quote_stuffing-agent-quote_stuffing-29",
    "action": "new",
    "side": "sell",
    "price": 65598.5592,
    "quantity": 0.001,
    "remaining_quantity": 0.001
  }
]