[
  {
    "event_id": "7531f89793fa5c7f678f432692ec91f3eca2a71d69c873450eb3ca033606ac6b",
    "schema_version": "1.0.0",
    "event_type": "agent_order",
    "source": "synthetic_agent",
    "symbol": "BTCUSDT",
    "exchange": "binance_usdm",
    "timestamp": "2024-05-01T00:00:00Z",
    "sequence": 0,
    "scenario_id": "scenario-057-stop_run_sweep",
    "agent_id": "agent-stop_run_sweep",
    "order_id": "scenario-057-stop_run_sweep-agent-stop_run_sweep-0",
    "action": "new",
    "side": "buy",
    "price": 65122.05699999999,
    "quantity": 0.06,
    "remaining_quantity": 0.06
  },
  {
    "event_id": "929a432b1de44ff1cbfa70d75e173159fe3f0d6adc9d3abbaa4c9a88c6f1bcee",
    "schema_version": "1.0.0",
    "event_type": "agent_order",
    "source": "synthetic_agent",
    "symbol": "BTCUSDT",
    "exchange": "binance_usdm",
    "timestamp": "2024-05-01T00:00:00.030000Z",
    "sequence": 1,
    "scenario_id": "scenario-057-stop_run_sweep",
    "agent_id": "agent-stop_run_sweep",
    "order_id": "scenario-057-stop_run_sweep-agent-stop_run_sweep-1",
    "action": "new",
    "side": "buy",
    "price": 65125.30985,
    "quantity": 0.06,
    "remaining_quantity": 0.06
  },
  {
    "event_id": "40711c6578086bb75ad78830966ed8c347e5bb76848ef00490def9d859cd4d02",
    "schema_version": "1.0.0",
    "event_type": "agent_order",
    "source": "synthetic_agent",
    "symbol": "BTCUSDT",
    "exchange": "binance_usdm",
    "timestamp": "2024-05-01T00:00:00.060000Z",
    "sequence": 2,
    "scenario_id": "scenario-057-stop_run_sweep",
    "agent_id": "agent-stop_run_sweep",
    "order_id": "scenario-057-stop_run_sweep-agent-stop_run_sweep-2",
    "action": "new",
    "side": "buy",
    "price": 65128.562699999995,
    "quantity": 0.06,
    "remaining_quantity": 0.06
  },
  {
    "event_id": "10a03f483aeaa482428fdde7c1a765e3caa90a70a07a2e3797a39a0a4372f6fc",
    "schema_version": "1.0.0",
    "event_type": "agent_order",
    "source": "synthetic_agent",
    "symbol": "BTCUSDT",
    "exchange": "binance_usdm",
    "timestamp": "2024-05-01T00:00:00.090000Z",
    "sequence": 3,
    "scenario_id": "scenario-057-stop_run_sweep",
    "agent_id": "agent-stop_run_sweep",
    "order_id": "scenario-057-stop_run_sweep-agent-stop_run_sweep-3",
    "action": "new",
    "side": "buy",
    "price": 65131.81555,
    "quantity": 0.06,
    "remaining_quantity": 0.06
  },
  {
    "event_id": "561509a8156cb44605742c5871b165fdf75a77c92246bffc91bf5b0fa4849e1b",
    "schema_version": "1.0.0",
    "event_type": "agent_order",
    "source": "synthetic_agent",
    "symbol": "BTCUSDT",
    "exchange": "binance_usdm",
    "timestamp": "2024-05-01T00:00:00.120000Z",
    "sequence": 4,
    "scenario_id": "scenario-057-stop_run_sweep",
    "agent_id": "agent-stop_run_sweep",
    "order_id": "scenario-057-stop_run_sweep-agent-stop_run_sweep-4",
    "action": "new",
    "side": "buy",
    "price": 65135.06839999999,
    "quantity": 0.06,
    "remaining_quantity": 0.06
  },
  {
    "event_id": "78332cc6d38991b6be5b62192e28785259f49577348016738debbcbc5238f7ba",
    "schema_version": "1.0.0",
    "event_type": "agent_order",
    "source": "synthetic_agent",
    "symbol": "BTCUSDT",
    "exchange": "binance_usdm",
    "timestamp": "2024-05-01T00:00:00.150000Z",
    "sequence": 5,
    "scenario_id": "scenario-057-stop_run_sweep",
    "agent_id": "agent-stop_run_sweep",
    "order_id": "scenario-057-stop_run_sweep-agent-stop_run_sweep-5",
    "action": "new",
    "side": "buy",
    "price": 65138.32125,
    "quantity": 0.06,
    "remaining_quantity": 0.06
  },
  {
    "event_id": "e0fc1aaca9e45eb8ab83aca630b3c88419aab211992ec8d98335815e530895e6",
    "schema_version": "1.0.0",
    "event_type": "agent_order",
    "source": "synthetic_agent",
    "symbol": "BTCUSDT",
    "exchange": "binance_usdm",
    "timestamp": "2024-05-01T00:00:00.180000Z",
    "sequence": 6,
    "scenario_id": "scenario-057-stop_run_sweep",
    "agent_id": "agent-stop_run_sweep",
    "order_id": "scenario-057-stop_run_sweep-agent-stop_run_sweep-6",
    "action": "new",
    "side": "buy",
    "price": 65141.57409999999,
    "quantity": 0.06,
    "remaining_quantity": 0.06
  },
  {
    "event_id": "86a95cf2d865f282047e845807d2a0c1058836a068da30a76cac85fc3b02c737",
    "schema_version": "1.0.0",
    "event_type": "agent_order",
    "source": "synthetic_agent",
    "symbol": "BTCUSDT",
    "exchange": "binance_usdm",
    "timestamp": "2024-05-01T00:00:00.210000Z",
    "sequence": 7,
    "scenario_id": "scenario-057-stop_run_sweep",
    "agent_id": "agent-stop_run_sweep",
    "order_id": "scenario-057-stop_run_sweep-agent-stop_run_sweep-7",
    "action": "new",
    "side": "buy",
    "price": 65144.826949999995,
    "quantity": 0.06,
    "remaining_quantity": 0.06
  },
  {
    "event_id": "c78d850f9f2d01b292c209f4da5a854964ed09ea1c993f26a03f3538830fa361",
    "schema_version": "1.0.0",
    "event_type": "agent_order",
    "source": "synthetic_agent",
    "symbol": "BTCUSDT",
    "exchange": "binance_usdm",
    "timestamp": "2024-05-01T00:00:00.240000Z",
    "sequence": 8,
    "scenario_id": "scenario-057-stop_run_sweep",
    "agent_id": "agent-stop_run_sweep",
    "order_id": "scenario-057-stop_run_sweep-agent-stop_run_sweep-8",
    "action": "new",
    "side": "buy",
    "price": 65148.07979999999,
    "quantity": 0.06,
    "remaining_quantity": 0.06
  },
  {
    "event_id": "16648a8fccd018016bb836ba92f9cded4698c07912fa85fe24b6615258e38fb7",
    "schema_version": "1.0.0",
    "event_type": "agent_order",
    "source": "synthetic_agent",
    "symbol": "BTCUSDT",
    "exchange": "binance_usdm",
    "timestamp": "2024-05-01T00:00:00.270000Z",
    "sequence": 9,
    "scenario_id": "scenario-057-stop_run_sweep",
    "agent_id": "agent-stop_run_sweep",
    "order_id": "scenario-057-stop_run_sweep-agent-stop_run_sweep-9",
    "action": "new",
    "side": "buy",
    "price": 65151.33265,
    "quantity": 0.06,
    "remaining_quantity": 0.06
  },
  {
    "event_id": "159263e18a7bb837ed49e02c184fd8cb6843e7252d9327cb54f363f95dcc0384",
    "schema_version": "1.0.0",
    "event_type": "agent_order",
    "source": "synthetic_agent",
    "symbol": "BTCUSDT",
    "exchange": "binance_usdm",
    "timestamp": "2024-05-01T00:00:00.300000Z",
    "sequence": 10,
    "scenario_id": "scenario-057-stop_run_sweep",
    "agent_id": "agent-stop_run_sweep",
    "order_id": "scenario-057-stop_run_sweep-agent-stop_run_sweep-10",
    "action": "new",
    "side": "buy",
    "price": 65154.58549999999,
    "quantity": 0.06,
    "remaining_quantity": 0.06
  },
  {
    "event_id": "b0f80679a73856a1f19b1574599609df74eb38ebde8c2a2714acd7cbee5879fa",
    "schema_version": "1.0.0",
    "event_type": "agent_order",
    "source": "synthetic_agent",
    "symbol": "BTCUSDT",
    "exchange": "binance_usdm",
    "timestamp": "2024-05-01T00:00:00.330000Z",
    "sequence": 11,
    "scenario_id": "scenario-057-stop_run_sweep",
    "agent_id": "agent-stop_run_sweep",
    "order_id": "scenario-057-stop_run_sweep-agent-stop_run_sweep-11",
    "action": "new",
    "side": "buy",
    "price": 65157.83835,
    "quantity": 0.06,
    "remaining_quantity": 0.06
  },
  {
    "event_id": "de1ab934424bf9b83cda7ac6dbed273634ca1268cda9af0d0ad7f8c5d0105c37",
    "schema_version": "1.0.0",
    "event_type": "agent_order",
    "source": "synthetic_agent",
    "symbol": "BTCUSDT",
    "exchange": "binance_usdm",
    "timestamp": "2024-05-01T00:00:00.360000Z",
    "sequence": 12,
    "scenario_id": "scenario-057-stop_run_sweep",
    "agent_id": "agent-stop_run_sweep",
    "order_id": "scenario-057-stop_run_sweep-agent-stop_run_sweep-12",
    "action": "new",
    "side": "buy",
    "price": 65161.09119999999,
    "quantity": 0.06,
    "remaining_quantity": 0.06
  },
  {
    "event_id": "d0f86904cef58a2280ad09cee988ee7585488710d60728c4f387747713e34194",
    "schema_version": "1.0.0",
    "event_type": "agent_order",
    "source": "synthetic_agent",
    "symbol": "BTCUSDT",
    "exchange": "binance_usdm",
    "timestamp": "2024-05-01T00:00:00.390000Z",
    "sequence": 13,
    "scenario_id": "scenario-057-stop_run_sweep",
    "agent_id": "agent-stop_run_sweep",
    "order_id": "scenario-057-stop_run_sweep-agent-stop_run_sweep-13",
    "action": "new",
    "side": "buy",
    "price": 65164.34404999999,
    "quantity": 0.06,
    "remaining_quantity": 0.06
  },
  {
    "event_id": "ae26cae782370297ff42182cee5ed13cd84b383ae586d39f50f2c48ae7377ba2",
    "schema_version": "1.0.0",
    "event_type": "agent_order",
    "source": "synthetic_agent",
    "symbol": "BTCUSDT",
    "exchange": "binance_usdm",
    "timestamp": "2024-05-01T00:00:00.420000Z",
    "sequence": 14,
    "scenario_id": "scenario-057-stop_run_sweep",
    "agent_id": "agent-stop_run_sweep",
    "order_id": "scenario-057-stop_run_sweep-agent-stop_run_sweep-14",
    "action": "new",
    "side": "buy",
    "price": 65167.59689999999,
    "quantity": 0.06,
    "remaining_quantity": 0.06
  },
  {
    "event_id": "537ec74e58dbcfb63dba5142e64c44ea45862defe53db24b057b05803ee20275",
    "schema_version": "1.0.0",
    "event_type": "agent_order",
    "source": "synthetic_agent",
    "symbol": "BTCUSDT",
    "exchange": "binance_usdm",
    "timestamp": "2024-05-01T00:00:00.450000Z",
    "sequence": 15,
    "scenario_id": "scenario-057-stop_run_sweep",
    "agent_id": "agent-stop_run_sweep",
    "order_id": "scenario-057-stop_run_sweep-agent-stop_run_sweep-15",
    "action": "new",
    "side": "buy",
    "price": 65170.849749999994,
    "quantity": 0.06,
    "remaining_quantity": 0.06
  },
  {
    "event_id": "f07369982ac62108b5b192c76f78e068934ccd827b364ec2f3f73d288dd70749",
    "schema_version": "1.0.0",
    "event_type": "agent_order",
    "source": "synthetic_agent",
    "symbol": "BTCUSDT",
    "exchange": "binance_usdm",
    "timestamp": "2024-05-01T00:00:00.480000Z",
    "sequence": 16,
    "scenario_id": "scenario-057-stop_run_sweep",
    "agent_id": "agent-stop_run_sweep",
    "order_id": "scenario-057-stop_run_sweep-agent-stop_run_sweep-16",
    "action": "new",
    "side": "buy",
    "price": 65174.102599999984,
    "quantity": 0.06,
    "remaining_quantity": 0.06
  },
  {
    "event_id": "9f5f95bdd43acd3bb81e20c09413d3c726df7fe3350971d9706acb356c817dc9",
    "schema_version": "1.0.0",
    "event_type": "agent_order",
    "source": "synthetic_agent",
    "symbol": "BTCUSDT",
    "exchange": "binance_usdm",
    "timestamp": "2024-05-01T00:00:00.510000Z",
    "sequence": 17,
    "scenario_id": "scenario-057-stop_run_sweep",
    "agent_id": "agent-stop_run_sweep",
    "order_id": "scenario-057-stop_run_sweep-agent-stop_run_sweep-17",
    "action": "new",
    "side": "buy",
    "price": 65177.355449999995,
    "quantity": 0.06,
    "remaining_quantity": 0.06
  },
  {
    "event_id": "1eb24a8644758377a6c829e3308c7bc4707748b9e54026bb658b0c86e0044c11",
    "schema_version": "1.0.0",
    "event_type": "agent_order",
    "source": "synthetic_agent",
    "symbol": "BTCUSDT",
    "exchange": "binance_usdm",
    "timestamp": "2024-05-01T00:00:00.540000Z",
    "sequence": 18,
    "scenario_id": "scenario-057-stop_run_sweep",
    "agent_id": "agent-stop_run_sweep",
    "order_id": "scenario-057-stop_run_sweep-agent-stop_run_sweep-18",
    "action": "new",
    "side": "buy",
    "price": 65180.608299999985,
    "quantity": 0.06,
    "remaining_quantity": 0.06
  },
  {
    "event_id": "6010e99eb62b8046cc92659e15d714ac3ca6826f1251e8eafc3bc595b8de3e0b",
    "schema_version": "1.0.0",
    "event_type": "agent_order",
    "source": "synthetic_agent",
    "symbol": "BTCUSDT",
    "exchange": "binance_usdm",
    "timestamp": "2024-05-01T00:00:00.570000Z",
    "sequence": 19,
    "scenario_id": "scenario-057-stop_run_sweep",
    "agent_id": "agent-stop_run_sweep",
    "order_id": "scenario-057-stop_run_sweep-agent-stop_run_sweep-19",
    "action": "new",
    "side": "buy",
    "price": 65183.86114999999,
    "quantity": 0.06,
    "remaining_quantity": 0.06
  },
  {
    "event_id": "2d17d151dfcc810f82d582482b1ae65306b966f8d34ab541d087c7c52bcf93c6",
    "schema_version": "1.0.0",
    "event_type": "agent_order",
    "source": "synthetic_agent",
    "symbol": "BTCUSDT",
    "exchange": "binance_usdm",
    "timestamp": "2024-05-01T00:00:00.600000Z",
    "sequence": 20,
    "scenario_id": "scenario-057-stop_run_sweep",
    "agent_id": "agent-stop_run_sweep",
    "order_id": "scenario-057-stop_run_sweep-agent-stop_run_sweep-20",
    "action": "new",
    "side": "buy",
    "price": 65187.11399999999,
    "quantity": 0.06,
    "remaining_quantity": 0.06
  },
  {
    "event_id": "19189a42694a77ce22e2f42c0c1098e5973c079787795c164aa040525ad727e2",
    "schema_version": "1.0.0",
    "event_type": "agent_order",
    "source": "synthetic_agent",
    "symbol": "BTCUSDT",
    "exchange": "binance_usdm",
    "timestamp": "2024-05-01T00:00:00.630000Z",
    "sequence": 21,
    "scenario_id": "scenario-057-stop_run_sweep",
    "agent_id": "agent-stop_run_sweep",
    "order_id": "scenario-057-stop_run_sweep-agent-stop_run_sweep-21",
    "action": "new",
    "side": "buy",
    "price": 65190.36684999999,
    "quantity": 0.06,
    "remaining_quantity": 0.06
  },
  {
    "event_id": "63fdfe15770080ba43f1b82bab64173a17022133deff3f3d4eadc7c15e00c1f5",
    "schema_version": "1.0.0",
    "event_type": "agent_order",
    "source": "synthetic_agent",
    "symbol": "BTCUSDT",
    "exchange": "binance_usdm",
    "timestamp": "2024-05-01T00:00:00.660000Z",
    "sequence": 22,
    "scenario_id": "scenario-057-stop_run_sweep",
    "agent_id": "agent-stop_run_sweep",
    "order_id": "scenario-057-stop_run_sweep-agent-stop_run_sweep-22",
    "action": "new",
    "side": "buy",
    "price": 65193.6197,
    "quantity": 0.06,
    "remaining_quantity": 0.06
  },
  {
    "event_id": "6f96e65e4461750b54d37a39d28259d829c30469ad098c95afb75c21f4616e52",
    "schema_version": "1.0.0",
    "event_type": "agent_order",
    "source": "synthetic_agent",
    "symbol": "BTCUSDT",
    "exchange": "binance_usdm",
    "timestamp": "2024-05-01T00:00:00.690000Z",
    "sequence": 23,
    "scenario_id": "scenario-057-stop_run_sweep",
    "agent_id": "agent-stop_run_sweep",
    "order_id": "scenario-057-stop_run_sweep-agent-stop_run_sweep-23",
    "action": "new",
    "side": "buy",
    "price": 65196.87254999999,
    "quantity": 0.06,
    "remaining_quantity": 0.06
  },
  {
    "event_id": "76326fa7eca3d12ef369fb45d60a5f3a4c86aa3bd0f6846794ae233e75ee446a",
    "schema_version": "1.0.0",
    "event_type": "agent_order",
    "source": "synthetic_agent",
    "symbol": "BTCUSDT",
    "exchange": "binance_usdm",
    "timestamp": "2024-05-01T00:00:00.720000Z",
    "sequence": 24,
    "scenario_id": "scenario-057-stop_run_sweep",
    "agent_id": "agent-stop_run_sweep",
    "order_id": "scenario-057-stop_run_sweep-agent-stop_run_sweep-24",
    "action": "new",
    "side": "buy",
    "price": 65200.1254,
    "quantity": 0.06,
    "remaining_quantity": 0.06
  },
  {
    "event_id": "6bf04c9fe8855ee09e1f87212dd28cd4b9d62e7b231198db9d456015d0508b0f",
    "schema_version": "1.0.0",
    "event_type": "agent_order",
    "source": "synthetic_agent",
    "symbol": "BTCUSDT",
    "exchange": "binance_usdm",
    "timestamp": "2024-05-01T00:00:00.750000Z",
    "sequence": 25,
    "scenario_id": "scenario-057-stop_run_sweep",
    "agent_id": "agent-stop_run_sweep",
    "order_id": "scenario-057-stop_run_sweep-agent-stop_run_sweep-25",
    "action": "new",
    "side": "buy",
    "price": 65203.378249999994,
    "quantity": 0.06,
    "remaining_quantity": 0.06
  },
  {
    "event_id": "f6676e52a881c01a4465d4d279aa4f8cf1c488c586dcfc5f9282072a8e2fe5ca",
    "schema_version": "1.0.0",
    "event_type": "agent_order",
    "source": "synthetic_agent",
    "symbol": "BTCUSDT",
    "exchange": "binance_usdm",
    "timestamp": "2024-05-01T00:00:00.780000Z",
    "sequence": 26,
    "scenario_id": "scenario-057-stop_run_sweep",
    "agent_id": "agent-stop_run_sweep",
    "order_id": "scenario-057-stop_run_sweep-agent-stop_run_sweep-26",
    "action": "new",
    "side": "buy",
    "price": 65206.6311,
    "quantity": 0.06,
    "remaining_quantity": 0.06
  },
  {
    "event_id": "be91cea7b28d523fa7afb1b456c869d47868d96f09e17fd78c80450b09c8cd38",
    "schema_version": "1.0.0",
    "event_type": "agent_order",
    "source": "synthetic_agent",
    "symbol": "BTCUSDT",
    "exchange": "binance_usdm",
    "timestamp": "2024-05-01T00:00:00.810000Z",
    "sequence": 27,
    "scenario_id": "scenario-057-stop_run_sweep",
    "agent_id": "agent-stop_run_sweep",
    "order_id": "scenario-057-stop_run_sweep-agent-stop_run_sweep-27",
    "action": "new",
    "side": "buy",
    "price": 65209.88394999999,
    "quantity": 0.06,
    "remaining_quantity": 0.06
  },
  {
    "event_id": "f06fd79b343fbe93d1bfe8a31f8b05bb33de345d6394caa52cf5076a11202c85",
    "schema_version": "1.0.0",
    "event_type": "agent_order",
    "source": "synthetic_agent",
    "symbol": "BTCUSDT",
    "exchange": "binance_usdm",
    "timestamp": "2024-05-01T00:00:00.840000Z",
    "sequence": 28,
    "scenario_id": "scenario-057-stop_run_sweep",
    "agent_id": "agent-stop_run_sweep",
    "order_id": "scenario-057-stop_run_sweep-agent-stop_run_sweep-28",
    "action": "new",
    "side": "buy",
    "price": 65213.1368,
    "quantity": 0.06,
    "remaining_quantity": 0.06
  },
  {
    "event_id": "fa9e0a77de598747c4cfbaa98c751acf9b9734e3c5907baceef237cb6ac226e5",
    "schema_version": "1.0.0",
    "event_type": "agent_order",
    "source": "synthetic_agent",
    "symbol": "BTCUSDT",
    "exchange": "binance_usdm",
    "timestamp": "2024-05-01T00:00:00.870000Z",
    "sequence": 29,
    "scenario_id": "scenario-057-stop_run_sweep",
    "agent_id": "agent-stop_run_sweep",
    "order_id": "scenario-057-stop_run_sweep-agent-stop_run_sweep-29",
    "action": "new",
    "side": "buy",
    "price": 65216.38964999999,
    "quantity": 0.06,
    "remaining_quantity": 0.06
  }
]