[
  {
    "event_id": "5d3be8654667c4b2920b53a09aca00471abcc081526c0961c7550591ca0f645e",
    "schema_version": "1.0.0",
    "event_type": "agent_order",
    "source": "synthetic_agent",
    "symbol": "BTCUSDT",
    "exchange": "binance_usdm",
    "timestamp": "2024-05-01T00:00:00Z",
    "sequence": 0,
    "scenario_id": "scenario-145-twap_execution",
    "agent_id": "agent-twap_execution",
    "order_id": "scenario-145-twap_execution-agent-twap_execution-0",
    "action": "new",
    "side": "buy",
    "price": 65112.427500000005,
    "quantity": 0.005,
    "remaining_quantity": 0.005
  },
  {
    "event_id": "d48fd0d7b45db33854c434430f930d6719e871df670c5ea928be81ca47433c9e",
    "schema_version": "1.0.0",
    "event_type": "agent_order",
    "source": "synthetic_agent",
    "symbol": "BTCUSDT",
    "exchange": "binance_usdm",
    "timestamp": "2024-05-01T00:00:01Z",
    "sequence": 1,
    "scenario_id": "scenario-145-twap_execution",
    "agent_id": "agent-twap_execution",
    "order_id": "scenario-145-twap_execution-agent-twap_execution-1",
    "action": "new",
    "side": "buy",
    "price": 65112.427500000005,
    "quantity": 0.005,
    "remaining_quantity": 0.005
  },
  {
    "event_id": "4d2c5ef80c0fb4f977bc9fa252f9e966c33ccae8bf62ad0828e635ab095c4d25",
    "schema_version": "1.0.0",
    "event_type": "agent_order",
    "source": "synthetic_agent",
    "symbol": "BTCUSDT",
    "exchange": "binance_usdm",
    "timestamp": "2024-05-01T00:00:02Z",
    "sequence": 2,
    "scenario_id": "scenario-145-twap_execution",
    "agent_id": "agent-twap_execution",
    "order_id": "scenario-145-twap_execution-agent-twap_execution-2",
    "action": "new",
    "side": "buy",
    "price": 65112.427500000005,
    "quantity": 0.005,
    "remaining_quantity": 0.005
  },
  {
    "event_id": "9db5322ccf37f1fff90bbd43a1bd8ca2b49993227d9f12937e238babb2b4ae59",
    "schema_version": "1.0.0",
    "event_type": "agent_order",
    "source": "synthetic_agent",
    "symbol": "BTCUSDT",
    "exchange": "binance_usdm",
    "timestamp": "2024-05-01T00:00:03Z",
    "sequence": 3,
    "scenario_id": "scenario-145-twap_execution",
    "agent_id": "agent-twap_execution",
    "order_id": "scenario-145-twap_execution-agent-twap_execution-3",
    "action": "new",
    "side": "buy",
    "price": 65112.427500000005,
    "quantity": 0.005,
    "remaining_quantity": 0.005
  },
  {
    "event_id": "fc66ac45870f9224a85560d11723855120ad04e581497b91ff5e1dc02265918b",
    "schema_version": "1.0.0",
    "event_type": "agent_order",
    "source": "synthetic_agent",
    "symbol": "BTCUSDT",
    "exchange": "binance_usdm",
    "timestamp": "2024-05-01T00:00:04Z",
    "sequence": 4,
    "scenario_id": "scenario-145-twap_execution",
    "agent_id": "agent-twap_execution",
    "order_id": "scenario-145-twap_execution-agent-twap_execution-4",
    "action": "new",
    "side": "buy",
    "price": 65112.427500000005,
    "quantity": 0.005,
    "remaining_quantity": 0.005
  },
  {
    "event_id": "4a2ea8ded1c102bda4143430fd64ce473626f5a9311d596bd67176813c59f113",
    "schema_version": "1.0.0",
    "event_type": "agent_order",
    "source": "synthetic_agent",
    "symbol": "BTCUSDT",
    "exchange": "binance_usdm",
    "timestamp": "2024-05-01T00:00:05Z",
    "sequence": 5,
    "scenario_id": "scenario-145-twap_execution",
    "agent_id": "agent-twap_execution",
    "order_id": "scenario-145-twap_execution-agent-twap_execution-5",
    "action": "new",
    "side": "buy",
    "price": 65112.427500000005,
    "quantity": 0.005,
    "remaining_quantity": 0.005
  },
  {
    "event_id": "c58c6c886f13da2678b847dee907e63ab9015ff3ef9a5269716ba325250bc38c",
    "schema_version": "1.0.0",
    "event_type": "agent_order",
    "source": "synthetic_agent",
    "symbol": "BTCUSDT",
    "exchange": "binance_usdm",
    "timestamp": "2024-05-01T00:00:06Z",
    "sequence": 6,
    "scenario_id": "scenario-145-twap_execution",
    "agent_id": "agent-twap_execution",
    "order_id": "scenario-145-twap_execution-agent-twap_execution-6",
    "action": "new",
    "side": "buy",
    "price": 65112.427500000005,
    "quantity": 0.005,
    "remaining_quantity": 0.005
  },
  {
    "event_id": "b80aca34009f12fea1f17eab30e110888e3cf9d79122b5ff2d3df230e6751e2b",
    "schema_version": "1.0.0",
    "event_type": "agent_order",
    "source": "synthetic_agent",
    "symbol": "BTCUSDT",
    "exchange": "binance_usdm",
    "timestamp": "2024-05-01T00:00:07Z",
    "sequence": 7,
    "scenario_id": "scenario-145-twap_execution",
    "agent_id": "agent-twap_execution",
    "order_id": "scenario-145-twap_execution-agent-twap_execution-7",
    "action": "new",
    "side": "buy",
    "price": 65112.427500000005,
    "quantity": 0.005,
    "remaining_quantity": 0.005
  },
  {
    "event_id": "28bc3cd4502748e13dc1eaa042d93f3dcface562be0dd428ce8dac82396e619b",
    "schema_version": "1.0.0",
    "event_type": "agent_order",
    "source": "synthetic_agent",
    "symbol": "BTCUSDT",
    "exchange": "binance_usdm",
    "timestamp": "2024-05-01T00:00:08Z",
    "sequence": 8,
    "scenario_id": "scenario-145-twap_execution",
    "agent_id": "agent-twap_execution",
    "order_id": "scenario-145-twap_execution-agent-twap_execution-8",
    "action": "new",
    "side": "buy",
    "price": 65112.427500000005,
    "quantity": 0.005,
    "remaining_quantity": 0.005
  },
  {
    "event_id": "ff4b979ef4fbcc66fee7e66307b86260ab3cc664c0b85e41875075e93ef0d647",
    "schema_version": "1.0.0",
    "event_type": "agent_order",
    "source": "synthetic_agent",
    "symbol": "BTCUSDT",
    "exchange": "binance_usdm",
    "timestamp": "2024-05-01T00:00:09Z",
    "sequence": 9,
    "scenario_id": "scenario-145-twap_execution",
    "agent_id": "agent-twap_execution",
    "order_id": "scenario-145-twap_execution-agent-twap_execution-9",
    "action": "new",
    "side": "buy",
    "price": 65112.427500000005,
    "quantity": 0.005,
    "remaining_quantity": 0.005
  },
  {
    "event_id": "c928191e3ea9fe617e87794490d53c1efe581ba11e3a34a463d534afd4b07f11",
    "schema_version": "1.0.0",
    "event_type": "agent_order",
    "source": "synthetic_agent",
    "symbol": "BTCUSDT",
    "exchange": "binance_usdm",
    "timestamp": "2024-05-01T00:00:10Z",
    "sequence": 10,
    "scenario_id": "scenario-145-twap_execution",
    "agent_id": "agent-twap_execution",
    "order_id": "scenario-145-twap_execution-agent-twap_execution-10",
    "action": "new",
    "side": "buy",
    "price": 65112.427500000005,
    "quantity": 0.005,
    "remaining_quantity": 0.005
  },
  {
    "event_id": "bd750a51e0b2dbcd6b12c23ff374f48b1a593850e23136db4734759d662ff858",
    "schema_version": "1.0.0",
    "event_type": "agent_order",
    "source": "synthetic_agent",
    "symbol": "BTCUSDT",
    "exchange": "binance_usdm",
    "timestamp": "2024-05-01T00:00:11Z",
    "sequence": 11,
    "scenario_id": "scenario-145-twap_execution",
    "agent_id": "agent-twap_execution",
    "order_id": "scenario-145-twap_execution-agent-twap_execution-11",
    "action": "new",
    "side": "buy",
    "price": 65112.427500000005,
    "quantity": 0.005,
    "remaining_quantity": 0.005
  },
  {
    "event_id": "b0e4b02245d53b29b94730a755375f5ba680552b59734ca42226427d9389ed60",
    "schema_version": "1.0.0",
    "event_type": "agent_order",
    "source": "synthetic_agent",
    "symbol": "BTCUSDT",
    "exchange": "binance_usdm",
    "timestamp": "2024-05-01T00:00:12Z",
    "sequence": 12,
    "scenario_id": "scenario-145-twap_execution",
    "agent_id": "agent-twap_execution",
    "order_id": "scenario-145-twap_execution-agent-twap_execution-12",
    "action": "new",
    "side": "buy",
    "price": 65112.427500000005,
    "quantity": 0.005,
    "remaining_quantity": 0.005
  },
  {
    "event_id": "34a42ce6d210ea0fb9d91e3629a456bf857a8b978b0535cc64ec341e5fd10291",
    "schema_version": "1.0.0",
    "event_type": "agent_order",
    "source": "synthetic_agent",
    "symbol": "BTCUSDT",
    "exchange": "binance_usdm",
    "timestamp": "2024-05-01T00:00:13Z",
    "sequence": 13,
    "scenario_id": "scenario-145-twap_execution",
    "agent_id": "agent-twap_execution",
    "order_id": "scenario-145-twap_execution-agent-twap_execution-13",
    "action": "new",
    "side": "buy",
    "price": 65112.427500000005,
    "quantity": 0.005,
    "remaining_quantity": 0.005
  },
  {
    "event_id": "317a9fab09a1bbf7b22eb89d7bd93e1d641d5333d0f705eb184717989ff09878",
    "schema_version": "1.0.0",
    "event_type": "agent_order",
    "source": "synthetic_agent",
    "symbol": "BTCUSDT",
    "exchange": "binance_usdm",
    "timestamp": "2024-05-01T00:00:14Z",
    "sequence": 14,
    "scenario_id": "scenario-145-twap_execution",
    "agent_id": "agent-twap_execution",
    "order_id": "scenario-145-twap_execution-agent-twap_execution-14",
    "action": "new",
    "side": "buy",
    "price": 65112.427500000005,
    "quantity": 0.005,
    "remaining_quantity": 0.005
  },
  {
    "event_id": "434f118194174d2e10374967c64d80057f1f0a8aa7446ddcbd897ff68fac7eec",
    "schema_version": "1.0.0",
    "event_type": "agent_order",
    "source": "synthetic_agent",
    "symbol": "BTCUSDT",
    "exchange": "binance_usdm",
    "timestamp": "2024-05-01T00:00:15Z",
    "sequence": 15,
    "scenario_id": "scenario-145-twap_execution",
    "agent_id": "agent-twap_execution",
    "order_id": "scenario-145-twap_execution-agent-twap_execution-15",
    "action": "new",
    "side": "buy",
    "price": 65112.427500000005,
    "quantity": 0.005,
    "remaining_quantity": 0.005
  },
  {
    "event_id": "1d9ad297a0dea336a568dc6751baceae8c55ccc00b7b4b07625d1b577efdfb31",
    "schema_version": "1.0.0",
    "event_type": "agent_order",
    "source": "synthetic_agent",
    "symbol": "BTCUSDT",
    "exchange": "binance_usdm",
    "timestamp": "2024-05-01T00:00:16Z",
    "sequence": 16,
    "scenario_id": "scenario-145-twap_execution",
    "agent_id": "agent-twap_execution",
    "order_id": "scenario-145-twap_execution-agent-twap_execution-16",
    "action": "new",
    "side": "buy",
    "price": 65112.427500000005,
    "quantity": 0.005,
    "remaining_quantity": 0.005
  },
  {
    "event_id": "449498efc1c245f57ee88b48184da5cd170c339c2a40ed912518adf03ff03c08",
    "schema_version": "1.0.0",
    "event_type": "agent_order",
    "source": "synthetic_agent",
    "symbol": "BTCUSDT",
    "exchange": "binance_usdm",
    "timestamp": "2024-05-01T00:00:17Z",
    "sequence": 17,
    "scenario_id": "scenario-145-twap_execution",
    "agent_id": "agent-twap_execution",
    "order_id": "scenario-145-twap_execution-agent-twap_execution-17",
    "action": "new",
    "side": "buy",
    "price": 65112.427500000005,
    "quantity": 0.005,
    "remaining_quantity": 0.005
  },
  {
    "event_id": "a9fb95a873e2f32d377e10ba556c04e6a0227240d9cf2af0a711870653d959ef",
    "schema_version": "1.0.0",
    "event_type": "agent_order",
    "source": "synthetic_agent",
    "symbol": "BTCUSDT",
    "exchange": "binance_usdm",
    "timestamp": "2024-05-01T00:00:18Z",
    "sequence": 18,
    "scenario_id": "scenario-145-twap_execution",
    "agent_id": "agent-twap_execution",
    "order_id": "scenario-145-twap_execution-agent-twap_execution-18",
    "action": "new",
    "side": "buy",
    "price": 65112.427500000005,
    "quantity": 0.005,
    "remaining_quantity": 0.005
  },
  {
    "event_id": "264f85cebc6528e8b670ceaf3c8dd5f63e2c5b8e236d470d88b9f31c9f625a22",
    "schema_version": "1.0.0",
    "event_type": "agent_order",
    "source": "synthetic_agent",
    "symbol": "BTCUSDT",
    "exchange": "binance_usdm",
    "timestamp": "2024-05-01T00:00:19Z",
    "sequence": 19,
    "scenario_id": "scenario-145-twap_execution",
    "agent_id": "agent-twap_execution",
    "order_id": "scenario-145-twap_execution-agent-twap_execution-19",
    "action": "new",
    "side": "buy",
    "price": 65112.427500000005,
    "quantity": 0.005,
    "remaining_quantity": 0.005
  },
  {
    "event_id": "7c35d5438d9079ee217905dffa21e721c23ef0bf75a3092091f86474d64633b7",
    "schema_version": "1.0.0",
    "event_type": "agent_order",
    "source": "synthetic_agent",
    "symbol": "BTCUSDT",
    "exchange": "binance_usdm",
    "timestamp": "2024-05-01T00:00:20Z",
    "sequence": 20,
    "scenario_id": "scenario-145-twap_execution",
    "agent_id": "agent-twap_execution",
    "order_id": "scenario-145-twap_execution-agent-twap_execution-20",
    "action": "new",
    "side": "buy",
    "price": 65112.427500000005,
    "quantity": 0.005,
    "remaining_quantity": 0.005
  },
  {
    "event_id": "952fa5ff49cac43e3f8b0b0814c2505fb981a8607c17f62d2d21f5f5f36e9101",
    "schema_version": "1.0.0",
    "event_type": "agent_order",
    "source": "synthetic_agent",
    "symbol": "BTCUSDT",
    "exchange": "binance_usdm",
    "timestamp": "2024-05-01T00:00:21Z",
    "sequence": 21,
    "scenario_id": "scenario-145-twap_execution",
    "agent_id": "agent-twap_execution",
    "order_id": "scenario-145-twap_execution-agent-twap_execution-21",
    "action": "new",
    "side": "buy",
    "price": 65112.427500000005,
    "quantity": 0.005,
    "remaining_quantity": 0.005
  },
  {
    "event_id": "19440bf56c613919233d99b7d5fd5488c99645247d81594508619994fb69d54e",
    "schema_version": "1.0.0",
    "event_type": "agent_order",
    "source": "synthetic_agent",
    "symbol": "BTCUSDT",
    "exchange": "binance_usdm",
    "timestamp": "2024-05-01T00:00:22Z",
    "sequence": 22,
    "scenario_id": "scenario-145-twap_execution",
    "agent_id": "agent-twap_execution",
    "order_id": "scenario-145-twap_execution-agent-twap_execution-22",
    "action": "new",
    "side": "buy",
    "price": 65112.427500000005,
    "quantity": 0.005,
    "remaining_quantity": 0.005
  },
  {
    "event_id": "7b6a464d93cedc0548f8ecd68a37a0c9d28eced40ab76adb77f661c8a4a2ee66",
    "schema_version": "1.0.0",
    "event_type": "agent_order",
    "source": "synthetic_agent",
    "symbol": "BTCUSDT",
    "exchange": "binance_usdm",
    "timestamp": "2024-05-01T00:00:23Z",
    "sequence": 23,
    "scenario_id": "scenario-145-twap_execution",
    "agent_id": "agent-twap_execution",
    "order_id": "scenario-145-twap_execution-agent-twap_execution-23",
    "action": "new",
    "side": "buy",
    "price": 65112.427500000005,
    "quantity": 0.005,
    "remaining_quantity": 0.005
  },
  {
    "event_id": "ece0dde29fc95cb1b0fe19dc35d367127a97f641439016e7863227274638d470",
    "schema_version": "1.0.0",
    "event_type": "agent_order",
    "source": "synthetic_agent",
    "symbol": "BTCUSDT",
    "exchange": "binance_usdm",
    "timestamp": "2024-05-01T00:00:24Z",
    "sequence": 24,
    "scenario_id": "scenario-145-twap_execution",
    "agent_id": "agent-twap_execution",
    "order_id": "scenario-145-twap_execution-agent-twap_execution-24",
    "action": "new",
    "side": "buy",
    "price": 65112.427500000005,
    "quantity": 0.005,
    "remaining_quantity": 0.005
  },
  {
    "event_id": "147eb1d49b22fd070861105257dea5158bf7d9ddcd8af21a74cc30eeeb1bda9d",
    "schema_version": "1.0.0",
    "event_type": "agent_order",
    "source": "synthetic_agent",
    "symbol": "BTCUSDT",
    "exchange": "binance_usdm",
    "timestamp": "2024-05-01T00:00:25Z",
    "sequence": 25,
    "scenario_id": "scenario-145-twap_execution",
    "agent_id": "agent-twap_execution",
    "order_id": "scenario-145-twap_execution-agent-twap_execution-25",
    "action": "new",
    "side": "buy",
    "price": 65112.427500000005,
    "quantity": 0.005,
    "remaining_quantity": 0.005
  },
  {
    "event_id": "5cc97a6ae8f8ce53aa303c5dda1b76dc3bfce2ce3e3e1d276b265cf404879b8b",
    "schema_version": "1.0.0",
    "event_type": "agent_order",
    "source": "synthetic_agent",
    "symbol": "BTCUSDT",
    "exchange": "binance_usdm",
    "timestamp": "2024-05-01T00:00:26Z",
    "sequence": 26,
    "scenario_id": "scenario-145-twap_execution",
    "agent_id": "agent-twap_execution",
    "order_id": "scenario-145-twap_execution-agent-twap_execution-26",
    "action": "new",
    "side": "buy",
    "price": 65112.427500000005,
    "quantity": 0.005,
    "remaining_quantity": 0.005
  },
  {
    "event_id": "ad667bd120d8cbac358e322724814325432eed31b88cf174a6898fa697710ee1",
    "schema_version": "1.0.0",
    "event_type": "agent_order",
    "source": "synthetic_agent",
    "symbol": "BTCUSDT",
    "exchange": "binance_usdm",
    "timestamp": "2024-05-01T00:00:27Z",
    "sequence": 27,
    "scenario_id": "scenario-145-twap_execution",
    "agent_id": "agent-twap_execution",
    "order_id": "scenario-145-twap_execution-agent-twap_execution-27",
    "action": "new",
    "side": "buy",
    "price": 65112.427500000005,
    "quantity": 0.005,
    "remaining_quantity": 0.005
  },
  {
    "event_id": "b604902ea94c3cbb4f4e2463a0b0e3a5110204194aa244ca63347ab546705ee9",
    "schema_version": "1.0.0",
    "event_type": "agent_order",
    "source": "synthetic_agent",
    "symbol": "BTCUSDT",
    "exchange": "binance_usdm",
    "timestamp": "2024-05-01T00:00:28Z",
    "sequence": 28,
    "scenario_id": "scenario-145-twap_execution",
    "agent_id": "agent-twap_execution",
    "order_id": "scenario-145-twap_execution-agent-twap_execution-28",
    "action": "new",
    "side": "buy",
    "price": 65112.427500000005,
    "quantity": 0.005,
    "remaining_quantity": 0.005
  },
  {
    "event_id": "32210587b906b81697b20345f971b2f765b8b803f9f2655b4d2f96a7d0e84573",
    "schema_version": "1.0.0",
    "event_type": "agent_order",
    "source": "synthetic_agent",
    "symbol": "BTCUSDT",
    "exchange": "binance_usdm",
    "timestamp": "2024-05-01T00:00:29Z",
    "sequence": 29,
    "scenario_id": "scenario-145-twap_execution",
    "agent_id": "agent-twap_execution",
    "order_id": "scenario-145-twap_execution-agent-twap_execution-29",
    "action": "new",
    "side": "buy",
    "price": 65112.427500000005,
    "quantity": 0.005,
    "remaining_quantity": 0.005
  }
]