[
  {
    "event_id": "952eaf6185a65a9007432d84e21b08f8627bd29ecf9addf5a663843bd93114de",
    "schema_version": "1.0.0",
    "event_type": "agent_order",
    "source": "synthetic_agent",
    "symbol": "BTCUSDT",
    "exchange": "binance_usdm",
    "timestamp": "2024-05-01T00:00:00Z",
    "sequence": 0,
    "scenario_id": "scenario-067-coordinated_burst",
    "agent_id": "agent-coordinated_burst-0",
    "order_id": "scenario-067-coordinated_burst-agent-coordinated_burst-0-0",
    "action": "new",
    "side": "buy",
    "price": 65080.013399999996,
    "quantity": 0.04,
    "remaining_quantity": 0.04
  },
  {
    "event_id": "a8719378b2a7e11aa85e30f56338c02ec868ceee59f37457f30c317ec7236e9a",
    "schema_version": "1.0.0",
    "event_type": "agent_order",
    "source": "synthetic_agent",
    "symbol": "BTCUSDT",
    "exchange": "binance_usdm",
    "timestamp": "2024-05-01T00:00:00.012000Z",
    "sequence": 1,
    "scenario_id": "scenario-067-coordinated_burst",
    "agent_id": "agent-coordinated_burst-1",
    "order_id": "scenario-067-coordinated_burst-agent-coordinated_burst-1-1",
    "action": "new",
    "side": "sell",
    "price": 65053.986600000004,
    "quantity": 0.04,
    "remaining_quantity": 0.04
  },
  {
    "event_id": "42038fef3a237765be60b972f93e7d4b54c46ef9588772f2caa560a9068ee242",
    "schema_version": "1.0.0",
    "event_type": "agent_order",
    "source": "synthetic_agent",
    "symbol": "BTCUSDT",
    "exchange": "binance_usdm",
    "timestamp": "2024-05-01T00:00:00.024000Z",
    "sequence": 2,
    "scenario_id": "scenario-067-coordinated_burst",
    "agent_id": "agent-coordinated_burst-2",
    "order_id": "scenario-067-coordinated_burst-agent-coordinated_burst-2-2",
    "action": "new",
    "side": "sell",
    "price": 65053.986600000004,
    "quantity": 0.04,
    "remaining_quantity": 0.04
  },
  {
    "event_id": "a2b20a965dba5244fbe7845405609e3d9d24a624364f5700519c91900d7a344b",
    "schema_version": "1.0.0",
    "event_type": "agent_order",
    "source": "synthetic_agent",
    "symbol": "BTCUSDT",
    "exchange": "binance_usdm",
    "timestamp": "2024-05-01T00:00:00.036000Z",
    "sequence": 3,
    "scenario_id": "scenario-067-coordinated_burst",
    "agent_id": "agent-coordinated_burst-0",
    "order_id": "scenario-067-coordinated_burst-agent-coordinated_burst-0-3",
    "action": "new",
    "side": "buy",
    "price": 65080.013399999996,
    "quantity": 0.04,
    "remaining_quantity": 0.04
  },
  {
    "event_id": "7cd915729a00f5693ce6027ebf64995714856eada0b2b83d06f32907449c0cd5",
    "schema_version": "1.0.0",
    "event_type": "agent_order",
    "source": "synthetic_agent",
    "symbol": "BTCUSDT",
    "exchange": "binance_usdm",
    "timestamp": "2024-05-01T00:00:00.048000Z",
    "sequence": 4,
    "scenario_id": "scenario-067-coordinated_burst",
    "agent_id": "agent-coordinated_burst-1",
    "order_id": "scenario-067-coordinated_burst-agent-coordinated_burst-1-4",
    "action": "new",
    "side": "sell",
    "price": 65053.986600000004,
    "quantity": 0.04,
    "remaining_quantity": 0.04
  },
  {
    "event_id": "978740092e3cc31aa081e5c69d92a06d3cf584501fc7551f5f64882d585f920f",
    "schema_version": "1.0.0",
    "event_type": "agent_order",
    "source": "synthetic_agent",
    "symbol": "BTCUSDT",
    "exchange": "binance_usdm",
    "timestamp": "2024-05-01T00:00:00.600000Z",
    "sequence": 5,
    "scenario_id": "scenario-067-coordinated_burst",
    "agent_id": "agent-coordinated_burst-2",
    "order_id": "scenario-067-coordinated_burst-agent-coordinated_burst-2-5",
    "action": "new",
    "side": "sell",
    "price": 65053.986600000004,
    "quantity": 0.04,
    "remaining_quantity": 0.04
  },
  {
    "event_id": "fce2d1082a36778f329a85de64ac81ac397abea8fd1a49b651be8902547bb7e0",
    "schema_version": "1.0.0",
    "event_type": "agent_order",
    "source": "synthetic_agent",
    "symbol": "BTCUSDT",
    "exchange": "binance_usdm",
    "timestamp": "2024-05-01T00:00:00.072000Z",
    "sequence": 6,
    "scenario_id": "scenario-067-coordinated_burst",
    "agent_id": "agent-coordinated_burst-0",
    "order_id": "scenario-067-coordinated_burst-agent-coordinated_burst-0-6",
    "action": "new",
    "side": "buy",
    "price": 65080.013399999996,
    "quantity": 0.04,
    "remaining_quantity": 0.04
  },
  {
    "event_id": "0c8278aeb1ee03583b2375a13b0276c905ee51f9862fa194bfef1b8dec57b8ee",
    "schema_version": "1.0.0",
    "event_type": "agent_order",
    "source": "synthetic_agent",
    "symbol": "BTCUSDT",
    "exchange": "binance_usdm",
    "timestamp": "2024-05-01T00:00:00.084000Z",
    "sequence": 7,
    "scenario_id": "scenario-067-coordinated_burst",
    "agent_id": "agent-coordinated_burst-1",
    "order_id": "scenario-067-coordinated_burst-agent-coordinated_burst-1-7",
    "action": "new",
    "side": "sell",
    "price": 65053.986600000004,
    "quantity": 0.04,
    "remaining_quantity": 0.04
  },
  {
    "event_id": "0ee1f955cb7e6120634b3abefbbbddc6510c991551bef141abd49bdb937cc56b",
    "schema_version": "1.0.0",
    "event_type": "agent_order",
    "source": "synthetic_agent",
    "symbol": "BTCUSDT",
    "exchange": "binance_usdm",
    "timestamp": "2024-05-01T00:00:00.096000Z",
    "sequence": 8,
    "scenario_id": "scenario-067-coordinated_burst",
    "agent_id": "agent-coordinated_burst-2",
    "order_id": "scenario-067-coordinated_burst-agent-coordinated_burst-2-8",
    "action": "new",
    "side": "sell",
    "price": 65053.986600000004,
    "quantity": 0.04,
    "remaining_quantity": 0.04
  },
  {
    "event_id": "28ebaf6c78cc0fbe435b5e1d2e2c3bf0e22de6887399ff858806505028d669b1",
    "schema_version": "1.0.0",
    "event_type": "agent_order",
    "source": "synthetic_agent",
    "symbol": "BTCUSDT",
    "exchange": "binance_usdm",
    "timestamp": "2024-05-01T00:00:00.108000Z",
    "sequence": 9,
    "scenario_id": "scenario-067-coordinated_burst",
    "agent_id": "agent-coordinated_burst-0",
    "order_id": "scenario-067-coordinated_burst-agent-coordinated_burst-0-9",
    "action": "new",
    "side": "buy",
    "price": 65080.013399999996,
    "quantity": 0.04,
    "remaining_quantity": 0.04
  },
  {
    "event_id": "c1b8f4fa53c1992cbe7124c69754baa85d15cde57a115754a2187f798ca687a9",
    "schema_version": "1.0.0",
    "event_type": "agent_order",
    "source": "synthetic_agent",
    "symbol": "BTCUSDT",
    "exchange": "binance_usdm",
    "timestamp": "2024-05-01T00:00:01.200000Z",
    "sequence": 10,
    "scenario_id": "scenario-067-coordinated_burst",
    "agent_id": "agent-coordinated_burst-1",
    "order_id": "scenario-067-coordinated_burst-agent-coordinated_burst-1-10",
    "action": "new",
    "side": "sell",
    "price": 65053.986600000004,
    "quantity": 0.04,
    "remaining_quantity": 0.04
  },
  {
    "event_id": "b121ed7fd1fd19190ae33dd3c226e93c422bc5250ca94d5c5e5ce51f5b285942",
    "schema_version": "1.0.0",
    "event_type": "agent_order",
    "source": "synthetic_agent",
    "symbol": "BTCUSDT",
    "exchange": "binance_usdm",
    "timestamp": "2024-05-01T00:00:00.132000Z",
    "sequence": 11,
    "scenario_id": "scenario-067-coordinated_burst",
    "agent_id": "agent-coordinated_burst-2",
    "order_id": "scenario-067-coordinated_burst-agent-coordinated_burst-2-11",
    "action": "new",
    "side": "sell",
    "price": 65053.986600000004,
    "quantity": 0.04,
    "remaining_quantity": 0.04
  },
  {
    "event_id": "155f79f00b261e41979d6d69051bf17df0f7f10aca822cbfe469c0a1304aef07",
    "schema_version": "1.0.0",
    "event_type": "agent_order",
    "source": "synthetic_agent",
    "symbol": "BTCUSDT",
    "exchange": "binance_usdm",
    "timestamp": "2024-05-01T00:00:00.144000Z",
    "sequence": 12,
    "scenario_id": "scenario-067-coordinated_burst",
    "agent_id": "agent-coordinated_burst-0",
    "order_id": "scenario-067-coordinated_burst-agent-coordinated_burst-0-12",
    "action": "new",
    "side": "buy",
    "price": 65080.013399999996,
    "quantity": 0.04,
    "remaining_quantity": 0.04
  },
  {
    "event_id": "c6c61d501d3a022eebca3496f7110dcfb98758cfadedafba6c20bb017716fb35",
    "schema_version": "1.0.0",
    "event_type": "agent_order",
    "source": "synthetic_agent",
    "symbol": "BTCUSDT",
    "exchange": "binance_usdm",
    "timestamp": "2024-05-01T00:00:00.156000Z",
    "sequence": 13,
    "scenario_id": "scenario-067-coordinated_burst",
    "agent_id": "agent-coordinated_burst-1",
    "order_id": "scenario-067-coordinated_burst-agent-coordinated_burst-1-13",
    "action": "new",
    "side": "sell",
    "price": 65053.986600000004,
    "quantity": 0.04,
    "remaining_quantity": 0.04
  },
  {
    "event_id": "c69167d75f5cab1175daeaea67fd22069ad009848f1c19c2795556b2ba3ba233",
    "schema_version": "1.0.0",
    "event_type": "agent_order",
    "source": "synthetic_agent",
    "symbol": "BTCUSDT",
    "exchange": "binance_usdm",
    "timestamp": "2024-05-01T00:00:00.168000Z",
    "sequence": 14,
    "scenario_id": "scenario-067-coordinated_burst",
    "agent_id": "agent-coordinated_burst-2",
    "order_id": "scenario-067-coordinated_burst-agent-coordinated_burst-2-14",
    "action": "new",
    "side": "sell",
    "price": 65053.986600000004,
    "quantity": 0.04,
    "remaining_quantity": 0.04
  },
  {
    "event_id": "aeceb3238ef1958d59c4a64f0d124ff2fa01f45cb9356b3ea0b1779505d14abb",
    "schema_version": "1.0.0",
    "event_type": "agent_order",
    "source": "synthetic_agent",
    "symbol": "BTCUSDT",
    "exchange": "binance_usdm",
    "timestamp": "2024-05-01T00:00:01.800000Z",
    "sequence": 15,
    "scenario_id": "scenario-067-coordinated_burst",
    "agent_id": "agent-coordinated_burst-0",
    "order_id": "scenario-067-coordinated_burst-agent-coordinated_burst-0-15",
    "action": "new",
    "side": "buy",
    "price": 65080.013399999996,
    "quantity": 0.04,
    "remaining_quantity": 0.04
  },
  {
    "event_id": "6fff8336336993fd51f590d019e7a0fdc3c495b58d226a1f63cdafed15939acb",
    "schema_version": "1.0.0",
    "event_type": "agent_order",
    "source": "synthetic_agent",
    "symbol": "BTCUSDT",
    "exchange": "binance_usdm",
    "timestamp": "2024-05-01T00:00:00.192000Z",
    "sequence": 16,
    "scenario_id": "scenario-067-coordinated_burst",
    "agent_id": "agent-coordinated_burst-1",
    "order_id": "scenario-067-coordinated_burst-agent-coordinated_burst-1-16",
    "action": "new",
    "side": "sell",
    "price": 65053.986600000004,
    "quantity": 0.04,
    "remaining_quantity": 0.04
  },
  {
    "event_id": "0d0ced9992313d194ee18627f9a96f6d1ad5ce1c44351f5e0216e1e00fac8014",
    "schema_version": "1.0.0",
    "event_type": "agent_order",
    "source": "synthetic_agent",
    "symbol": "BTCUSDT",
    "exchange": "binance_usdm",
    "timestamp": "2024-05-01T00:00:00.204000Z",
    "sequence": 17,
    "scenario_id": "scenario-067-coordinated_burst",
    "agent_id": "agent-coordinated_burst-2",
    "order_id": "scenario-067-coordinated_burst-agent-coordinated_burst-2-17",
    "action": "new",
    "side": "sell",
    "price": 65053.986600000004,
    "quantity": 0.04,
    "remaining_quantity": 0.04
  },
  {
    "event_id": "330718f5555732cbeef1ff211ad69c6b8846bf020a8d458b50fbb6ab0e64c80b",
    "schema_version": "1.0.0",
    "event_type": "agent_order",
    "source": "synthetic_agent",
    "symbol": "BTCUSDT",
    "exchange": "binance_usdm",
    "timestamp": "2024-05-01T00:00:00.216000Z",
    "sequence": 18,
    "scenario_id": "scenario-067-coordinated_burst",
    "agent_id": "agent-coordinated_burst-0",
    "order_id": "scenario-067-coordinated_burst-agent-coordinated_burst-0-18",
    "action": "new",
    "side": "buy",
    "price": 65080.013399999996,
    "quantity": 0.04,
    "remaining_quantity": 0.04
  },
  {
    "event_id": "0e5cda988806f337024e2d447216082ec63d799e0b08e0dce9e7e199e0ce2fc4",
    "schema_version": "1.0.0",
    "event_type": "agent_order",
    "source": "synthetic_agent",
    "symbol": "BTCUSDT",
    "exchange": "binance_usdm",
    "timestamp": "2024-05-01T00:00:00.228000Z",
    "sequence": 19,
    "scenario_id": "scenario-067-coordinated_burst",
    "agent_id": "agent-coordinated_burst-1",
    "order_id": "scenario-067-coordinated_burst-agent-coordinated_burst-1-19",
    "action": "new",
    "side": "sell",
    "price": 65053.986600000004,
    "quantity": 0.04,
    "remaining_quantity": 0.04
  },
  {
    "event_id": "4895fddb8f079ac85c62805f88597571eeeccc1d3da892a1cf255c2889e467e0",
    "schema_version": "1.0.0",
    "event_type": "agent_order",
    "source": "synthetic_agent",
    "symbol": "BTCUSDT",
    "exchange": "binance_usdm",
    "timestamp": "2024-05-01T00:00:02.400000Z",
    "sequence": 20,
    "scenario_id": "scenario-067-coordinated_burst",
    "agent_id": "agent-coordinated_burst-2",
    "order_id": "scenario-067-coordinated_burst-agent-coordinated_burst-2-20",
    "action": "new",
    "side": "sell",
    "price": 65053.986600000004,
    "quantity": 0.04,
    "remaining_quantity": 0.04
  },
  {
    "event_id": "653619cb97538409eecb64e93db0bdeb3062b6f3c19f86831928284c2ff90415",
    "schema_version": "1.0.0",
    "event_type": "agent_order",
    "source": "synthetic_agent",
    "symbol": "BTCUSDT",
    "exchange": "binance_usdm",
    "timestamp": "2024-05-01T00:00:00.252000Z",
    "sequence": 21,
    "scenario_id": "scenario-067-coordinated_burst",
    "agent_id": "agent-coordinated_burst-0",
    "order_id": "scenario-067-coordinated_burst-agent-coordinated_burst-0-21",
    "action": "new",
    "side": "buy",
    "price": 65080.013399999996,
    "quantity": 0.04,
    "remaining_quantity": 0.04
  },
  {
    "event_id": "cb82f6b6a4d3a3119f48390c50196758e0175bbf83c42d0500b3d5fddd6875ed",
    "schema_version": "1.0.0",
    "event_type": "agent_order",
    "source": "synthetic_agent",
    "symbol": "BTCUSDT",
    "exchange": "binance_usdm",
    "timestamp": "2024-05-01T00:00:00.264000Z",
    "sequence": 22,
    "scenario_id": "scenario-067-coordinated_burst",
    "agent_id": "agent-coordinated_burst-1",
    "order_id": "scenario-067-coordinated_burst-agent-coordinated_burst-1-22",
    "action": "new",
    "side": "sell",
    "price": 65053.986600000004,
    "quantity": 0.04,
    "remaining_quantity": 0.04
  },
  {
    "event_id": "e5e65491b876d50b6584cec02cab5b721d9433b405a04a5ab2327002d7e9bcd8",
    "schema_version": "1.0.0",
    "event_type": "agent_order",
    "source": "synthetic_agent",
    "symbol": "BTCUSDT",
    "exchange": "binance_usdm",
    "timestamp": "2024-05-01T00:00:00.276000Z",
    "sequence": 23,
    "scenario_id": "scenario-067-coordinated_burst",
    "agent_id": "agent-coordinated_burst-2",
    "order_id": "scenario-067-coordinated_burst-agent-coordinated_burst-2-23",
    "action": "new",
    "side": "sell",
    "price": 65053.986600000004,
    "quantity": 0.04,
    "remaining_quantity": 0.04
  },
  {
    "event_id": "8e0798e0c55aa4c1578e48e1852dd20935397bf5638174d5c507db54b753e125",
    "schema_version": "1.0.0",
    "event_type": "agent_order",
    "source": "synthetic_agent",
    "symbol": "BTCUSDT",
    "exchange": "binance_usdm",
    "timestamp": "2024-05-01T00:00:00.288000Z",
    "sequence": 24,
    "scenario_id": "scenario-067-coordinated_burst",
    "agent_id": "agent-coordinated_burst-0",
    "order_id": "scenario-067-coordinated_burst-agent-coordinated_burst-0-24",
    "action": "new",
    "side": "buy",
    "price": 65080.013399999996,
    "quantity": 0.04,
    "remaining_quantity": 0.04
  },
  {
    "event_id": "9203f68ed8b80ffc37e2f95e03bfa3887e57a109bd00979276e9fec4beb5a9e3",
    "schema_version": "1.0.0",
    "event_type": "agent_order",
    "source": "synthetic_agent",
    "symbol": "BTCUSDT",
    "exchange": "binance_usdm",
    "timestamp": "2024-05-01T00:00:03Z",
    "sequence": 25,
    "scenario_id": "scenario-067-coordinated_burst",
    "agent_id": "agent-coordinated_burst-1",
    "order_id": "scenario-067-coordinated_burst-agent-coordinated_burst-1-25",
    "action": "new",
    "side": "sell",
    "price": 65053.986600000004,
    "quantity": 0.04,
    "remaining_quantity": 0.04
  },
  {
    "event_id": "f2a074bd3b0112494397594e664052640232d71572c5e377d2e50e5ac9675cb1",
    "schema_version": "1.0.0",
    "event_type": "agent_order",
    "source": "synthetic_agent",
    "symbol": "BTCUSDT",
    "exchange": "binance_usdm",
    "timestamp": "2024-05-01T00:00:00.312000Z",
    "sequence": 26,
    "scenario_id": "scenario-067-coordinated_burst",
    "agent_id": "agent-coordinated_burst-2",
    "order_id": "scenario-067-coordinated_burst-agent-coordinated_burst-2-26",
    "action": "new",
    "side": "sell",
    "price": 65053.986600000004,
    "quantity": 0.04,
    "remaining_quantity": 0.04
  },
  {
    "event_id": "23726d8f67c80937d70495622cd80ef3385917dfc5eb09cd1b6d70059c18543d",
    "schema_version": "1.0.0",
    "event_type": "agent_order",
    "source": "synthetic_agent",
    "symbol": "BTCUSDT",
    "exchange": "binance_usdm",
    "timestamp": "2024-05-01T00:00:00.324000Z",
    "sequence": 27,
    "scenario_id": "scenario-067-coordinated_burst",
    "agent_id": "agent-coordinated_burst-0",
    "order_id": "scenario-067-coordinated_burst-agent-coordinated_burst-0-27",
    "action": "new",
    "side": "buy",
    "price": 65080.013399999996,
    "quantity": 0.04,
    "remaining_quantity": 0.04
  },
  {
    "event_id": "6195a647f6eb75298033e8de2d50e1aae8e9518928e8b9a62e2f7c96b392dbec",
    "schema_version": "1.0.0",
    "event_type": "agent_order",
    "source": "synthetic_agent",
    "symbol": "BTCUSDT",
    "exchange": "binance_usdm",
    "timestamp": "2024-05-01T00:00:00.336000Z",
    "sequence": 28,
    "scenario_id": "scenario-067-coordinated_burst",
    "agent_id": "agent-coordinated_burst-1",
    "order_id": "scenario-067-coordinated_burst-agent-coordinated_burst-1-28",
    "action": "new",
    "side": "sell",
    "price": 65053.986600000004,
    "quantity": 0.04,
    "remaining_quantity": 0.04
  },
  {
    "event_id": "8de5421140ad60a1d65f1236356f29520da68a557e22f05df2afa695603b97a1",
    "schema_version": "1.0.0",
    "event_type": "agent_order",
    "source": "synthetic_agent",
    "symbol": "BTCUSDT",
    "exchange": "binance_usdm",
    "timestamp": "2024-05-01T00:00:00.348000Z",
    "sequence": 29,
    "scenario_id": "scenario-067-coordinated_burst",
    "agent_id": "agent-coordinated_burst-2",
    "order_id": "scenario-067-coordinated_burst-agent-coordinated_burst-2-29",
    "action": "new",
    "side": "sell",
    "price": 65053.986600000004,
    "quantity": 0.04,
    "remaining_quantity": 0.04
  }
]