[
  {
    "event_id": "06faac7ade631c0b69e3e316458e701a8a6786ccf3b498b36f0ae9b9d2539368",
    "schema_version": "1.0.0",
    "event_type": "agent_order",
    "source": "synthetic_agent",
    "symbol": "BTCUSDT",
    "exchange": "binance_usdm",
    "timestamp": "2024-05-01T00:00:00Z",
    "sequence": 0,
    "scenario_id": "scenario-082-runaway_inventory",
    "agent_id": "agent-runaway_inventory",
    "order_id": "scenario-082-runaway_inventory-agent-runaway_inventory-0",
    "action": "new",
    "side": "buy",
    "price": 65082.0,
    "quantity": 0.01,
    "remaining_quantity": 0.01
  },
  {
    "event_id": "02823344560a2b7555f0381309c0b1414969a36e44d41ce8df88b00394bda193",
    "schema_version": "1.0.0",
    "event_type": "agent_order",
    "source": "synthetic_agent",
    "symbol": "BTCUSDT",
    "exchange": "binance_usdm",
    "timestamp": "2024-05-01T00:00:00.070000Z",
    "sequence": 1,
    "scenario_id": "scenario-082-runaway_inventory",
    "agent_id": "agent-runaway_inventory",
    "order_id": "scenario-082-runaway_inventory-agent-runaway_inventory-1",
    "action": "new",
    "side": "buy",
    "price": 65083.95246,
    "quantity": 0.012,
    "remaining_quantity": 0.012
  },
  {
    "event_id": "f989df203649e6d95727259e7b11e92cbad8d9877fc982fd3dd47ad29e75f9de",
    "schema_version": "1.0.0",
    "event_type": "agent_order",
    "source": "synthetic_agent",
    "symbol": "BTCUSDT",
    "exchange": "binance_usdm",
    "timestamp": "2024-05-01T00:00:00.140000Z",
    "sequence": 2,
    "scenario_id": "scenario-082-runaway_inventory",
    "agent_id": "agent-runaway_inventory",
    "order_id": "scenario-082-runaway_inventory-agent-runaway_inventory-2",
    "action": "new",
    "side": "buy",
    "price": 65085.90491999999,
    "quantity": 0.014,
    "remaining_quantity": 0.014
  },
  {
    "event_id": "ed2efbc97cbe3b26981146140ed53769990d669c7730261ce7479d58770169a3",
    "schema_version": "1.0.0",
    "event_type": "agent_order",
    "source": "synthetic_agent",
    "symbol": "BTCUSDT",
    "exchange": "binance_usdm",
    "timestamp": "2024-05-01T00:00:00.210000Z",
    "sequence": 3,
    "scenario_id": "scenario-082-runaway_inventory",
    "agent_id": "agent-runaway_inventory",
    "order_id": "scenario-082-runaway_inventory-agent-runaway_inventory-3",
    "action": "new",
    "side": "buy",
    "price": 65087.857379999994,
    "quantity": 0.016,
    "remaining_quantity": 0.016
  },
  {
    "event_id": "e21b69147b1ac4ef86d1bba9306087829bc54ddb8df9761e841d3ee21baaada8",
    "schema_version": "1.0.0",
    "event_type": "agent_order",
    "source": "synthetic_agent",
    "symbol": "BTCUSDT",
    "exchange": "binance_usdm",
    "timestamp": "2024-05-01T00:00:00.280000Z",
    "sequence": 4,
    "scenario_id": "scenario-082-runaway_inventory",
    "agent_id": "agent-runaway_inventory",
    "order_id": "scenario-082-runaway_inventory-agent-runaway_inventory-4",
    "action": "new",
    "side": "buy",
    "price": 65089.809839999994,
    "quantity": 0.018000000000000002,
    "remaining_quantity": 0.018000000000000002
  },
  {
    "event_id": "96ea36f3c0907eeef0fc59cc0c4d924a0761475863e10dd272120c0d4bf029dd",
    "schema_version": "1.0.0",
    "event_type": "agent_order",
    "source": "synthetic_agent",
    "symbol": "BTCUSDT",
    "exchange": "binance_usdm",
    "timestamp": "2024-05-01T00:00:00.350000Z",
    "sequence": 5,
    "scenario_id": "scenario-082-runaway_inventory",
    "agent_id": "agent-runaway_inventory",
    "order_id": "scenario-082-runaway_inventory-agent-runaway_inventory-5",
    "action": "new",
    "side": "buy",
    "price": 65091.76230000001,
    "quantity": 0.02,
    "remaining_quantity": 0.02
  },
  {
    "event_id": "7549243774dde84b1aec3b677c25daf411b5a2db30a56d4a74e4a8cde440d476",
    "schema_version": "1.0.0",
    "event_type": "agent_order",
    "source": "synthetic_agent",
    "symbol": "BTCUSDT",
    "exchange": "binance_usdm",
    "timestamp": "2024-05-01T00:00:00.420000Z",
    "sequence": 6,
    "scenario_id": "scenario-082-runaway_inventory",
    "agent_id": "agent-runaway_inventory",
    "order_id": "scenario-082-runaway_inventory-agent-runaway_inventory-6",
    "action": "new",
    "side": "buy",
    "price": 65093.71476,
    "quantity": 0.022,
    "remaining_quantity": 0.022
  },
  {
    "event_id": "edfbe00c91a7b7f826a7f9834548b4334f652ab8d7be8aed9df3c247515158b6",
    "schema_version": "1.0.0",
    "event_type": "agent_order",
    "source": "synthetic_agent",
    "symbol": "BTCUSDT",
    "exchange": "binance_usdm",
    "timestamp": "2024-05-01T00:00:00.490000Z",
    "sequence": 7,
    "scenario_id": "scenario-082-runaway_inventory",
    "agent_id": "agent-runaway_inventory",
    "order_id": "scenario-082-runaway_inventory-agent-runaway_inventory-7",
    "action": "new",
    "side": "buy",
    "price": 65095.66722,
    "quantity": 0.024,
    "remaining_quantity": 0.024
  },
  {
    "event_id": "1bb80d6b3fd1d9024e374f809b66a9ba07a730e7296d817636111f4cdac67545",
    "schema_version": "1.0.0",
    "event_type": "agent_order",
    "source": "synthetic_agent",
    "symbol": "BTCUSDT",
    "exchange": "binance_usdm",
    "timestamp": "2024-05-01T00:00:00.560000Z",
    "sequence": 8,
    "scenario_id": "scenario-082-runaway_inventory",
    "agent_id": "agent-runaway_inventory",
    "order_id": "scenario-082-runaway_inventory-agent-runaway_inventory-8",
    "action": "new",
    "side": "buy",
    "price": 65097.61968,
    "quantity": 0.026000000000000002,
    "remaining_quantity": 0.026000000000000002
  },
  {
    "event_id": "ee5961d11cec8782cd6bf200019c8336a402ddd4d4206b5e2b7586ec2e79e24d",
    "schema_version": "1.0.0",
    "event_type": "agent_order",
    "source": "synthetic_agent",
    "symbol": "BTCUSDT",
    "exchange": "binance_usdm",
    "timestamp": "2024-05-01T00:00:00.630000Z",
    "sequence": 9,
    "scenario_id": "scenario-082-runaway_inventory",
    "agent_id": "agent-runaway_inventory",
    "order_id": "scenario-082-runaway_inventory-agent-runaway_inventory-9",
    "action": "new",
    "side": "buy",
    "price": 65099.57214,
    "quantity": 0.028000000000000004,
    "remaining_quantity": 0.028000000000000004
  },
  {
    "event_id": "dc1c1e6cd2a5371e165ff1a1c39fa3185c76e757e7d8ed36abc514abee470543",
    "schema_version": "1.0.0",
    "event_type": "agent_order",
    "source": "synthetic_agent",
    "symbol": "BTCUSDT",
    "exchange": "binance_usdm",
    "timestamp": "2024-05-01T00:00:00.700000Z",
    "sequence": 10,
    "scenario_id": "scenario-082-runaway_inventory",
    "agent_id": "agent-runaway_inventory",
    "order_id": "scenario-082-runaway_inventory-agent-runaway_inventory-10",
    "action": "new",
    "side": "buy",
    "price": 65101.5246,
    "quantity": 0.03,
    "remaining_quantity": 0.03
  },
  {
    "event_id": "2ddf0f25a5663413c4e42ae596f47d2f00aff632ae0f372f32f17c26b51fc234",
    "schema_version": "1.0.0",
    "event_type": "agent_order",
    "source": "synthetic_agent",
    "symbol": "BTCUSDT",
    "exchange": "binance_usdm",
    "timestamp": "2024-05-01T00:00:00.770000Z",
    "sequence": 11,
    "scenario_id": "scenario-082-runaway_inventory",
    "agent_id": "agent-runaway_inventory",
    "order_id": "scenario-082-runaway_inventory-agent-runaway_inventory-11",
    "action": "new",
    "side": "buy",
    "price": 65103.47706,
    "quantity": 0.032,
    "remaining_quantity": 0.032
  },
  {
    "event_id": "979f6980581cadbc7fedc154a3213b44e643155451ad92f4d388243d6a3990a0",
    "schema_version": "1.0.0",
    "event_type": "agent_order",
    "source": "synthetic_agent",
    "symbol": "BTCUSDT",
    "exchange": "binance_usdm",
    "timestamp": "2024-05-01T00:00:00.840000Z",
    "sequence": 12,
    "scenario_id": "scenario-082-runaway_inventory",
    "agent_id": "agent-runaway_inventory",
    "order_id": "scenario-082-runaway_inventory-agent-runaway_inventory-12",
    "action": "new",
    "side": "buy",
    "price": 65105.42952,
    "quantity": 0.034,
    "remaining_quantity": 0.034
  },
  {
    "event_id": "39fa37bded0125f1d43261028fe6edc47d6e43e8dfa4e28d37a87ab102f56be0",
    "schema_version": "1.0.0",
    "event_type": "agent_order",
    "source": "synthetic_agent",
    "symbol": "BTCUSDT",
    "exchange": "binance_usdm",
    "timestamp": "2024-05-01T00:00:00.910000Z",
    "sequence": 13,
    "scenario_id": "scenario-082-runaway_inventory",
    "agent_id": "agent-runaway_inventory",
    "order_id": "scenario-082-runaway_inventory-agent-runaway_inventory-13",
    "action": "new",
    "side": "buy",
    "price": 65107.38197999999,
    "quantity": 0.036000000000000004,
    "remaining_quantity": 0.036000000000000004
  },
  {
    "event_id": "c4849282177981af2e7acc66df3e1c99f0ae6e02bd20788f5751415b2b9555d9",
    "schema_version": "1.0.0",
    "event_type": "agent_order",
    "source": "synthetic_agent",
    "symbol": "BTCUSDT",
    "exchange": "binance_usdm",
    "timestamp": "2024-05-01T00:00:00.980000Z",
    "sequence": 14,
    "scenario_id": "scenario-082-runaway_inventory",
    "agent_id": "agent-runaway_inventory",
    "order_id": "scenario-082-runaway_inventory-agent-runaway_inventory-14",
    "action": "new",
    "side": "buy",
    "price": 65109.334440000006,
    "quantity": 0.038,
    "remaining_quantity": 0.038
  },
  {
    "event_id": "921d1bc0f52eb83e2f710905233db1de061e0ec7f469b7839063b15f4dcd1cb8",
    "schema_version": "1.0.0",
    "event_type": "agent_order",
    "source": "synthetic_agent",
    "symbol": "BTCUSDT",
    "exchange": "binance_usdm",
    "timestamp": "2024-05-01T00:00:01.050000Z",
    "sequence": 15,
    "scenario_id": "scenario-082-runaway_inventory",
    "agent_id": "agent-runaway_inventory",
    "order_id": "scenario-082-runaway_inventory-agent-runaway_inventory-15",
    "action": "new",
    "side": "buy",
    "price": 65111.28690000001,
    "quantity": 0.04,
    "remaining_quantity": 0.04
  },
  {
    "event_id": "33ecc2b2589cf3b57d62efb6e7dd2e9e9960d2184eea945aaf7d06fd47ea01eb",
    "schema_version": "1.0.0",
    "event_type": "agent_order",
    "source": "synthetic_agent",
    "symbol": "BTCUSDT",
    "exchange": "binance_usdm",
    "timestamp": "2024-05-01T00:00:01.120000Z",
    "sequence": 16,
    "scenario_id": "scenario-082-runaway_inventory",
    "agent_id": "agent-runaway_inventory",
    "order_id": "scenario-082-runaway_inventory-agent-runaway_inventory-16",
    "action": "new",
    "side": "buy",
    "price": 65113.23936,
    "quantity": 0.042,
    "remaining_quantity": 0.042
  },
  {
    "event_id": "c593d13a44091f53028a47aa1818d5bd2d082ab9cc5a2633e7827d9d9f30b32d",
    "schema_version": "1.0.0",
    "event_type": "agent_order",
    "source": "synthetic_agent",
    "symbol": "BTCUSDT",
    "exchange": "binance_usdm",
    "timestamp": "2024-05-01T00:00:01.190000Z",
    "sequence": 17,
    "scenario_id": "scenario-082-runaway_inventory",
    "agent_id": "agent-runaway_inventory",
    "order_id": "scenario-082-runaway_inventory-agent-runaway_inventory-17",
    "action": "new",
    "side": "buy",
    "price": 65115.19182,
    "quantity": 0.044000000000000004,
    "remaining_quantity": 0.044000000000000004
  },
  {
    "event_id": "cd62bf4767f1fc7e526caa995357d72c62a5af3443aedd7abc10f762fc48f65d",
    "schema_version": "1.0.0",
    "event_type": "agent_order",
    "source": "synthetic_agent",
    "symbol": "BTCUSDT",
    "exchange": "binance_usdm",
    "timestamp": "2024-05-01T00:00:01.260000Z",
    "sequence": 18,
    "scenario_id": "scenario-082-runaway_inventory",
    "agent_id": "agent-runaway_inventory",
    "order_id": "scenario-082-runaway_inventory-agent-runaway_inventory-18",
    "action": "new",
    "side": "buy",
    "price": 65117.14428,
    "quantity": 0.046000000000000006,
    "remaining_quantity": 0.046000000000000006
  },
  {
    "event_id": "f6defd193cf4e97709c233be36c66a491953d62df66d52c36c9a3c529c9af92c",
    "schema_version": "1.0.0",
    "event_type": "agent_order",
    "source": "synthetic_agent",
    "symbol": "BTCUSDT",
    "exchange": "binance_usdm",
    "timestamp": "2024-05-01T00:00:01.330000Z",
    "sequence": 19,
    "scenario_id": "scenario-082-runaway_inventory",
    "agent_id": "agent-runaway_inventory",
    "order_id": "scenario-082-runaway_inventory-agent-runaway_inventory-19",
    "action": "new",
    "side": "buy",
    "price": 65119.09674,
    "quantity": 0.048,
    "remaining_quantity": 0.048
  },
  {
    "event_id": "43d168ce6daf177f57a0d2adc8b42b75a747542f8ed707629378bce6603d0215",
    "schema_version": "1.0.0",
    "event_type": "agent_order",
    "source": "synthetic_agent",
    "symbol": "BTCUSDT",
    "exchange": "binance_usdm",
    "timestamp": "2024-05-01T00:00:01.400000Z",
    "sequence": 20,
    "scenario_id": "scenario-082-runaway_inventory",
    "agent_id": "agent-runaway_inventory",
    "order_id": "scenario-082-runaway_inventory-agent-runaway_inventory-20",
    "action": "new",
    "side": "buy",
    "price": 65121.049199999994,
    "quantity": 0.05,
    "remaining_quantity": 0.05
  },
  {
    "event_id": "7384304ddb090037ee05bc148df3b0610a611fa1dcf31a91e4e3d5b4d3756916",
    "schema_version": "1.0.0",
    "event_type": "agent_order",
    "source": "synthetic_agent",
    "symbol": "BTCUSDT",
    "exchange": "binance_usdm",
    "timestamp": "2024-05-01T00:00:01.470000Z",
    "sequence": 21,
    "scenario_id": "scenario-082-runaway_inventory",
    "agent_id": "agent-runaway_inventory",
    "order_id": "scenario-082-runaway_inventory-agent-runaway_inventory-21",
    "action": "new",
    "side": "buy",
    "price": 65123.001659999994,
    "quantity": 0.052000000000000005,
    "remaining_quantity": 0.052000000000000005
  },
  {
    "event_id": "eba34e24bd2139859773f5e1e793bff9eb4d2fe475ddd632947daca18a7c7b66",
    "schema_version": "1.0.0",
    "event_type": "agent_order",
    "source": "synthetic_agent",
    "symbol": "BTCUSDT",
    "exchange": "binance_usdm",
    "timestamp": "2024-05-01T00:00:01.540000Z",
    "sequence": 22,
    "scenario_id": "scenario-082-runaway_inventory",
    "agent_id": "agent-runaway_inventory",
    "order_id": "scenario-082-runaway_inventory-agent-runaway_inventory-22",
    "action": "new",
    "side": "buy",
    "price": 65124.95412000001,
    "quantity": 0.054,
    "remaining_quantity": 0.054
  },
  {
    "event_id": "9b4ed2f668355b07d8ebf1d548f7c68bc4515c50201a0ff1f5f7cb885bd137e9",
    "schema_version": "1.0.0",
    "event_type": "agent_order",
    "source": "synthetic_agent",
    "symbol": "BTCUSDT",
    "exchange": "binance_usdm",
    "timestamp": "2024-05-01T00:00:01.610000Z",
    "sequence": 23,
    "scenario_id": "scenario-082-runaway_inventory",
    "agent_id": "agent-runaway_inventory",
    "order_id": "scenario-082-runaway_inventory-agent-runaway_inventory-23",
    "action": "new",
    "side": "buy",
    "price": 65126.90658,
    "quantity": 0.056,
    "remaining_quantity": 0.056
  },
  {
    "event_id": "29dacd37ac8fa442af73a7ce4ae12358cba319e92ba65b69d4ed17ef5b59a263",
    "schema_version": "1.0.0",
    "event_type": "agent_order",
    "source": "synthetic_agent",
    "symbol": "BTCUSDT",
    "exchange": "binance_usdm",
    "timestamp": "2024-05-01T00:00:01.680000Z",
    "sequence": 24,
    "scenario_id": "scenario-082-runaway_inventory",
    "agent_id": "agent-runaway_inventory",
    "order_id": "scenario-082-runaway_inventory-agent-runaway_inventory-24",
    "action": "new",
    "side": "buy",
    "price": 65128.85904,
    "quantity": 0.058,
    "remaining_quantity": 0.058
  },
  {
    "event_id": "6396eee7dac16c0894b603ed020de61659d92cdd5769c89d02e85ac7a31f5986",
    "schema_version": "1.0.0",
    "event_type": "agent_order",
    "source": "synthetic_agent",
    "symbol": "BTCUSDT",
    "exchange": "binance_usdm",
    "timestamp": "2024-05-01T00:00:01.750000Z",
    "sequence": 25,
    "scenario_id": "scenario-082-runaway_inventory",
    "agent_id": "agent-runaway_inventory",
    "order_id": "scenario-082-runaway_inventory-agent-runaway_inventory-25",
    "action": "new",
    "side": "buy",
    "price": 65130.8115,
    "quantity": 0.060000000000000005,
    "remaining_quantity": 0.060000000000000005
  },
  {
    "event_id": "eaad834667a572cdf55eccd590507cff905cd3004b40725c52a29fc13b3f303b",
    "schema_version": "1.0.0",
    "event_type": "agent_order",
    "source": "synthetic_agent",
    "symbol": "BTCUSDT",
    "exchange": "binance_usdm",
    "timestamp": "2024-05-01T00:00:01.820000Z",
    "sequence": 26,
    "scenario_id": "scenario-082-runaway_inventory",
    "agent_id": "agent-runaway_inventory",
    "order_id": "scenario-082-runaway_inventory-agent-runaway_inventory-26",
    "action": "new",
    "side": "buy",
    "price": 65132.76396,
    "quantity": 0.062000000000000006,
    "remaining_quantity": 0.062000000000000006
  },
  {
    "event_id": "951a67dbdd0486e143d29586595d8aa6060ad207073e6044bdf4fe4900b30c6e",
    "schema_version": "1.0.0",
    "event_type": "agent_order",
    "source": "synthetic_agent",
    "symbol": "BTCUSDT",
    "exchange": "binance_usdm",
    "timestamp": "2024-05-01T00:00:01.890000Z",
    "sequence": 27,
    "scenario_id": "scenario-082-runaway_inventory",
    "agent_id": "agent-runaway_inventory",
    "order_id": "scenario-082-runaway_inventory-agent-runaway_inventory-27",
    "action": "new",
    "side": "buy",
    "price": 65134.71642,
    "quantity": 0.064,
    "remaining_quantity": 0.064
  },
  {
    "event_id": "41d693b49f1ee9f2aaf6fa0eb85f6e5d1017fce5fd7bc103685d4103adcb1b08",
    "schema_version": "1.0.0",
    "event_type": "agent_order",
    "source": "synthetic_agent",
    "symbol": "BTCUSDT",
    "exchange": "binance_usdm",
    "timestamp": "2024-05-01T00:00:01.960000Z",
    "sequence": 28,
    "scenario_id": "scenario-082-runaway_inventory",
    "agent_id": "agent-runaway_inventory",
    "order_id": "scenario-082-runaway_inventory-agent-runaway_inventory-28",
    "action": "new",
    "side": "buy",
    "price": 65136.66888,
    "quantity": 0.066,
    "remaining_quantity": 0.066
  },
  {
    "event_id": "1af459b9c54c42aa86bb4338d36ae69c900d4b91147a9c690f774921b35172ef",
    "schema_version": "1.0.0",
    "event_type": "agent_order",
    "source": "synthetic_agent",
    "symbol": "BTCUSDT",
    "exchange": "binance_usdm",
    "timestamp": "2024-05-01T00:00:02.030000Z",
    "sequence": 29,
    "scenario_id": "scenario-082-runaway_inventory",
    "agent_id": "agent-runaway_inventory",
    "order_id": "scenario-082-runaway_inventory-agent-runaway_inventory-29",
    "action": "new",
    "side": "buy",
    "price": 65138.62134,
    "quantity": 0.068,
    "remaining_quantity": 0.068
  }
]