[
  {
    "event_id": "727ef06bdfe439170489d62f4d8205a0ecc6569ffd7f30bc72a107cf95f821f1",
    "schema_version": "1.0.0",
    "event_type": "agent_order",
    "source": "synthetic_agent",
    "symbol": "BTCUSDT",
    "exchange": "binance_usdm",
    "timestamp": "2024-05-01T00:00:00Z",
    "sequence": 0,
    "scenario_id": "scenario-077-momentum_ignition",
    "agent_id": "agent-momentum_ignition",
    "order_id": "scenario-077-momentum_ignition-agent-momentum_ignition-0",
    "action": "new",
    "side": "buy",
    "price": 65142.07699999999,
    "quantity": 0.08,
    "remaining_quantity": 0.08
  },
  {
    "event_id": "b681a60f686450d20e83b15c87c6eeceded8639a14d666633aa835b00204d2e1",
    "schema_version": "1.0.0",
    "event_type": "agent_order",
    "source": "synthetic_agent",
    "symbol": "BTCUSDT",
    "exchange": "binance_usdm",
    "timestamp": "2024-05-01T00:00:00.080000Z",
    "sequence": 1,
    "scenario_id": "scenario-077-momentum_ignition",
    "agent_id": "agent-momentum_ignition",
    "order_id": "scenario-077-momentum_ignition-agent-momentum_ignition-1",
    "action": "new",
    "side": "buy",
    "price": 65143.37853999998,
    "quantity": 0.08,
    "remaining_quantity": 0.08
  },
  {
    "event_id": "a33317886d8b5f2cfd3305bbc9840fc013a7699666e9836aed4921d4911456ff",
    "schema_version": "1.0.0",
    "event_type": "agent_order",
    "source": "synthetic_agent",
    "symbol": "BTCUSDT",
    "exchange": "binance_usdm",
    "timestamp": "2024-05-01T00:00:00.160000Z",
    "sequence": 2,
    "scenario_id": "scenario-077-momentum_ignition",
    "agent_id": "agent-momentum_ignition",
    "order_id": "scenario-077-momentum_ignition-agent-momentum_ignition-2",
    "action": "new",
    "side": "buy",
    "price": 65144.68008,
    "quantity": 0.08,
    "remaining_quantity": 0.08
  },
  {
    "event_id": "71bec850efbc5c4365b808cdcb26be6b7b2cac743e0da6b84e0d0f4c02eca84f",
    "schema_version": "1.0.0",
    "event_type": "agent_order",
    "source": "synthetic_agent",
    "symbol": "BTCUSDT",
    "exchange": "binance_usdm",
    "timestamp": "2024-05-01T00:00:00.240000Z",
    "sequence": 3,
    "scenario_id": "scenario-077-momentum_ignition",
    "agent_id": "agent-momentum_ignition",
    "order_id": "scenario-077-momentum_ignition-agent-momentum_ignition-3",
    "action": "new",
    "side": "buy",
    "price": 65145.98161999999,
    "quantity": 0.08,
    "remaining_quantity": 0.08
  },
  {
    "event_id": "a36bf4eb4b9adcf4d3391371bec76a1a5b9c44de5bf78a54e6cbc17ac063d737",
    "schema_version": "1.0.0",
    "event_type": "agent_order",
    "source": "synthetic_agent",
    "symbol": "BTCUSDT",
    "exchange": "binance_usdm",
    "timestamp": "2024-05-01T00:00:00.320000Z",
    "sequence": 4,
    "scenario_id": "scenario-077-momentum_ignition",
    "agent_id": "agent-momentum_ignition",
    "order_id": "scenario-077-momentum_ignition-agent-momentum_ignition-4",
    "action": "new",
    "side": "buy",
    "price": 65147.28316,
    "quantity": 0.08,
    "remaining_quantity": 0.08
  },
  {
    "event_id": "8cf5b5110154da3f9d652c807d816941e6091b3af8c32c485c1b72c6821f1855",
    "schema_version": "1.0.0",
    "event_type": "agent_order",
    "source": "synthetic_agent",
    "symbol": "BTCUSDT",
    "exchange": "binance_usdm",
    "timestamp": "2024-05-01T00:00:00.400000Z",
    "sequence": 5,
    "scenario_id": "scenario-077-momentum_ignition",
    "agent_id": "agent-momentum_ignition",
    "order_id": "scenario-077-momentum_ignition-agent-momentum_ignition-5",
    "action": "new",
    "side": "buy",
    "price": 65148.58469999999,
    "quantity": 0.08,
    "remaining_quantity": 0.08
  },
  {
    "event_id": "eeb7c96b7f152948c01fca99d778ee51f93f0cc7a6cb389ea6ba43d49ef37d4e",
    "schema_version": "1.0.0",
    "event_type": "agent_order",
    "source": "synthetic_agent",
    "symbol": "BTCUSDT",
    "exchange": "binance_usdm",
    "timestamp": "2024-05-01T00:00:00.480000Z",
    "sequence": 6,
    "scenario_id": "scenario-077-momentum_ignition",
    "agent_id": "agent-momentum_ignition",
    "order_id": "scenario-077-momentum_ignition-agent-momentum_ignition-6",
    "action": "new",
    "side": "buy",
    "price": 65149.886239999985,
    "quantity": 0.08,
    "remaining_quantity": 0.08
  },
  {
    "event_id": "2e0f053f396efb4339667675d6c088e67ec19a787df1fdea8ddbe758e9e742f1",
    "schema_version": "1.0.0",
    "event_type": "agent_order",
    "source": "synthetic_agent",
    "symbol": "BTCUSDT",
    "exchange": "binance_usdm",
    "timestamp": "2024-05-01T00:00:00.560000Z",
    "sequence": 7,
    "scenario_id": "scenario-077-momentum_ignition",
    "agent_id": "agent-momentum_ignition",
    "order_id": "scenario-077-momentum_ignition-agent-momentum_ignition-7",
    "action": "new",
    "side": "buy",
    "price": 65151.18777999999,
    "quantity": 0.08,
    "remaining_quantity": 0.08
  },
  {
    "event_id": "166f1014b1ca76105628ebbc8aeb9bc54ab01530b23281c4e962c0db7ef91b35",
    "schema_version": "1.0.0",
    "event_type": "agent_order",
    "source": "synthetic_agent",
    "symbol": "BTCUSDT",
    "exchange": "binance_usdm",
    "timestamp": "2024-05-01T00:00:00.640000Z",
    "sequence": 8,
    "scenario_id": "scenario-077-momentum_ignition",
    "agent_id": "agent-momentum_ignition",
    "order_id": "scenario-077-momentum_ignition-agent-momentum_ignition-8",
    "action": "new",
    "side": "buy",
    "price": 65152.489319999986,
    "quantity": 0.08,
    "remaining_quantity": 0.08
  },
  {
    "event_id": "8fb5853f711b9e338c2bcd256609c82c78f48b9c2574386a167a837a44f3b6e8",
    "schema_version": "1.0.0",
    "event_type": "agent_order",
    "source": "synthetic_agent",
    "symbol": "BTCUSDT",
    "exchange": "binance_usdm",
    "timestamp": "2024-05-01T00:00:00.720000Z",
    "sequence": 9,
    "scenario_id": "scenario-077-momentum_ignition",
    "agent_id": "agent-momentum_ignition",
    "order_id": "scenario-077-momentum_ignition-agent-momentum_ignition-9",
    "action": "new",
    "side": "buy",
    "price": 65153.790859999994,
    "quantity": 0.08,
    "remaining_quantity": 0.08
  },
  {
    "event_id": "8dbf4dc33979942ff291bbbd5efa94d426b6ec492a459eb9871ec57c8e080080",
    "schema_version": "1.0.0",
    "event_type": "agent_order",
    "source": "synthetic_agent",
    "symbol": "BTCUSDT",
    "exchange": "binance_usdm",
    "timestamp": "2024-05-01T00:00:00.800000Z",
    "sequence": 10,
    "scenario_id": "scenario-077-momentum_ignition",
    "agent_id": "agent-momentum_ignition",
    "order_id": "scenario-077-momentum_ignition-agent-momentum_ignition-10",
    "action": "new",
    "side": "buy",
    "price": 65155.092399999994,
    "quantity": 0.08,
    "remaining_quantity": 0.08
  },
  {
    "event_id": "c1680aef521a99837b46cf211a84155508b9ef0ac32e7b6e8c1894e6897a5da2",
    "schema_version": "1.0.0",
    "event_type": "agent_order",
    "source": "synthetic_agent",
    "symbol": "BTCUSDT",
    "exchange": "binance_usdm",
    "timestamp": "2024-05-01T00:00:00.880000Z",
    "sequence": 11,
    "scenario_id": "scenario-077-momentum_ignition",
    "agent_id": "agent-momentum_ignition",
    "order_id": "scenario-077-momentum_ignition-agent-momentum_ignition-11",
    "action": "new",
    "side": "buy",
    "price": 65156.39394,
    "quantity": 0.08,
    "remaining_quantity": 0.08
  },
  {
    "event_id": "1ef98f908707bb81a8fccecffe584014aabd5d6f603c126f946827cd15aec51e",
    "schema_version": "1.0.0",
    "event_type": "agent_order",
    "source": "synthetic_agent",
    "symbol": "BTCUSDT",
    "exchange": "binance_usdm",
    "timestamp": "2024-05-01T00:00:00.960000Z",
    "sequence": 12,
    "scenario_id": "scenario-077-momentum_ignition",
    "agent_id": "agent-momentum_ignition",
    "order_id": "scenario-077-momentum_ignition-agent-momentum_ignition-12",
    "action": "new",
    "side": "buy",
    "price": 65157.695479999995,
    "quantity": 0.08,
    "remaining_quantity": 0.08
  },
  {
    "event_id": "e9f6673d6f1ae36e1a055a6c7d12d7f64d34b0e8741cf7a523405c471b7024de",
    "schema_version": "1.0.0",
    "event_type": "agent_order",
    "source": "synthetic_agent",
    "symbol": "BTCUSDT",
    "exchange": "binance_usdm",
    "timestamp": "2024-05-01T00:00:01.040000Z",
    "sequence": 13,
    "scenario_id": "scenario-077-momentum_ignition",
    "agent_id": "agent-momentum_ignition",
    "order_id": "scenario-077-momentum_ignition-agent-momentum_ignition-13",
    "action": "new",
    "side": "buy",
    "price": 65158.99701999999,
    "quantity": 0.08,
    "remaining_quantity": 0.08
  },
  {
    "event_id": "a2661ccbe4a2d15ab4ed2188ce0add508b18838e1112d2ca0243e1dd03fe1e17",
    "schema_version": "1.0.0",
    "event_type": "agent_order",
    "source": "synthetic_agent",
    "symbol": "BTCUSDT",
    "exchange": "binance_usdm",
    "timestamp": "2024-05-01T00:00:01.120000Z",
    "sequence": 14,
    "scenario_id": "scenario-077-momentum_ignition",
    "agent_id": "agent-momentum_ignition",
    "order_id": "scenario-077-momentum_ignition-agent-momentum_ignition-14",
    "action": "new",
    "side": "buy",
    "price": 65160.298559999996,
    "quantity": 0.08,
    "remaining_quantity": 0.08
  },
  {
    "event_id": "4bc2ca50b51be0ffed78e188186e530b87ae50df85db5f358dae8fc6ba06aefe",
    "schema_version": "1.0.0",
    "event_type": "agent_order",
    "source": "synthetic_agent",
    "symbol": "BTCUSDT",
    "exchange": "binance_usdm",
    "timestamp": "2024-05-01T00:00:01.200000Z",
    "sequence": 15,
    "scenario_id": "scenario-077-momentum_ignition",
    "agent_id": "agent-momentum_ignition",
    "order_id": "scenario-077-momentum_ignition-agent-momentum_ignition-15",
    "action": "new",
    "side": "buy",
    "price": 65161.60009999999,
    "quantity": 0.08,
    "remaining_quantity": 0.08
  },
  {
    "event_id": "81e413e776b19a0568856ec709407036adb403c8de1228750928ec6ba1aaa883",
    "schema_version": "1.0.0",
    "event_type": "agent_order",
    "source": "synthetic_agent",
    "symbol": "BTCUSDT",
    "exchange": "binance_usdm",
    "timestamp": "2024-05-01T00:00:01.280000Z",
    "sequence": 16,
    "scenario_id": "scenario-077-momentum_ignition",
    "agent_id": "agent-momentum_ignition",
    "order_id": "scenario-077-momentum_ignition-agent-momentum_ignition-16",
    "action": "new",
    "side": "buy",
    "price": 65162.90164,
    "quantity": 0.08,
    "remaining_quantity": 0.08
  },
  {
    "event_id": "db7d2dd5836a9d43d2706ab4988dca2c3c88272a352de04a56672fd4846480a3",
    "schema_version": "1.0.0",
    "event_type": "agent_order",
    "source": "synthetic_agent",
    "symbol": "BTCUSDT",
    "exchange": "binance_usdm",
    "timestamp": "2024-05-01T00:00:01.360000Z",
    "sequence": 17,
    "scenario_id": "scenario-077-momentum_ignition",
    "agent_id": "agent-momentum_ignition",
    "order_id": "scenario-077-momentum_ignition-agent-momentum_ignition-17",
    "action": "new",
    "side": "buy",
    "price": 65164.20318,
    "quantity": 0.08,
    "remaining_quantity": 0.08
  },
  {
    "event_id": "181d23c9f8d21a5266ab1143b408532fc83d9809e51628991b32bbe23eab9055",
    "schema_version": "1.0.0",
    "event_type": "agent_order",
    "source": "synthetic_agent",
    "symbol": "BTCUSDT",
    "exchange": "binance_usdm",
    "timestamp": "2024-05-01T00:00:01.440000Z",
    "sequence": 18,
    "scenario_id": "scenario-077-momentum_ignition",
    "agent_id": "agent-momentum_ignition",
    "order_id": "scenario-077-momentum_ignition-agent-momentum_ignition-18",
    "action": "new",
    "side": "buy",
    "price": 65165.50471999999,
    "quantity": 0.08,
    "remaining_quantity": 0.08
  },
  {
    "event_id": "a74c4f03f41c7b121157726c554152e2d13170fe2211f1a3bf091dd812ffcdef",
    "schema_version": "1.0.0",
    "event_type": "agent_order",
    "source": "synthetic_agent",
    "symbol": "BTCUSDT",
    "exchange": "binance_usdm",
    "timestamp": "2024-05-01T00:00:01.520000Z",
    "sequence": 19,
    "scenario_id": "scenario-077-momentum_ignition",
    "agent_id": "agent-momentum_ignition",
    "order_id": "scenario-077-momentum_ignition-agent-momentum_ignition-19",
    "action": "new",
    "side": "buy",
    "price": 65166.80626,
    "quantity": 0.08,
    "remaining_quantity": 0.08
  },
  {
    "event_id": "5134a64efb8ff0f60846356fe557054be7993f50e5b7e39433e40c104070bcb2",
    "schema_version": "1.0.0",
    "event_type": "agent_order",
    "source": "synthetic_agent",
    "symbol": "BTCUSDT",
    "exchange": "binance_usdm",
    "timestamp": "2024-05-01T00:00:01.600000Z",
    "sequence": 20,
    "scenario_id": "scenario-077-momentum_ignition",
    "agent_id": "agent-momentum_ignition",
    "order_id": "scenario-077-momentum_ignition-agent-momentum_ignition-20",
    "action": "new",
    "side": "buy",
    "price": 65168.10779999999,
    "quantity": 0.08,
    "remaining_quantity": 0.08
  },
  {
    "event_id": "bb17d020167097907b6cbdf9faefc519b77104e666b1d606a7e742521637f09e",
    "schema_version": "1.0.0",
    "event_type": "agent_order",
    "source": "synthetic_agent",
    "symbol": "BTCUSDT",
    "exchange": "binance_usdm",
    "timestamp": "2024-05-01T00:00:01.680000Z",
    "sequence": 21,
    "scenario_id": "scenario-077-momentum_ignition",
    "agent_id": "agent-momentum_ignition",
    "order_id": "scenario-077-momentum_ignition-agent-momentum_ignition-21",
    "action": "new",
    "side": "buy",
    "price": 65169.40934,
    "quantity": 0.08,
    "remaining_quantity": 0.08
  },
  {
    "event_id": "9ffefd07224e3730f7ac80ceb32738df7bf26c9f8881f3a602699539e03d1766",
    "schema_version": "1.0.0",
    "event_type": "agent_order",
    "source": "synthetic_agent",
    "symbol": "BTCUSDT",
    "exchange": "binance_usdm",
    "timestamp": "2024-05-01T00:00:01.760000Z",
    "sequence": 22,
    "scenario_id": "scenario-077-momentum_ignition",
    "agent_id": "agent-momentum_ignition",
    "order_id": "scenario-077-momentum_ignition-agent-momentum_ignition-22",
    "action": "new",
    "side": "buy",
    "price": 65170.71087999999,
    "quantity": 0.08,
    "remaining_quantity": 0.08
  },
  {
    "event_id": "92962ab48cb2bd581031e788f6ccd6c99cc8681cbd8d2a07ae091cab369d2f70",
    "schema_version": "1.0.0",
    "event_type": "agent_order",
    "source": "synthetic_agent",
    "symbol": "BTCUSDT",
    "exchange": "binance_usdm",
    "timestamp": "2024-05-01T00:00:01.840000Z",
    "sequence": 23,
    "scenario_id": "scenario-077-momentum_ignition",
    "agent_id": "agent-momentum_ignition",
    "order_id": "scenario-077-momentum_ignition-agent-momentum_ignition-23",
    "action": "new",
    "side": "buy",
    "price": 65172.012419999985,
    "quantity": 0.08,
    "remaining_quantity": 0.08
  },
  {
    "event_id": "7afdfc83eaa9803110f29e4c702d94b228a849710b840a0ba43973ad829f99af",
    "schema_version": "1.0.0",
    "event_type": "agent_order",
    "source": "synthetic_agent",
    "symbol": "BTCUSDT",
    "exchange": "binance_usdm",
    "timestamp": "2024-05-01T00:00:01.920000Z",
    "sequence": 24,
    "scenario_id": "scenario-077-momentum_ignition",
    "agent_id": "agent-momentum_ignition",
    "order_id": "scenario-077-momentum_ignition-agent-momentum_ignition-24",
    "action": "new",
    "side": "buy",
    "price": 65173.31395999999,
    "quantity": 0.08,
    "remaining_quantity": 0.08
  },
  {
    "event_id": "692397edaf7c694bb9040a6816e7ccb67d13ca89de95af34c493bfc767340c61",
    "schema_version": "1.0.0",
    "event_type": "agent_order",
    "source": "synthetic_agent",
    "symbol": "BTCUSDT",
    "exchange": "binance_usdm",
    "timestamp": "2024-05-01T00:00:02Z",
    "sequence": 25,
    "scenario_id": "scenario-077-momentum_ignition",
    "agent_id": "agent-momentum_ignition",
    "order_id": "scenario-077-momentum_ignition-agent-momentum_ignition-25",
    "action": "new",
    "side": "buy",
    "price": 65174.61549999999,
    "quantity": 0.08,
    "remaining_quantity": 0.08
  },
  {
    "event_id": "440b68d0ac5b7d5a5c09a8d4306f1d1d3bd5155e3b0000a3c91f9777742395ce",
    "schema_version": "1.0.0",
    "event_type": "agent_order",
    "source": "synthetic_agent",
    "symbol": "BTCUSDT",
    "exchange": "binance_usdm",
    "timestamp": "2024-05-01T00:00:02.080000Z",
    "sequence": 26,
    "scenario_id": "scenario-077-momentum_ignition",
    "agent_id": "agent-momentum_ignition",
    "order_id": "scenario-077-momentum_ignition-agent-momentum_ignition-26",
    "action": "new",
    "side": "buy",
    "price": 65175.91704,
    "quantity": 0.08,
    "remaining_quantity": 0.08
  },
  {
    "event_id": "67c06f11ab2be9d7a2d1b9ce70a08065ae6a7ef5f2c3953752a501e34145d5bc",
    "schema_version": "1.0.0",
    "event_type": "agent_order",
    "source": "synthetic_agent",
    "symbol": "BTCUSDT",
    "exchange": "binance_usdm",
    "timestamp": "2024-05-01T00:00:02.160000Z",
    "sequence": 27,
    "scenario_id": "scenario-077-momentum_ignition",
    "agent_id": "agent-momentum_ignition",
    "order_id": "scenario-077-momentum_ignition-agent-momentum_ignition-27",
    "action": "new",
    "side": "buy",
    "price": 65177.21857999999,
    "quantity": 0.08,
    "remaining_quantity": 0.08
  },
  {
    "event_id": "8f37c56e6710e6065c52c9ad06072cf6498d3f83c2c9631ec959d9a0095f9ddd",
    "schema_version": "1.0.0",
    "event_type": "agent_order",
    "source": "synthetic_agent",
    "symbol": "BTCUSDT",
    "exchange": "binance_usdm",
    "timestamp": "2024-05-01T00:00:02.240000Z",
    "sequence": 28,
    "scenario_id": "scenario-077-momentum_ignition",
    "agent_id": "agent-momentum_ignition",
    "order_id": "scenario-077-momentum_ignition-agent-momentum_ignition-28",
    "action": "new",
    "side": "buy",
    "price": 65178.52011999999,
    "quantity": 0.08,
    "remaining_quantity": 0.08
  },
  {
    "event_id": "e6f197ac0f1819913c3a9c5a56c4e2b34f2aa78041744fb44a84023461c1c49b",
    "schema_version": "1.0.0",
    "event_type": "agent_order",
    "source": "synthetic_agent",
    "symbol": "BTCUSDT",
    "exchange": "binance_usdm",
    "timestamp": "2024-05-01T00:00:02.320000Z",
    "sequence": 29,
    "scenario_id": "scenario-077-momentum_ignition",
    "agent_id": "agent-momentum_ignition",
    "order_id": "scenario-077-momentum_ignition-agent-momentum_ignition-29",
    "action": "new",
    "side": "buy",
    "price": 65179.821659999994,
    "quantity": 0.08,
    "remaining_quantity": 0.08
  }
]