[
  {
    "event_id": "600765a65daef574e622e4763933ae342153f53a6d5a23ddba486185f8bf8499",
    "schema_version": "1.0.0",
    "event_type": "agent_order",
    "source": "synthetic_agent",
    "symbol": "BTCUSDT",
    "exchange": "binance_usdm",
    "timestamp": "2024-05-01T00:00:00Z",
    "sequence": 0,
    "scenario_id": "scenario-309-stop_run_sweep",
    "agent_id": "agent-stop_run_sweep",
    "order_id": "scenario-309-stop_run_sweep-agent-stop_run_sweep-0",
    "action": "new",
    "side": "buy",
    "price": 65374.308999999994,
    "quantity": 0.06,
    "remaining_quantity": 0.06
  },
  {
    "event_id": "5fdf502eea8e8862d375185f2759f0abfed3dc92e290966f1cd8e4a965d5bfd8",
    "schema_version": "1.0.0",
    "event_type": "agent_order",
    "source": "synthetic_agent",
    "symbol": "BTCUSDT",
    "exchange": "binance_usdm",
    "timestamp": "2024-05-01T00:00:00.030000Z",
    "sequence": 1,
    "scenario_id": "scenario-309-stop_run_sweep",
    "agent_id": "agent-stop_run_sweep",
    "order_id": "scenario-309-stop_run_sweep-agent-stop_run_sweep-1",
    "action": "new",
    "side": "buy",
    "price": 65377.57445,
    "quantity": 0.06,
    "remaining_quantity": 0.06
  },
  {
    "event_id": "02603af91c881b48e162f794bc89add6de9aa95aee468d82bbae28779b8db974",
    "schema_version": "1.0.0",
    "event_type": "agent_order",
    "source": "synthetic_agent",
    "symbol": "BTCUSDT",
    "exchange": "binance_usdm",
    "timestamp": "2024-05-01T00:00:00.060000Z",
    "sequence": 2,
    "scenario_id": "scenario-309-stop_run_sweep",
    "agent_id": "agent-stop_run_sweep",
    "order_id": "scenario-309-stop_run_sweep-agent-stop_run_sweep-2",
    "action": "new",
    "side": "buy",
    "price": 65380.83989999999,
    "quantity": 0.06,
    "remaining_quantity": 0.06
  },
  {
    "event_id": "8c674ff916805ce89ac34dd3dca61e88f4cd8593c3ae6d6bd6c75ce3f6a7d00f",
    "schema_version": "1.0.0",
    "event_type": "agent_order",
    "source": "synthetic_agent",
    "symbol": "BTCUSDT",
    "exchange": "binance_usdm",
    "timestamp": "2024-05-01T00:00:00.090000Z",
    "sequence": 3,
    "scenario_id": "scenario-309-stop_run_sweep",
    "agent_id": "agent-stop_run_sweep",
    "order_id": "scenario-309-stop_run_sweep-agent-stop_run_sweep-3",
    "action": "new",
    "side": "buy",
    "price": 65384.10535,
    "quantity": 0.06,
    "remaining_quantity": 0.06
  },
  {
    "event_id": "8c25d19bfd170bfd01f79ffa766d75f2a093f7d7f760e9af2559bc66d021b6c0",
    "schema_version": "1.0.0",
    "event_type": "agent_order",
    "source": "synthetic_agent",
    "symbol": "BTCUSDT",
    "exchange": "binance_usdm",
    "timestamp": "2024-05-01T00:00:00.120000Z",
    "sequence": 4,
    "scenario_id": "scenario-309-stop_run_sweep",
    "agent_id": "agent-stop_run_sweep",
    "order_id": "scenario-309-stop_run_sweep-agent-stop_run_sweep-4",
    "action": "new",
    "side": "buy",
    "price": 65387.37079999999,
    "quantity": 0.06,
    "remaining_quantity": 0.06
  },
  {
    "event_id": "33a948583edadfa9ae60cf7a3e6b748380eb2523ab5e571bc764214aa3302f22",
    "schema_version": "1.0.0",
    "event_type": "agent_order",
    "source": "synthetic_agent",
    "symbol": "BTCUSDT",
    "exchange": "binance_usdm",
    "timestamp": "2024-05-01T00:00:00.150000Z",
    "sequence": 5,
    "scenario_id": "scenario-309-stop_run_sweep",
    "agent_id": "agent-stop_run_sweep",
    "order_id": "scenario-309-stop_run_sweep-agent-stop_run_sweep-5",
    "action": "new",
    "side": "buy",
    "price": 65390.636249999996,
    "quantity": 0.06,
    "remaining_quantity": 0.06
  },
  {
    "event_id": "e73ae3a91eff607852db81cd8298439ed78c24de8d43fecb82136c2a387493de",
    "schema_version": "1.0.0",
    "event_type": "agent_order",
    "source": "synthetic_agent",
    "symbol": "BTCUSDT",
    "exchange": "binance_usdm",
    "timestamp": "2024-05-01T00:00:00.180000Z",
    "sequence": 6,
    "scenario_id": "scenario-309-stop_run_sweep",
    "agent_id": "agent-stop_run_sweep",
    "order_id": "scenario-309-stop_run_sweep-agent-stop_run_sweep-6",
    "action": "new",
    "side": "buy",
    "price": 65393.90169999999,
    "quantity": 0.06,
    "remaining_quantity": 0.06
  },
  {
    "event_id": "39db16a69d490aa782f5c441e8bdec133e22051af5ba176927cb4a8598af92d2",
    "schema_version": "1.0.0",
    "event_type": "agent_order",
    "source": "synthetic_agent",
    "symbol": "BTCUSDT",
    "exchange": "binance_usdm",
    "timestamp": "2024-05-01T00:00:00.210000Z",
    "sequence": 7,
    "scenario_id": "scenario-309-stop_run_sweep",
    "agent_id": "agent-stop_run_sweep",
    "order_id": "scenario-309-stop_run_sweep-agent-stop_run_sweep-7",
    "action": "new",
    "side": "buy",
    "price": 65397.16715,
    "quantity": 0.06,
    "remaining_quantity": 0.06
  },
  {
    "event_id": "f6388f1b64ba5dfd224a7432c722a0316a4500ed87b9196599c2ef338e98dc51",
    "schema_version": "1.0.0",
    "event_type": "agent_order",
    "source": "synthetic_agent",
    "symbol": "BTCUSDT",
    "exchange": "binance_usdm",
    "timestamp": "2024-05-01T00:00:00.240000Z",
    "sequence": 8,
    "scenario_id": "scenario-309-stop_run_sweep",
    "agent_id": "agent-stop_run_sweep",
    "order_id": "scenario-309-stop_run_sweep-agent-stop_run_sweep-8",
    "action": "new",
    "side": "buy",
    "price": 65400.43259999999,
    "quantity": 0.06,
    "remaining_quantity": 0.06
  },
  {
    "event_id": "5c73d57d2d25b1c369b4e54eb2c6349f4a0c8b64396ae1cca33ab8af39a57896",
    "schema_version": "1.0.0",
    "event_type": "agent_order",
    "source": "synthetic_agent",
    "symbol": "BTCUSDT",
    "exchange": "binance_usdm",
    "timestamp": "2024-05-01T00:00:00.270000Z",
    "sequence": 9,
    "scenario_id": "scenario-309-stop_run_sweep",
    "agent_id": "agent-stop_run_sweep",
    "order_id": "scenario-309-stop_run_sweep-agent-stop_run_sweep-9",
    "action": "new",
    "side": "buy",
    "price": 65403.69805,
    "quantity": 0.06,
    "remaining_quantity": 0.06
  },
  {
    "event_id": "716ba71e448a7263f53bda8c74bc506102aaba5b857f0587658712353a5f172d",
    "schema_version": "1.0.0",
    "event_type": "agent_order",
    "source": "synthetic_agent",
    "symbol": "BTCUSDT",
    "exchange": "binance_usdm",
    "timestamp": "2024-05-01T00:00:00.300000Z",
    "sequence": 10,
    "scenario_id": "scenario-309-stop_run_sweep",
    "agent_id": "agent-stop_run_sweep",
    "order_id": "scenario-309-stop_run_sweep-agent-stop_run_sweep-10",
    "action": "new",
    "side": "buy",
    "price": 65406.96349999999,
    "quantity": 0.06,
    "remaining_quantity": 0.06
  },
  {
    "event_id": "11411eb8599c010b0d5a858700425d40c5dc28bad63b0203567897d504e81526",
    "schema_version": "1.0.0",
    "event_type": "agent_order",
    "source": "synthetic_agent",
    "symbol": "BTCUSDT",
    "exchange": "binance_usdm",
    "timestamp": "2024-05-01T00:00:00.330000Z",
    "sequence": 11,
    "scenario_id": "scenario-309-stop_run_sweep",
    "agent_id": "agent-stop_run_sweep",
    "order_id": "scenario-309-stop_run_sweep-agent-stop_run_sweep-11",
    "action": "new",
    "side": "buy",
    "price": 65410.22895,
    "quantity": 0.06,
    "remaining_quantity": 0.06
  },
  {
    "event_id": "7a61daf394b8a88368fdf7e587e8e8e142476121e8f21e1aad4e98ec43ec18ed",
    "schema_version": "1.0.0",
    "event_type": "agent_order",
    "source": "synthetic_agent",
    "symbol": "BTCUSDT",
    "exchange": "binance_usdm",
    "timestamp": "2024-05-01T00:00:00.360000Z",
    "sequence": 12,
    "scenario_id": "scenario-309-stop_run_sweep",
    "agent_id": "agent-stop_run_sweep",
    "order_id": "scenario-309-stop_run_sweep-agent-stop_run_sweep-12",
    "action": "new",
    "side": "buy",
    "price": 65413.49439999999,
    "quantity": 0.06,
    "remaining_quantity": 0.06
  },
  {
    "event_id": "e2bd19101bcdfcca2391e673e16c2dc38f4392882aaf9ffee99d60e586fabc5c",
    "schema_version": "1.0.0",
    "event_type": "agent_order",
    "source": "synthetic_agent",
    "symbol": "BTCUSDT",
    "exchange": "binance_usdm",
    "timestamp": "2024-05-01T00:00:00.390000Z",
    "sequence": 13,
    "scenario_id": "scenario-309-stop_run_sweep",
    "agent_id": "agent-stop_run_sweep",
    "order_id": "scenario-309-stop_run_sweep-agent-stop_run_sweep-13",
    "action": "new",
    "side": "buy",
    "price": 65416.759849999995,
    "quantity": 0.06,
    "remaining_quantity": 0.06
  },
  {
    "event_id": "df10a599aab9329221c001939b19ff81115de3a1092b8c6e8a9f570de4dd0c2c",
    "schema_version": "1.0.0",
    "event_type": "agent_order",
    "source": "synthetic_agent",
    "symbol": "BTCUSDT",
    "exchange": "binance_usdm",
    "timestamp": "2024-05-01T00:00:00.420000Z",
    "sequence": 14,
    "scenario_id": "scenario-309-stop_run_sweep",
    "agent_id": "agent-stop_run_sweep",
    "order_id": "scenario-309-stop_run_sweep-agent-stop_run_sweep-14",
    "action": "new",
    "side": "buy",
    "price": 65420.02529999999,
    "quantity": 0.06,
    "remaining_quantity": 0.06
  },
  {
    "event_id": "e8f463f44181094e00d94795daa9ee0b1fbaac5d09210d9154273c5987961960",
    "schema_version": "1.0.0",
    "event_type": "agent_order",
    "source": "synthetic_agent",
    "symbol": "BTCUSDT",
    "exchange": "binance_usdm",
    "timestamp": "2024-05-01T00:00:00.450000Z",
    "sequence": 15,
    "scenario_id": "scenario-309-stop_run_sweep",
    "agent_id": "agent-stop_run_sweep",
    "order_id": "scenario-309-stop_run_sweep-agent-stop_run_sweep-15",
    "action": "new",
    "side": "buy",
    "price": 65423.29074999999,
    "quantity": 0.06,
    "remaining_quantity": 0.06
  },
  {
    "event_id": "43d547fcb5a8141bc2e9d50433764ebd6e659e70543d393b5bef18d8f256a503",
    "schema_version": "1.0.0",
    "event_type": "agent_order",
    "source": "synthetic_agent",
    "symbol": "BTCUSDT",
    "exchange": "binance_usdm",
    "timestamp": "2024-05-01T00:00:00.480000Z",
    "sequence": 16,
    "scenario_id": "scenario-309-stop_run_sweep",
    "agent_id": "agent-stop_run_sweep",
    "order_id": "scenario-309-stop_run_sweep-agent-stop_run_sweep-16",
    "action": "new",
    "side": "buy",
    "price": 65426.556199999985,
    "quantity": 0.06,
    "remaining_quantity": 0.06
  },
  {
    "event_id": "33713a1495bc4ca02bb5b4ef103358ec9982361ad9ad9202ba47a70e651e189f",
    "schema_version": "1.0.0",
    "event_type": "agent_order",
    "source": "synthetic_agent",
    "symbol": "BTCUSDT",
    "exchange": "binance_usdm",
    "timestamp": "2024-05-01T00:00:00.510000Z",
    "sequence": 17,
    "scenario_id": "scenario-309-stop_run_sweep",
    "agent_id": "agent-stop_run_sweep",
    "order_id": "scenario-309-stop_run_sweep-agent-stop_run_sweep-17",
    "action": "new",
    "side": "buy",
    "price": 65429.82164999999,
    "quantity": 0.06,
    "remaining_quantity": 0.06
  },
  {
    "event_id": "1df875b309e560872817f04be6d8edbf400c36d25db45ae4d615f2955a1c7a23",
    "schema_version": "1.0.0",
    "event_type": "agent_order",
    "source": "synthetic_agent",
    "symbol": "BTCUSDT",
    "exchange": "binance_usdm",
    "timestamp": "2024-05-01T00:00:00.540000Z",
    "sequence": 18,
    "scenario_id": "scenario-309-stop_run_sweep",
    "agent_id": "agent-stop_run_sweep",
    "order_id": "scenario-309-stop_run_sweep-agent-stop_run_sweep-18",
    "action": "new",
    "side": "buy",
    "price": 65433.08709999999,
    "quantity": 0.06,
    "remaining_quantity": 0.06
  },
  {
    "event_id": "f9e6498e53ccd1099d706a7f28b593d22fe3adc9175f43838e6d5c437775ae46",
    "schema_version": "1.0.0",
    "event_type": "agent_order",
    "source": "synthetic_agent",
    "symbol": "BTCUSDT",
    "exchange": "binance_usdm",
    "timestamp": "2024-05-01T00:00:00.570000Z",
    "sequence": 19,
    "scenario_id": "scenario-309-stop_run_sweep",
    "agent_id": "agent-stop_run_sweep",
    "order_id": "scenario-309-stop_run_sweep-agent-stop_run_sweep-19",
    "action": "new",
    "side": "buy",
    "price": 65436.352549999996,
    "quantity": 0.06,
    "remaining_quantity": 0.06
  },
  {
    "event_id": "a9f014a2c4655dfbf390f73a3725f81eae08569a4af02e9b23d7be41498104c2",
    "schema_version": "1.0.0",
    "event_type": "agent_order",
    "source": "synthetic_agent",
    "symbol": "BTCUSDT",
    "exchange": "binance_usdm",
    "timestamp": "2024-05-01T00:00:00.600000Z",
    "sequence": 20,
    "scenario_id": "scenario-309-stop_run_sweep",
    "agent_id": "agent-stop_run_sweep",
    "order_id": "scenario-309-stop_run_sweep-agent-stop_run_sweep-20",
    "action": "new",
    "side": "buy",
    "price": 65439.61799999999,
    "quantity": 0.06,
    "remaining_quantity": 0.06
  },
  {
    "event_id": "549655b55c7fa6b242f7d487444cace41bfbd88e5421d675360a974e649f7cc3",
    "schema_version": "1.0.0",
    "event_type": "agent_order",
    "source": "synthetic_agent",
    "symbol": "BTCUSDT",
    "exchange": "binance_usdm",
    "timestamp": "2024-05-01T00:00:00.630000Z",
    "sequence": 21,
    "scenario_id": "scenario-309-stop_run_sweep",
    "agent_id": "agent-stop_run_sweep",
    "order_id": "scenario-309-stop_run_sweep-agent-stop_run_sweep-21",
    "action": "new",
    "side": "buy",
    "price": 65442.883449999994,
    "quantity": 0.06,
    "remaining_quantity": 0.06
  },
  {
    "event_id": "9412151c1d393e7135909326dcdd5697024e4d4d6b21e6ec270755b1e290e775",
    "schema_version": "1.0.0",
    "event_type": "agent_order",
    "source": "synthetic_agent",
    "symbol": "BTCUSDT",
    "exchange": "binance_usdm",
    "timestamp": "2024-05-01T00:00:00.660000Z",
    "sequence": 22,
    "scenario_id": "scenario-309-stop_run_sweep",
    "agent_id": "agent-stop_run_sweep",
    "order_id": "scenario-309-stop_run_sweep-agent-stop_run_sweep-22",
    "action": "new",
    "side": "buy",
    "price": 65446.1489,
    "quantity": 0.06,
    "remaining_quantity": 0.06
  },
  {
    "event_id": "573b7a0703e21fb6da8706a219012101b21c203ebcc7f0ca4963a629b43cf1ae",
    "schema_version": "1.0.0",
    "event_type": "agent_order",
    "source": "synthetic_agent",
    "symbol": "BTCUSDT",
    "exchange": "binance_usdm",
    "timestamp": "2024-05-01T00:00:00.690000Z",
    "sequence": 23,
    "scenario_id": "scenario-309-stop_run_sweep",
    "agent_id": "agent-stop_run_sweep",
    "order_id": "scenario-309-stop_run_sweep-agent-stop_run_sweep-23",
    "action": "new",
    "side": "buy",
    "price": 65449.41434999999,
    "quantity": 0.06,
    "remaining_quantity": 0.06
  },
  {
    "event_id": "ba453322f8bcd135a0d970e87afbde746a511a37581e917b15659518a3a321f9",
    "schema_version": "1.0.0",
    "event_type": "agent_order",
    "source": "synthetic_agent",
    "symbol": "BTCUSDT",
    "exchange": "binance_usdm",
    "timestamp": "2024-05-01T00:00:00.720000Z",
    "sequence": 24,
    "scenario_id": "scenario-309-stop_run_sweep",
    "agent_id": "agent-stop_run_sweep",
    "order_id": "scenario-309-stop_run_sweep-agent-stop_run_sweep-24",
    "action": "new",
    "side": "buy",
    "price": 65452.6798,
    "quantity": 0.06,
    "remaining_quantity": 0.06
  },
  {
    "event_id": "3af3b94a0a854b3566b86eba89066ad49bd545584fd7d8f9f9cc5027c5fd22cb",
    "schema_version": "1.0.0",
    "event_type": "agent_order",
    "source": "synthetic_agent",
    "symbol": "BTCUSDT",
    "exchange": "binance_usdm",
    "timestamp": "2024-05-01T00:00:00.750000Z",
    "sequence": 25,
    "scenario_id": "scenario-309-stop_run_sweep",
    "agent_id": "agent-stop_run_sweep",
    "order_id": "scenario-309-stop_run_sweep-agent-stop_run_sweep-25",
    "action": "new",
    "side": "buy",
    "price": 65455.94524999999,
    "quantity": 0.06,
    "remaining_quantity": 0.06
  },
  {
    "event_id": "03d60884699a6a490761bbe55a38ba561ae0269e7554ec0847f14615f4b19fe0",
    "schema_version": "1.0.0",
    "event_type": "agent_order",
    "source": "synthetic_agent",
    "symbol": "BTCUSDT",
    "exchange": "binance_usdm",
    "timestamp": "2024-05-01T00:00:00.780000Z",
    "sequence": 26,
    "scenario_id": "scenario-309-stop_run_sweep",
    "agent_id": "agent-stop_run_sweep",
    "order_id": "scenario-309-stop_run_sweep-agent-stop_run_sweep-26",
    "action": "new",
    "side": "buy",
    "price": 65459.210699999996,
    "quantity": 0.06,
    "remaining_quantity": 0.06
  },
  {
    "event_id": "b821dee10bc108098d646a875458695cb2fe15ef0eee3ffe34f342555440b3c1",
    "schema_version": "1.0.0",
    "event_type": "agent_order",
    "source": "synthetic_agent",
    "symbol": "BTCUSDT",
    "exchange": "binance_usdm",
    "timestamp": "2024-05-01T00:00:00.810000Z",
    "sequence": 27,
    "scenario_id": "scenario-309-stop_run_sweep",
    "agent_id": "agent-stop_run_sweep",
    "order_id": "scenario-309-stop_run_sweep-agent-stop_run_sweep-27",
    "action": "new",
    "side": "buy",
    "price": 65462.47614999999,
    "quantity": 0.06,
    "remaining_quantity": 0.06
  },
  {
    "event_id": "38b7db447ab47e06701dd21b8800b2c307b6727aa0b3f2a2109200054974bbfd",
    "schema_version": "1.0.0",
    "event_type": "agent_order",
    "source": "synthetic_agent",
    "symbol": "BTCUSDT",
    "exchange": "binance_usdm",
    "timestamp": "2024-05-01T00:00:00.840000Z",
    "sequence": 28,
    "scenario_id": "scenario-309-stop_run_sweep",
    "agent_id": "agent-stop_run_sweep",
    "order_id": "scenario-309-stop_run_sweep-agent-stop_run_sweep-28",
    "action": "new",
    "side": "buy",
    "price": 65465.741599999994,
    "quantity": 0.06,
    "remaining_quantity": 0.06
  },
  {
    "event_id": "e63cdb162ca504ea249c8484df81ec727635c4c0507693909fcdaa2c98e4fc17",
    "schema_version": "1.0.0",
    "event_type": "agent_order",
    "source": "synthetic_agent",
    "symbol": "BTCUSDT",
    "exchange": "binance_usdm",
    "timestamp": "2024-05-01T00:00:00.870000Z",
    "sequence": 29,
    "scenario_id": "scenario-309-stop_run_sweep",
    "agent_id": "agent-stop_run_sweep",
    "order_id": "scenario-309-stop_run_sweep-agent-stop_run_sweep-29",
    "action": "new",
    "side": "buy",
    "price": 65469.00704999999,
    "quantity": 0.06,
    "remaining_quantity": 0.06
  }
]