[
  {
    "event_id": "250c97f6d2ab31614005c41b977028586569278ed2d326325e1c309e02b0de65",
    "schema_version": "1.0.0",
    "event_type": "agent_order",
    "source": "synthetic_agent",
    "symbol": "BTCUSDT",
    "exchange": "binance_usdm",
    "timestamp": "2024-05-01T00:00:00Z",
    "sequence": 0,
    "scenario_id": "scenario-360-passive_market_maker",
    "agent_id": "agent-passive_market_maker",
    "order_id": "scenario-360-passive_market_maker-agent-passive_market_maker-0",
    "action": "new",
    "side": "buy",
    "price": 65294.64,
    "quantity": 0.01,
    "remaining_quantity": 0.01
  },
  {
    "event_id": "3e5ea5642f3e7fb1eca64e0b333534118dfd20ad742d3e40caeace35db00df04",
    "schema_version": "1.0.0",
    "event_type": "agent_order",
    "source": "synthetic_agent",
    "symbol": "BTCUSDT",
    "exchange": "binance_usdm",
    "timestamp": "2024-05-01T00:00:00.100000Z",
    "sequence": 1,
    "scenario_id": "scenario-360-passive_market_maker",
    "agent_id": "agent-passive_market_maker",
    "order_id": "scenario-360-passive_market_maker-agent-passive_market_maker-1",
    "action": "new",
    "side": "sell",
    "price": 65425.35999999999,
    "quantity": 0.01,
    "remaining_quantity": 0.01
  },
  {
    "event_id": "994759240c9ec1fcb6a0538a55fbc4811eaaa8d41abbf583fa63d59f2c09481f",
    "schema_version": "1.0.0",
    "event_type": "agent_order",
    "source": "synthetic_agent",
    "symbol": "BTCUSDT",
    "exchange": "binance_usdm",
    "timestamp": "2024-05-01T00:00:00.200000Z",
    "sequence": 2,
    "scenario_id": "scenario-360-passive_market_maker",
    "agent_id": "agent-passive_market_maker",
    "order_id": "scenario-360-passive_market_maker-agent-passive_market_maker-2",
    "action": "new",
    "side": "buy",
    "price": 65294.64,
    "quantity": 0.01,
    "remaining_quantity": 0.01
  },
  {
    "event_id": "31797abe54bd98e1e424bf8763a89913e6b7550ff886f4ecd772b29c230572f5",
    "schema_version": "1.0.0",
    "event_type": "agent_order",
    "source": "synthetic_agent",
    "symbol": "BTCUSDT",
    "exchange": "binance_usdm",
    "timestamp": "2024-05-01T00:00:00.300000Z",
    "sequence": 3,
    "scenario_id": "scenario-360-passive_market_maker",
    "agent_id": "agent-passive_market_maker",
    "order_id": "scenario-360-passive_market_maker-agent-passive_market_maker-3",
    "action": "new",
    "side": "sell",
    "price": 65425.35999999999,
    "quantity": 0.01,
    "remaining_quantity": 0.01
  },
  {
    "event_id": "f38fb64b85ab7507eb35d18b0f252ab7d9d65218b83518106e495126472eac24",
    "schema_version": "1.0.0",
    "event_type": "agent_order",
    "source": "synthetic_agent",
    "symbol": "BTCUSDT",
    "exchange": "binance_usdm",
    "timestamp": "2024-05-01T00:00:00.400000Z",
    "sequence": 4,
    "scenario_id": "scenario-360-passive_market_maker",
    "agent_id": "agent-passive_market_maker",
    "order_id": "scenario-360-passive_market_maker-agent-passive_market_maker-4",
    "action": "new",
    "side": "buy",
    "price": 65294.64,
    "quantity": 0.01,
    "remaining_quantity": 0.01
  },
  {
    "event_id": "ee8b4e94b7a9fd26df918f935e4cbb016894dc07a9c303c491892e95a9478295",
    "schema_version": "1.0.0",
    "event_type": "agent_order",
    "source": "synthetic_agent",
    "symbol": "BTCUSDT",
    "exchange": "binance_usdm",
    "timestamp": "2024-05-01T00:00:00.500000Z",
    "sequence": 5,
    "scenario_id": "scenario-360-passive_market_maker",
    "agent_id": "agent-passive_market_maker",
    "order_id": "scenario-360-passive_market_maker-agent-passive_market_maker-5",
    "action": "new",
    "side": "sell",
    "price": 65425.35999999999,
    "quantity": 0.01,
    "remaining_quantity": 0.01
  },
  {
    "event_id": "437e70b97fa85de457d3daf631628382176d8d97e8cb84476737e8dcf1899e67",
    "schema_version": "1.0.0",
    "event_type": "agent_order",
    "source": "synthetic_agent",
    "symbol": "BTCUSDT",
    "exchange": "binance_usdm",
    "timestamp": "2024-05-01T00:00:00.600000Z",
    "sequence": 6,
    "scenario_id": "scenario-360-passive_market_maker",
    "agent_id": "agent-passive_market_maker",
    "order_id": "scenario-360-passive_market_maker-agent-passive_market_maker-6",
    "action": "new",
    "side": "buy",
    "price": 65294.64,
    "quantity": 0.01,
    "remaining_quantity": 0.01
  },
  {
    "event_id": "a0e308d9729d7cca668e7283d6024562e4eca9e8b79b1a0fff1939ed6be7dc22",
    "schema_version": "1.0.0",
    "event_type": "agent_order",
    "source": "synthetic_agent",
    "symbol": "BTCUSDT",
    "exchange": "binance_usdm",
    "timestamp": "2024-05-01T00:00:00.700000Z",
    "sequence": 7,
    "scenario_id": "scenario-360-passive_market_maker",
    "agent_id": "agent-passive_market_maker",
    "order_id": "scenario-360-passive_market_maker-agent-passive_market_maker-7",
    "action": "new",
    "side": "sell",
    "price": 65425.35999999999,
    "quantity": 0.01,
    "remaining_quantity": 0.01
  },
  {
    "event_id": "adffe19f1a4f4c70355c306a7480e5ffaa0bd2eb099ec59b9d0f2860424e9722",
    "schema_version": "1.0.0",
    "event_type": "agent_order",
    "source": "synthetic_agent",
    "symbol": "BTCUSDT",
    "exchange": "binance_usdm",
    "timestamp": "2024-05-01T00:00:00.800000Z",
    "sequence": 8,
    "scenario_id": "scenario-360-passive_market_maker",
    "agent_id": "agent-passive_market_maker",
    "order_id": "scenario-360-passive_market_maker-agent-passive_market_maker-8",
    "action": "new",
    "side": "buy",
    "price": 65294.64,
    "quantity": 0.01,
    "remaining_quantity": 0.01
  },
  {
    "event_id": "2b7d688f423849c4500b714d9b2cffed0f9f4b35c6247c20078d3d2d2537cb49",
    "schema_version": "1.0.0",
    "event_type": "agent_order",
    "source": "synthetic_agent",
    "symbol": "BTCUSDT",
    "exchange": "binance_usdm",
    "timestamp": "2024-05-01T00:00:00.900000Z",
    "sequence": 9,
    "scenario_id": "scenario-360-passive_market_maker",
    "agent_id": "agent-passive_market_maker",
    "order_id": "scenario-360-passive_market_maker-agent-passive_market_maker-9",
    "action": "new",
    "side": "sell",
    "price": 65425.35999999999,
    "quantity": 0.01,
    "remaining_quantity": 0.01
  },
  {
    "event_id": "e00bdf3e6c4de9fc4e2b5fde26878dca89f42dac5f83f99361f4113b3f3f7a22",
    "schema_version": "1.0.0",
    "event_type": "agent_order",
    "source": "synthetic_agent",
    "symbol": "BTCUSDT",
    "exchange": "binance_usdm",
    "timestamp": "2024-05-01T00:00:01Z",
    "sequence": 10,
    "scenario_id": "scenario-360-passive_market_maker",
    "agent_id": "agent-passive_market_maker",
    "order_id": "scenario-360-passive_market_maker-agent-passive_market_maker-10",
    "action": "new",
    "side": "buy",
    "price": 65294.64,
    "quantity": 0.01,
    "remaining_quantity": 0.01
  },
  {
    "event_id": "6a0f60b1d6d1c8f00d48f10adbe9554f5ef20ecdb6cbe52f5bb8cb9b28e4b81a",
    "schema_version": "1.0.0",
    "event_type": "agent_order",
    "source": "synthetic_agent",
    "symbol": "BTCUSDT",
    "exchange": "binance_usdm",
    "timestamp": "2024-05-01T00:00:01.100000Z",
    "sequence": 11,
    "scenario_id": "scenario-360-passive_market_maker",
    "agent_id": "agent-passive_market_maker",
    "order_id": "scenario-360-passive_market_maker-agent-passive_market_maker-11",
    "action": "new",
    "side": "sell",
    "price": 65425.35999999999,
    "quantity": 0.01,
    "remaining_quantity": 0.01
  },
  {
    "event_id": "6bb04c080ea05016ea9a0caffb04ef7062aa4a5b98bbe84bff7458dbd3a622fe",
    "schema_version": "1.0.0",
    "event_type": "agent_order",
    "source": "synthetic_agent",
    "symbol": "BTCUSDT",
    "exchange": "binance_usdm",
    "timestamp": "2024-05-01T00:00:01.200000Z",
    "sequence": 12,
    "scenario_id": "scenario-360-passive_market_maker",
    "agent_id": "agent-passive_market_maker",
    "order_id": "scenario-360-passive_market_maker-agent-passive_market_maker-12",
    "action": "new",
    "side": "buy",
    "price": 65294.64,
    "quantity": 0.01,
    "remaining_quantity": 0.01
  },
  {
    "event_id": "b8010e6e38df658b7b20e1f9ec80f71e6ef35d71d2cfce209f23705e72ac05d6",
    "schema_version": "1.0.0",
    "event_type": "agent_order",
    "source": "synthetic_agent",
    "symbol": "BTCUSDT",
    "exchange": "binance_usdm",
    "timestamp": "2024-05-01T00:00:01.300000Z",
    "sequence": 13,
    "scenario_id": "scenario-360-passive_market_maker",
    "agent_id": "agent-passive_market_maker",
    "order_id": "scenario-360-passive_market_maker-agent-passive_market_maker-13",
    "action": "new",
    "side": "sell",
    "price": 65425.35999999999,
    "quantity": 0.01,
    "remaining_quantity": 0.01
  },
  {
    "event_id": "dcb8f8422b29d94f942b053bbc749c7e4904be10726d4f85a1e3e28c44cb674d",
    "schema_version": "1.0.0",
    "event_type": "agent_order",
    "source": "synthetic_agent",
    "symbol": "BTCUSDT",
    "exchange": "binance_usdm",
    "timestamp": "2024-05-01T00:00:01.400000Z",
    "sequence": 14,
    "scenario_id": "scenario-360-passive_market_maker",
    "agent_id": "agent-passive_market_maker",
    "order_id": "scenario-360-passive_market_maker-agent-passive_market_maker-14",
    "action": "new",
    "side": "buy",
    "price": 65294.64,
    "quantity": 0.01,
    "remaining_quantity": 0.01
  },
  {
    "event_id": "93744a852a9a4c310245e2570a96784e9ba0fbe38684096d232e238b3a4d1b81",
    "schema_version": "1.0.0",
    "event_type": "agent_order",
    "source": "synthetic_agent",
    "symbol": "BTCUSDT",
    "exchange": "binance_usdm",
    "timestamp": "2024-05-01T00:00:01.500000Z",
    "sequence": 15,
    "scenario_id": "scenario-360-passive_market_maker",
    "agent_id": "agent-passive_market_maker",
    "order_id": "scenario-360-passive_market_maker-agent-passive_market_maker-15",
    "action": "new",
    "side": "sell",
    "price": 65425.35999999999,
    "quantity": 0.01,
    "remaining_quantity": 0.01
  },
  {
    "event_id": "18c756f274dce0b2c2c4432c388126316f95c78d1c4ef750114b422bafecc0af",
    "schema_version": "1.0.0",
    "event_type": "agent_order",
    "source": "synthetic_agent",
    "symbol": "BTCUSDT",
    "exchange": "binance_usdm",
    "timestamp": "2024-05-01T00:00:01.600000Z",
    "sequence": 16,
    "scenario_id": "scenario-360-passive_market_maker",
    "agent_id": "agent-passive_market_maker",
    "order_id": "scenario-360-passive_market_maker-agent-passive_market_maker-16",
    "action": "new",
    "side": "buy",
    "price": 65294.64,
    "quantity": 0.01,
    "remaining_quantity": 0.01
  },
  {
    "event_id": "ac3405c55a478eaa9d7919344c3868daa9c1534a116d6f4dc2ac60f43be11772",
    "schema_version": "1.0.0",
    "event_type": "agent_order",
    "source": "synthetic_agent",
    "symbol": "BTCUSDT",
    "exchange": "binance_usdm",
    "timestamp": "2024-05-01T00:00:01.700000Z",
    "sequence": 17,
    "scenario_id": "scenario-360-passive_market_maker",
    "agent_id": "agent-passive_market_maker",
    "order_id": "scenario-360-passive_market_maker-agent-passive_market_maker-17",
    "action": "new",
    "side": "sell",
    "price": 65425.35999999999,
    "quantity": 0.01,
    "remaining_quantity": 0.01
  },
  {
    "event_id": "cd26964d699a9496b299b7cf511c3bb42837ee928078cece10c357e312f50569",
    "schema_version": "1.0.0",
    "event_type": "agent_order",
    "source": "synthetic_agent",
    "symbol": "BTCUSDT",
    "exchange": "binance_usdm",
    "timestamp": "2024-05-01T00:00:01.800000Z",
    "sequence": 18,
    "scenario_id": "scenario-360-passive_market_maker",
    "agent_id": "agent-passive_market_maker",
    "order_id": "scenario-360-passive_market_maker-agent-passive_market_maker-18",
    "action": "new",
    "side": "buy",
    "price": 65294.64,
    "quantity": 0.01,
    "remaining_quantity": 0.01
  },
  {
    "event_id": "c571253c4f4a0e1bd11349b44f6225a30fb315e83eda22e0a1a7b144b2620272",
    "schema_version": "1.0.0",
    "event_type": "agent_order",
    "source": "synthetic_agent",
    "symbol": "BTCUSDT",
    "exchange": "binance_usdm",
    "timestamp": "2024-05-01T00:00:01.900000Z",
    "sequence": 19,
    "scenario_id": "scenario-360-passive_market_maker",
    "agent_id": "agent-passive_market_maker",
    "order_id": "scenario-360-passive_market_maker-agent-passive_market_maker-19",
    "action": "new",
    "side": "sell",
    "price": 65425.35999999999,
    "quantity": 0.01,
    "remaining_quantity": 0.01
  },
  {
    "event_id": "249275935e133472050c8d648ac167ba93812092dbb937bc2d51240ced80f807",
    "schema_version": "1.0.0",
    "event_type": "agent_order",
    "source": "synthetic_agent",
    "symbol": "BTCUSDT",
    "exchange": "binance_usdm",
    "timestamp": "2024-05-01T00:00:02Z",
    "sequence": 20,
    "scenario_id": "scenario-360-passive_market_maker",
    "agent_id": "agent-passive_market_maker",
    "order_id": "scenario-360-passive_market_maker-agent-passive_market_maker-20",
    "action": "new",
    "side": "buy",
    "price": 65294.64,
    "quantity": 0.01,
    "remaining_quantity": 0.01
  },
  {
    "event_id": "6dae64c2b420444b5da563f29da4bc6a378ba7a7643eb9b8eb1ffc35873c6305",
    "schema_version": "1.0.0",
    "event_type": "agent_order",
    "source": "synthetic_agent",
    "symbol": "BTCUSDT",
    "exchange": "binance_usdm",
    "timestamp": "2024-05-01T00:00:02.100000Z",
    "sequence": 21,
    "scenario_id": "scenario-360-passive_market_maker",
    "agent_id": "agent-passive_market_maker",
    "order_id": "scenario-360-passive_market_maker-agent-passive_market_maker-21",
    "action": "new",
    "side": "sell",
    "price": 65425.35999999999,
    "quantity": 0.01,
    "remaining_quantity": 0.01
  },
  {
    "event_id": "a6d22552022b4bf1fa86f7d6d177e99e37c07c1c411937356c90ac21eba134a8",
    "schema_version": "1.0.0",
    "event_type": "agent_order",
    "source": "synthetic_agent",
    "symbol": "BTCUSDT",
    "exchange": "binance_usdm",
    "timestamp": "2024-05-01T00:00:02.200000Z",
    "sequence": 22,
    "scenario_id": "scenario-360-passive_market_maker",
    "agent_id": "agent-passive_market_maker",
    "order_id": "scenario-360-passive_market_maker-agent-passive_market_maker-22",
    "action": "new",
    "side": "buy",
    "price": 65294.64,
    "quantity": 0.01,
    "remaining_quantity": 0.01
  },
  {
    "event_id": "30359a4e4aa28181f959b3f311b0523ffcfe57caaa67ff9c9e1bd1d2f8d7ab26",
    "schema_version": "1.0.0",
    "event_type": "agent_order",
    "source": "synthetic_agent",
    "symbol": "BTCUSDT",
    "exchange": "binance_usdm",
    "timestamp": "2024-05-01T00:00:02.300000Z",
    "sequence": 23,
    "scenario_id": "scenario-360-passive_market_maker",
    "agent_id": "agent-passive_market_maker",
    "order_id": "scenario-360-passive_market_maker-agent-passive_market_maker-23",
    "action": "new",
    "side": "sell",
    "price": 65425.35999999999,
    "quantity": 0.01,
    "remaining_quantity": 0.01
  },
  {
    "event_id": "8717596ae4d8811e328ca8ed69f77189bcced676404f13bf4a99c4282dd9e46b",
    "schema_version": "1.0.0",
    "event_type": "agent_order",
    "source": "synthetic_agent",
    "symbol": "BTCUSDT",
    "exchange": "binance_usdm",
    "timestamp": "2024-05-01T00:00:02.400000Z",
    "sequence": 24,
    "scenario_id": "scenario-360-passive_market_maker",
    "agent_id": "agent-passive_market_maker",
    "order_id": "scenario-360-passive_market_maker-agent-passive_market_maker-24",
    "action": "new",
    "side": "buy",
    "price": 65294.64,
    "quantity": 0.01,
    "remaining_quantity": 0.01
  },
  {
    "event_id": "bcb7d14ceb54a0ff54cf8dace15b3b9be991e75c7422d78383a2d2d0890bd2ff",
    "schema_version": "1.0.0",
    "event_type": "agent_order",
    "source": "synthetic_agent",
    "symbol": "BTCUSDT",
    "exchange": "binance_usdm",
    "timestamp": "2024-05-01T00:00:02.500000Z",
    "sequence": 25,
    "scenario_id": "scenario-360-passive_market_maker",
    "agent_id": "agent-passive_market_maker",
    "order_id": "scenario-360-passive_market_maker-agent-passive_market_maker-25",
    "action": "new",
    "side": "sell",
    "price": 65425.35999999999,
    "quantity": 0.01,
    "remaining_quantity": 0.01
  },
  {
    "event_id": "6056c8d00679e7462f1a124c8620b285b28a7735544f9002d10907cb66939324",
    "schema_version": "1.0.0",
    "event_type": "agent_order",
    "source": "synthetic_agent",
    "symbol": "BTCUSDT",
    "exchange": "binance_usdm",
    "timestamp": "2024-05-01T00:00:02.600000Z",
    "sequence": 26,
    "scenario_id": "scenario-360-passive_market_maker",
    "agent_id": "agent-passive_market_maker",
    "order_id": "scenario-360-passive_market_maker-agent-passive_market_maker-26",
    "action": "new",
    "side": "buy",
    "price": 65294.64,
    "quantity": 0.01,
    "remaining_quantity": 0.01
  },
  {
    "event_id": "272dd41060587403388374c0d7516b0acc0f3b215bcea33a7dea42b788ac3139",
    "schema_version": "1.0.0",
    "event_type": "agent_order",
    "source": "synthetic_agent",
    "symbol": "BTCUSDT",
    "exchange": "binance_usdm",
    "timestamp": "2024-05-01T00:00:02.700000Z",
    "sequence": 27,
    "scenario_id": "scenario-360-passive_market_maker",
    "agent_id": "agent-passive_market_maker",
    "order_id": "scenario-360-passive_market_maker-agent-passive_market_maker-27",
    "action": "new",
    "side": "sell",
    "price": 65425.35999999999,
    "quantity": 0.01,
    "remaining_quantity": 0.01
  },
  {
    "event_id": "a392c4745f6effdf7d55dd748018bf457a1b705c2c9ef160cc6d414790c87f99",
    "schema_version": "1.0.0",
    "event_type": "agent_order",
    "source": "synthetic_agent",
    "symbol": "BTCUSDT",
    "exchange": "binance_usdm",
    "timestamp": "2024-05-01T00:00:02.800000Z",
    "sequence": 28,
    "scenario_id": "scenario-360-passive_market_maker",
    "agent_id": "agent-passive_market_maker",
    "order_id": "scenario-360-passive_market_maker-agent-passive_market_maker-28",
    "action": "new",
    "side": "buy",
    "price": 65294.64,
    "quantity": 0.01,
    "remaining_quantity": 0.01
  },
  {
    "event_id": "6d52de1678be5d5ab981616648ed3ba219449879c1422ab86cb953ccd0d9761d",
    "schema_version": "1.0.0",
    "event_type": "agent_order",
    "source": "synthetic_agent",
    "symbol": "BTCUSDT",
    "exchange": "binance_usdm",
    "timestamp": "2024-05-01T00:00:02.900000Z",
    "sequence": 29,
    "scenario_id": "scenario-360-passive_market_maker",
    "agent_id": "agent-passive_market_maker",
    "order_id": "scenario-360-passive_market_maker-agent-passive_market_maker-29",
    "action": "new",
    "side": "sell",
    "price": 65425.35999999999,
    "quantity": 0.01,
    "remaining_quantity": 0.01
  }
]