[
  {
    "event_id": "3e809430fd2e514309b32cc861061fc9c5af87a88a57a2a910e9c546967208e6",
    "schema_version": "1.0.0",
    "event_type": "agent_order",
    "source": "synthetic_agent",
    "symbol": "BTCUSDT",
    "exchange": "binance_usdm",
    "timestamp": "2024-05-01T00:00:00Z",
    "sequence": 0,
    "scenario_id": "scenario-370-runaway_inventory",
    "agent_id": "agent-runaway_inventory",
    "order_id": "scenario-370-runaway_inventory-agent-runaway_inventory-0",
    "action": "new",
    "side": "buy",
    "price": 65370.0,
    "quantity": 0.01,
    "remaining_quantity": 0.01
  },
  {
    "event_id": "07bf597ccad43e7affa53667ace7e39d1ba258a2a34600b5ff79478c1f7f912a",
    "schema_version": "1.0.0",
    "event_type": "agent_order",
    "source": "synthetic_agent",
    "symbol": "BTCUSDT",
    "exchange": "binance_usdm",
    "timestamp": "2024-05-01T00:00:00.070000Z",
    "sequence": 1,
    "scenario_id": "scenario-370-runaway_inventory",
    "agent_id": "agent-runaway_inventory",
    "order_id": "scenario-370-runaway_inventory-agent-runaway_inventory-1",
    "action": "new",
    "side": "buy",
    "price": 65371.9611,
    "quantity": 0.012,
    "remaining_quantity": 0.012
  },
  {
    "event_id": "74c4c186b262bc261cbf93b00b61b777afb18d4361edf1ea569d96216c1d2f08",
    "schema_version": "1.0.0",
    "event_type": "agent_order",
    "source": "synthetic_agent",
    "symbol": "BTCUSDT",
    "exchange": "binance_usdm",
    "timestamp": "2024-05-01T00:00:00.140000Z",
    "sequence": 2,
    "scenario_id": "scenario-370-runaway_inventory",
    "agent_id": "agent-runaway_inventory",
    "order_id": "scenario-370-runaway_inventory-agent-runaway_inventory-2",
    "action": "new",
    "side": "buy",
    "price": 65373.92219999999,
    "quantity": 0.014,
    "remaining_quantity": 0.014
  },
  {
    "event_id": "9c1a112588aede4e384456944df36b081bb68f5e92bbee181ded4616207f1f99",
    "schema_version": "1.0.0",
    "event_type": "agent_order",
    "source": "synthetic_agent",
    "symbol": "BTCUSDT",
    "exchange": "binance_usdm",
    "timestamp": "2024-05-01T00:00:00.210000Z",
    "sequence": 3,
    "scenario_id": "scenario-370-runaway_inventory",
    "agent_id": "agent-runaway_inventory",
    "order_id": "scenario-370-runaway_inventory-agent-runaway_inventory-3",
    "action": "new",
    "side": "buy",
    "price": 65375.883299999994,
    "quantity": 0.016,
    "remaining_quantity": 0.016
  },
  {
    "event_id": "fc1e0c58715733dd474312a38ad7ab220372eeb40f087962a05f439a6e49cd89",
    "schema_version": "1.0.0",
    "event_type": "agent_order",
    "source": "synthetic_agent",
    "symbol": "BTCUSDT",
    "exchange": "binance_usdm",
    "timestamp": "2024-05-01T00:00:00.280000Z",
    "sequence": 4,
    "scenario_id": "scenario-370-runaway_inventory",
    "agent_id": "agent-runaway_inventory",
    "order_id": "scenario-370-runaway_inventory-agent-runaway_inventory-4",
    "action": "new",
    "side": "buy",
    "price": 65377.844399999994,
    "quantity": 0.018000000000000002,
    "remaining_quantity": 0.018000000000000002
  },
  {
    "event_id": "278e5907855b3696b60b7bb9d34b1f6b249cdd4b7fbfdacde3d3e290d78215e3",
    "schema_version": "1.0.0",
    "event_type": "agent_order",
    "source": "synthetic_agent",
    "symbol": "BTCUSDT",
    "exchange": "binance_usdm",
    "timestamp": "2024-05-01T00:00:00.350000Z",
    "sequence": 5,
    "scenario_id": "scenario-370-runaway_inventory",
    "agent_id": "agent-runaway_inventory",
    "order_id": "scenario-370-runaway_inventory-agent-runaway_inventory-5",
    "action": "new",
    "side": "buy",
    "price": 65379.80550000001,
    "quantity": 0.02,
    "remaining_quantity": 0.02
  },
  {
    "event_id": "54d0c6ecba5a9ca7255c34608e7841762ca251966a545ca7803f3466c2cae363",
    "schema_version": "1.0.0",
    "event_type": "agent_order",
    "source": "synthetic_agent",
    "symbol": "BTCUSDT",
    "exchange": "binance_usdm",
    "timestamp": "2024-05-01T00:00:00.420000Z",
    "sequence": 6,
    "scenario_id": "scenario-370-runaway_inventory",
    "agent_id": "agent-runaway_inventory",
    "order_id": "scenario-370-runaway_inventory-agent-runaway_inventory-6",
    "action": "new",
    "side": "buy",
    "price": 65381.7666,
    "quantity": 0.022,
    "remaining_quantity": 0.022
  },
  {
    "event_id": "0506dc97801254f58e83e9a020c0c98a2a6ea4dcf684865b040f34de5b47e7ee",
    "schema_version": "1.0.0",
    "event_type": "agent_order",
    "source": "synthetic_agent",
    "symbol": "BTCUSDT",
    "exchange": "binance_usdm",
    "timestamp": "2024-05-01T00:00:00.490000Z",
    "sequence": 7,
    "scenario_id": "scenario-370-runaway_inventory",
    "agent_id": "agent-runaway_inventory",
    "order_id": "scenario-370-runaway_inventory-agent-runaway_inventory-7",
    "action": "new",
    "side": "buy",
    "price": 65383.7277,
    "quantity": 0.024,
    "remaining_quantity": 0.024
  },
  {
    "event_id": "6bb91557311c41ee05a0c17ad80e3755528785707fd54fc45e9a4ebd694aa9d9",
    "schema_version": "1.0.0",
    "event_type": "agent_order",
    "source": "synthetic_agent",
    "symbol": "BTCUSDT",
    "exchange": "binance_usdm",
    "timestamp": "2024-05-01T00:00:00.560000Z",
    "sequence": 8,
    "scenario_id": "scenario-370-runaway_inventory",
    "agent_id": "agent-runaway_inventory",
    "order_id": "scenario-370-runaway_inventory-agent-runaway_inventory-8",
    "action": "new",
    "side": "buy",
    "price": 65385.6888,
    "quantity": 0.026000000000000002,
    "remaining_quantity": 0.026000000000000002
  },
  {
    "event_id": "520a202405893332c454e80d4af5a457ec38190a6ec6ffbcfd3b18f853174246",
    "schema_version": "1.0.0",
    "event_type": "agent_order",
    "source": "synthetic_agent",
    "symbol": "BTCUSDT",
    "exchange": "binance_usdm",
    "timestamp": "2024-05-01T00:00:00.630000Z",
    "sequence": 9,
    "scenario_id": "scenario-370-runaway_inventory",
    "agent_id": "agent-runaway_inventory",
    "order_id": "scenario-370-runaway_inventory-agent-runaway_inventory-9",
    "action": "new",
    "side": "buy",
    "price": 65387.6499,
    "quantity": 0.028000000000000004,
    "remaining_quantity": 0.028000000000000004
  },
  {
    "event_id": "4923cafb438063dbecb9264d51b26a292729ad268768e671c6047d1061675e57",
    "schema_version": "1.0.0",
    "event_type": "agent_order",
    "source": "synthetic_agent",
    "symbol": "BTCUSDT",
    "exchange": "binance_usdm",
    "timestamp": "2024-05-01T00:00:00.700000Z",
    "sequence": 10,
    "scenario_id": "scenario-370-runaway_inventory",
    "agent_id": "agent-runaway_inventory",
    "order_id": "scenario-370-runaway_inventory-agent-runaway_inventory-10",
    "action": "new",
    "side": "buy",
    "price": 65389.611,
    "quantity": 0.03,
    "remaining_quantity": 0.03
  },
  {
    "event_id": "fc267d724a41f1634e0a282d367a274513f9996505a242c7eba458c8ce3b482c",
    "schema_version": "1.0.0",
    "event_type": "agent_order",
    "source": "synthetic_agent",
    "symbol": "BTCUSDT",
    "exchange": "binance_usdm",
    "timestamp": "2024-05-01T00:00:00.770000Z",
    "sequence": 11,
    "scenario_id": "scenario-370-runaway_inventory",
    "agent_id": "agent-runaway_inventory",
    "order_id": "scenario-370-runaway_inventory-agent-runaway_inventory-11",
    "action": "new",
    "side": "buy",
    "price": 65391.5721,
    "quantity": 0.032,
    "remaining_quantity": 0.032
  },
  {
    "event_id": "daf60e332b9b4a7023d36ae47ca1017d3c469de64ab0b30a4e460bcda9fcd464",
    "schema_version": "1.0.0",
    "event_type": "agent_order",
    "source": "synthetic_agent",
    "symbol": "BTCUSDT",
    "exchange": "binance_usdm",
    "timestamp": "2024-05-01T00:00:00.840000Z",
    "sequence": 12,
    "scenario_id": "scenario-370-runaway_inventory",
    "agent_id": "agent-runaway_inventory",
    "order_id": "scenario-370-runaway_inventory-agent-runaway_inventory-12",
    "action": "new",
    "side": "buy",
    "price": 65393.5332,
    "quantity": 0.034,
    "remaining_quantity": 0.034
  },
  {
    "event_id": "5c6a3c9fcae0ddf8b0f1de6f0511579893532715f397285701ad199898b6593d",
    "schema_version": "1.0.0",
    "event_type": "agent_order",
    "source": "synthetic_agent",
    "symbol": "BTCUSDT",
    "exchange": "binance_usdm",
    "timestamp": "2024-05-01T00:00:00.910000Z",
    "sequence": 13,
    "scenario_id": "scenario-370-runaway_inventory",
    "agent_id": "agent-runaway_inventory",
    "order_id": "scenario-370-runaway_inventory-agent-runaway_inventory-13",
    "action": "new",
    "side": "buy",
    "price": 65395.49429999999,
    "quantity": 0.036000000000000004,
    "remaining_quantity": 0.036000000000000004
  },
  {
    "event_id": "8958702de496f38c3cdc6cb5acfee1cb8599c29c674832724ca0eac88a2d28e7",
    "schema_version": "1.0.0",
    "event_type": "agent_order",
    "source": "synthetic_agent",
    "symbol": "BTCUSDT",
    "exchange": "binance_usdm",
    "timestamp": "2024-05-01T00:00:00.980000Z",
    "sequence": 14,
    "scenario_id": "scenario-370-runaway_inventory",
    "agent_id": "agent-runaway_inventory",
    "order_id": "scenario-370-runaway_inventory-agent-runaway_inventory-14",
    "action": "new",
    "side": "buy",
    "price": 65397.455400000006,
    "quantity": 0.038,
    "remaining_quantity": 0.038
  },
  {
    "event_id": "a2485ddbe562d985547cdae4f9baf32383d79d17e5f8a7de2edb15a693dd4079",
    "schema_version": "1.0.0",
    "event_type": "agent_order",
    "source": "synthetic_agent",
    "symbol": "BTCUSDT",
    "exchange": "binance_usdm",
    "timestamp": "2024-05-01T00:00:01.050000Z",
    "sequence": 15,
    "scenario_id": "scenario-370-runaway_inventory",
    "agent_id": "agent-runaway_inventory",
    "order_id": "scenario-370-runaway_inventory-agent-runaway_inventory-15",
    "action": "new",
    "side": "buy",
    "price": 65399.41650000001,
    "quantity": 0.04,
    "remaining_quantity": 0.04
  },
  {
    "event_id": "a4e6749c8cbac96b87f5e2a0fbeb9349537b6e9279fda03804883e56c25b1b5c",
    "schema_version": "1.0.0",
    "event_type": "agent_order",
    "source": "synthetic_agent",
    "symbol": "BTCUSDT",
    "exchange": "binance_usdm",
    "timestamp": "2024-05-01T00:00:01.120000Z",
    "sequence": 16,
    "scenario_id": "scenario-370-runaway_inventory",
    "agent_id": "agent-runaway_inventory",
    "order_id": "scenario-370-runaway_inventory-agent-runaway_inventory-16",
    "action": "new",
    "side": "buy",
    "price": 65401.3776,
    "quantity": 0.042,
    "remaining_quantity": 0.042
  },
  {
    "event_id": "122e141a0913ff0bb71f9e10cc1eb54afca3ebda2ea5e66b78af0f959691b788",
    "schema_version": "1.0.0",
    "event_type": "agent_order",
    "source": "synthetic_agent",
    "symbol": "BTCUSDT",
    "exchange": "binance_usdm",
    "timestamp": "2024-05-01T00:00:01.190000Z",
    "sequence": 17,
    "scenario_id": "scenario-370-runaway_inventory",
    "agent_id": "agent-runaway_inventory",
    "order_id": "scenario-370-runaway_inventory-agent-runaway_inventory-17",
    "action": "new",
    "side": "buy",
    "price": 65403.3387,
    "quantity": 0.044000000000000004,
    "remaining_quantity": 0.044000000000000004
  },
  {
    "event_id": "70bd725cf07193ba6419004b9e655d9be393f7d798678307afce91661681d543",
    "schema_version": "1.0.0",
    "event_type": "agent_order",
    "source": "synthetic_agent",
    "symbol": "BTCUSDT",
    "exchange": "binance_usdm",
    "timestamp": "2024-05-01T00:00:01.260000Z",
    "sequence": 18,
    "scenario_id": "scenario-370-runaway_inventory",
    "agent_id": "agent-runaway_inventory",
    "order_id": "scenario-370-runaway_inventory-agent-runaway_inventory-18",
    "action": "new",
    "side": "buy",
    "price": 65405.2998,
    "quantity": 0.046000000000000006,
    "remaining_quantity": 0.046000000000000006
  },
  {
    "event_id": "6178d09ac66c5d2b605e1dcf4bd39fbae499a97ab62a11889a569edf4936e121",
    "schema_version": "1.0.0",
    "event_type": "agent_order",
    "source": "synthetic_agent",
    "symbol": "BTCUSDT",
    "exchange": "binance_usdm",
    "timestamp": "2024-05-01T00:00:01.330000Z",
    "sequence": 19,
    "scenario_id": "scenario-370-runaway_inventory",
    "agent_id": "agent-runaway_inventory",
    "order_id": "scenario-370-runaway_inventory-agent-runaway_inventory-19",
    "action": "new",
    "side": "buy",
    "price": 65407.260899999994,
    "quantity": 0.048,
    "remaining_quantity": 0.048
  },
  {
    "event_id": "83e11af97c556b87c46984945571b253cb7858d669593ce6f52ab28db81f9fa3",
    "schema_version": "1.0.0",
    "event_type": "agent_order",
    "source": "synthetic_agent",
    "symbol": "BTCUSDT",
    "exchange": "binance_usdm",
    "timestamp": "2024-05-01T00:00:01.400000Z",
    "sequence": 20,
    "scenario_id": "scenario-370-runaway_inventory",
    "agent_id": "agent-runaway_inventory",
    "order_id": "scenario-370-runaway_inventory-agent-runaway_inventory-20",
    "action": "new",
    "side": "buy",
    "price": 65409.221999999994,
    "quantity": 0.05,
    "remaining_quantity": 0.05
  },
  {
    "event_id": "4bf1e997581e2a9f1fa684b52c75e2f6388e9b143f05c803039513b5776d4ec0",
    "schema_version": "1.0.0",
    "event_type": "agent_order",
    "source": "synthetic_agent",
    "symbol": "BTCUSDT",
    "exchange": "binance_usdm",
    "timestamp": "2024-05-01T00:00:01.470000Z",
    "sequence": 21,
    "scenario_id": "scenario-370-runaway_inventory",
    "agent_id": "agent-runaway_inventory",
    "order_id": "scenario-370-runaway_inventory-agent-runaway_inventory-21",
    "action": "new",
    "side": "buy",
    "price": 65411.183099999995,
    "quantity": 0.052000000000000005,
    "remaining_quantity": 0.052000000000000005
  },
  {
    "event_id": "8ce1590c0bee68bfcc055416d77320cb327d7b0403fc220459def5c401984543",
    "schema_version": "1.0.0",
    "event_type": "agent_order",
    "source": "synthetic_agent",
    "symbol": "BTCUSDT",
    "exchange": "binance_usdm",
    "timestamp": "2024-05-01T00:00:01.540000Z",
    "sequence": 22,
    "scenario_id": "scenario-370-runaway_inventory",
    "agent_id": "agent-runaway_inventory",
    "order_id": "scenario-370-runaway_inventory-agent-runaway_inventory-22",
    "action": "new",
    "side": "buy",
    "price": 65413.14420000001,
    "quantity": 0.054,
    "remaining_quantity": 0.054
  },
  {
    "event_id": "35689699741f531aad6741339557e31e9d2f005f70697f254836bce1068324ab",
    "schema_version": "1.0.0",
    "event_type": "agent_order",
    "source": "synthetic_agent",
    "symbol": "BTCUSDT",
    "exchange": "binance_usdm",
    "timestamp": "2024-05-01T00:00:01.610000Z",
    "sequence": 23,
    "scenario_id": "scenario-370-runaway_inventory",
    "agent_id": "agent-runaway_inventory",
    "order_id": "scenario-370-runaway_inventory-agent-runaway_inventory-23",
    "action": "new",
    "side": "buy",
    "price": 65415.1053,
    "quantity": 0.056,
    "remaining_quantity": 0.056
  },
  {
    "event_id": "ebb78bca35012e5d0ceca52280c4c75e2ad0d7370a83e1b3e7cab8408a3e8ccd",
    "schema_version": "1.0.0",
    "event_type": "agent_order",
    "source": "synthetic_agent",
    "symbol": "BTCUSDT",
    "exchange": "binance_usdm",
    "timestamp": "2024-05-01T00:00:01.680000Z",
    "sequence": 24,
    "scenario_id": "scenario-370-runaway_inventory",
    "agent_id": "agent-runaway_inventory",
    "order_id": "scenario-370-runaway_inventory-agent-runaway_inventory-24",
    "action": "new",
    "side": "buy",
    "price": 65417.0664,
    "quantity": 0.058,
    "remaining_quantity": 0.058
  },
  {
    "event_id": "62fd276d4b1abc1a3d051b674cba26ad888928ecf1b9976cd8d390f419e48ef0",
    "schema_version": "1.0.0",
    "event_type": "agent_order",
    "source": "synthetic_agent",
    "symbol": "BTCUSDT",
    "exchange": "binance_usdm",
    "timestamp": "2024-05-01T00:00:01.750000Z",
    "sequence": 25,
    "scenario_id": "scenario-370-runaway_inventory",
    "agent_id": "agent-runaway_inventory",
    "order_id": "scenario-370-runaway_inventory-agent-runaway_inventory-25",
    "action": "new",
    "side": "buy",
    "price": 65419.027500000004,
    "quantity": 0.060000000000000005,
    "remaining_quantity": 0.060000000000000005
  },
  {
    "event_id": "499b223b6cc706ce85b80706b37454ffcd8de674a87e098c24c74282c1857c68",
    "schema_version": "1.0.0",
    "event_type": "agent_order",
    "source": "synthetic_agent",
    "symbol": "BTCUSDT",
    "exchange": "binance_usdm",
    "timestamp": "2024-05-01T00:00:01.820000Z",
    "sequence": 26,
    "scenario_id": "scenario-370-runaway_inventory",
    "agent_id": "agent-runaway_inventory",
    "order_id": "scenario-370-runaway_inventory-agent-runaway_inventory-26",
    "action": "new",
    "side": "buy",
    "price": 65420.9886,
    "quantity": 0.062000000000000006,
    "remaining_quantity": 0.062000000000000006
  },
  {
    "event_id": "4acc7fcc07d13fceadb5d54f8c8362811f85840e1c4d64375fda9ef5247ab9d0",
    "schema_version": "1.0.0",
    "event_type": "agent_order",
    "source": "synthetic_agent",
    "symbol": "BTCUSDT",
    "exchange": "binance_usdm",
    "timestamp": "2024-05-01T00:00:01.890000Z",
    "sequence": 27,
    "scenario_id": "scenario-370-runaway_inventory",
    "agent_id": "agent-runaway_inventory",
    "order_id": "scenario-370-runaway_inventory-agent-runaway_inventory-27",
    "action": "new",
    "side": "buy",
    "price": 65422.9497,
    "quantity": 0.064,
    "remaining_quantity": 0.064
  },
  {
    "event_id": "9229e607259277d1364d2ea65e46dc702c8da8756b2727180c3b1a49974ed30a",
    "schema_version": "1.0.0",
    "event_type": "agent_order",
    "source": "synthetic_agent",
    "symbol": "BTCUSDT",
    "exchange": "binance_usdm",
    "timestamp": "2024-05-01T00:00:01.960000Z",
    "sequence": 28,
    "scenario_id": "scenario-370-runaway_inventory",
    "agent_id": "agent-runaway_inventory",
    "order_id": "scenario-370-runaway_inventory-agent-runaway_inventory-28",
    "action": "new",
    "side": "buy",
    "price": 65424.9108,
    "quantity": 0.066,
    "remaining_quantity": 0.066
  },
  {
    "event_id": "a87bee55da67f96aec2a757f4cd8a3c82acbdd3a6e50463c211b55c2ab8b7540",
    "schema_version": "1.0.0",
    "event_type": "agent_order",
    "source": "synthetic_agent",
    "symbol": "BTCUSDT",
    "exchange": "binance_usdm",
    "timestamp": "2024-05-01T00:00:02.030000Z",
    "sequence": 29,
    "scenario_id": "scenario-370-runaway_inventory",
    "agent_id": "agent-runaway_inventory",
    "order_id": "scenario-370-runaway_inventory-agent-runaway_inventory-29",
    "action": "new",
    "side": "buy",
    "price": 65426.8719,
    "quantity": 0.068,
    "remaining_quantity": 0.068
  }
]