[
  {
    "event_id": "69df222cdb4c8b3a8a700b2a515ead7e82a68c2e10adb4a37a8d048bd20c305a",
    "schema_version": "1.0.0",
    "event_type": "agent_order",
    "source": "synthetic_agent",
    "symbol": "BTCUSDT",
    "exchange": "binance_usdm",
    "timestamp": "2024-05-01T00:00:00Z",
    "sequence": 0,
    "scenario_id": "scenario-119-volatility_feedback",
    "agent_id": "agent-volatility_feedback",
    "order_id": "scenario-119-volatility_feedback-agent-volatility_feedback-0",
    "action": "new",
    "side": "buy",
    "price": 65184.11899999999,
    "quantity": 0.02,
    "remaining_quantity": 0.02
  },
  {
    "event_id": "b50f66c3837d7ffa711b1cc572dd96796ba22c1d8d390b49f5946dd4e6ae2572",
    "schema_version": "1.0.0",
    "event_type": "agent_order",
    "source": "synthetic_agent",
    "symbol": "BTCUSDT",
    "exchange": "binance_usdm",
    "timestamp": "2024-05-01T00:00:00.020000Z",
    "sequence": 1,
    "scenario_id": "scenario-119-volatility_feedback",
    "agent_id": "agent-volatility_feedback",
    "order_id": "scenario-119-volatility_feedback-agent-volatility_feedback-1",
    "action": "new",
    "side": "sell",
    "price": 65052.57862,
    "quantity": 0.03,
    "remaining_quantity": 0.03
  },
  {
    "event_id": "643229596db58643f57542d314833202924e846d06460aa69f379b0e70ec0f71",
    "schema_version": "1.0.0",
    "event_type": "agent_order",
    "source": "synthetic_agent",
    "symbol": "BTCUSDT",
    "exchange": "binance_usdm",
    "timestamp": "2024-05-01T00:00:00.040000Z",
    "sequence": 2,
    "scenario_id": "scenario-119-volatility_feedback",
    "agent_id": "agent-volatility_feedback",
    "order_id": "scenario-119-volatility_feedback-agent-volatility_feedback-2",
    "action": "new",
    "side": "buy",
    "price": 65186.72375999999,
    "quantity": 0.04,
    "remaining_quantity": 0.04
  },
  {
    "event_id": "acf4fcbeecc06af264743f05867dde755f0be3edf667b3f014f08abaf7f54caa",
    "schema_version": "1.0.0",
    "event_type": "agent_order",
    "source": "synthetic_agent",
    "symbol": "BTCUSDT",
    "exchange": "binance_usdm",
    "timestamp": "2024-05-01T00:00:00.060000Z",
    "sequence": 3,
    "scenario_id": "scenario-119-volatility_feedback",
    "agent_id": "agent-volatility_feedback",
    "order_id": "scenario-119-volatility_feedback-agent-volatility_feedback-3",
    "action": "new",
    "side": "sell",
    "price": 65049.973860000006,
    "quantity": 0.05,
    "remaining_quantity": 0.05
  },
  {
    "event_id": "fee102ea04e76cc695700eff0c17d21899ec7d724839d6020178a1eb958a6bc4",
    "schema_version": "1.0.0",
    "event_type": "agent_order",
    "source": "synthetic_agent",
    "symbol": "BTCUSDT",
    "exchange": "binance_usdm",
    "timestamp": "2024-05-01T00:00:00.080000Z",
    "sequence": 4,
    "scenario_id": "scenario-119-volatility_feedback",
    "agent_id": "agent-volatility_feedback",
    "order_id": "scenario-119-volatility_feedback-agent-volatility_feedback-4",
    "action": "new",
    "side": "buy",
    "price": 65189.328519999995,
    "quantity": 0.02,
    "remaining_quantity": 0.02
  },
  {
    "event_id": "db204ce084b6e072ef1ba1303ce6e97343459aa67a3c34ac021e994091ebfaee",
    "schema_version": "1.0.0",
    "event_type": "agent_order",
    "source": "synthetic_agent",
    "symbol": "BTCUSDT",
    "exchange": "binance_usdm",
    "timestamp": "2024-05-01T00:00:00.100000Z",
    "sequence": 5,
    "scenario_id": "scenario-119-volatility_feedback",
    "agent_id": "agent-volatility_feedback",
    "order_id": "scenario-119-volatility_feedback-agent-volatility_feedback-5",
    "action": "new",
    "side": "sell",
    "price": 65047.3691,
    "quantity": 0.03,
    "remaining_quantity": 0.03
  },
  {
    "event_id": "5fec4cfa51a55eb678477d97516e460c419f5eacb6dad48fa9b87ae51b7f9de3",
    "schema_version": "1.0.0",
    "event_type": "agent_order",
    "source": "synthetic_agent",
    "symbol": "BTCUSDT",
    "exchange": "binance_usdm",
    "timestamp": "2024-05-01T00:00:00.120000Z",
    "sequence": 6,
    "scenario_id": "scenario-119-volatility_feedback",
    "agent_id": "agent-volatility_feedback",
    "order_id": "scenario-119-volatility_feedback-agent-volatility_feedback-6",
    "action": "new",
    "side": "buy",
    "price": 65191.93328,
    "quantity": 0.04,
    "remaining_quantity": 0.04
  },
  {
    "event_id": "d6bc0adbae6d418a28a45a0bfa3b600843427358168fc6cdc5cf734354f986ec",
    "schema_version": "1.0.0",
    "event_type": "agent_order",
    "source": "synthetic_agent",
    "symbol": "BTCUSDT",
    "exchange": "binance_usdm",
    "timestamp": "2024-05-01T00:00:00.140000Z",
    "sequence": 7,
    "scenario_id": "scenario-119-volatility_feedback",
    "agent_id": "agent-volatility_feedback",
    "order_id": "scenario-119-volatility_feedback-agent-volatility_feedback-7",
    "action": "new",
    "side": "sell",
    "price": 65044.76434,
    "quantity": 0.05,
    "remaining_quantity": 0.05
  },
  {
    "event_id": "e0b8d1c858fa732a27187ef270ab64b1e6b4857819e8f74b9775cb4995bea239",
    "schema_version": "1.0.0",
    "event_type": "agent_order",
    "source": "synthetic_agent",
    "symbol": "BTCUSDT",
    "exchange": "binance_usdm",
    "timestamp": "2024-05-01T00:00:00.160000Z",
    "sequence": 8,
    "scenario_id": "scenario-119-volatility_feedback",
    "agent_id": "agent-volatility_feedback",
    "order_id": "scenario-119-volatility_feedback-agent-volatility_feedback-8",
    "action": "new",
    "side": "buy",
    "price": 65194.53804000001,
    "quantity": 0.02,
    "remaining_quantity": 0.02
  },
  {
    "event_id": "913e6bc9f1bd19c8ed1d0a75a0e077a8b25080520f13cfa6faf6c93ba8772600",
    "schema_version": "1.0.0",
    "event_type": "agent_order",
    "source": "synthetic_agent",
    "symbol": "BTCUSDT",
    "exchange": "binance_usdm",
    "timestamp": "2024-05-01T00:00:00.180000Z",
    "sequence": 9,
    "scenario_id": "scenario-119-volatility_feedback",
    "agent_id": "agent-volatility_feedback",
    "order_id": "scenario-119-volatility_feedback-agent-volatility_feedback-9",
    "action": "new",
    "side": "sell",
    "price": 65042.15958,
    "quantity": 0.03,
    "remaining_quantity": 0.03
  },
  {
    "event_id": "9a99503d41bebfa02f8841cda9584016eb15f5fd0fe1e628b4d9b678ac8a9bd8",
    "schema_version": "1.0.0",
    "event_type": "agent_order",
    "source": "synthetic_agent",
    "symbol": "BTCUSDT",
    "exchange": "binance_usdm",
    "timestamp": "2024-05-01T00:00:00.200000Z",
    "sequence": 10,
    "scenario_id": "scenario-119-volatility_feedback",
    "agent_id": "agent-volatility_feedback",
    "order_id": "scenario-119-volatility_feedback-agent-volatility_feedback-10",
    "action": "new",
    "side": "buy",
    "price": 65197.14280000001,
    "quantity": 0.04,
    "remaining_quantity": 0.04
  },
  {
    "event_id": "d670fa68ca5f00e650e7ca74a89a133e4e490ccba3d1177019766906e45444f0",
    "schema_version": "1.0.0",
    "event_type": "agent_order",
    "source": "synthetic_agent",
    "symbol": "BTCUSDT",
    "exchange": "binance_usdm",
    "timestamp": "2024-05-01T00:00:00.220000Z",
    "sequence": 11,
    "scenario_id": "scenario-119-volatility_feedback",
    "agent_id": "agent-volatility_feedback",
    "order_id": "scenario-119-volatility_feedback-agent-volatility_feedback-11",
    "action": "new",
    "side": "sell",
    "price": 65039.55482,
    "quantity": 0.05,
    "remaining_quantity": 0.05
  },
  {
    "event_id": "cab96755143361c44f80f69f8ab1e29789b30b7cbd3c6f03123854880816c881",
    "schema_version": "1.0.0",
    "event_type": "agent_order",
    "source": "synthetic_agent",
    "symbol": "BTCUSDT",
    "exchange": "binance_usdm",
    "timestamp": "2024-05-01T00:00:00.240000Z",
    "sequence": 12,
    "scenario_id": "scenario-119-volatility_feedback",
    "agent_id": "agent-volatility_feedback",
    "order_id": "scenario-119-volatility_feedback-agent-volatility_feedback-12",
    "action": "new",
    "side": "buy",
    "price": 65199.747559999996,
    "quantity": 0.02,
    "remaining_quantity": 0.02
  },
  {
    "event_id": "eba88b4700050f4cbbefa9912be15a252ead710b03c9a564e399f9374205ebfa",
    "schema_version": "1.0.0",
    "event_type": "agent_order",
    "source": "synthetic_agent",
    "symbol": "BTCUSDT",
    "exchange": "binance_usdm",
    "timestamp": "2024-05-01T00:00:00.260000Z",
    "sequence": 13,
    "scenario_id": "scenario-119-volatility_feedback",
    "agent_id": "agent-volatility_feedback",
    "order_id": "scenario-119-volatility_feedback-agent-volatility_feedback-13",
    "action": "new",
    "side": "sell",
    "price": 65036.950059999996,
    "quantity": 0.03,
    "remaining_quantity": 0.03
  },
  {
    "event_id": "d97e70fc04c4596d13e5aacda38e8191a5a5f142cc30f19cceba8e46ff6a635b",
    "schema_version": "1.0.0",
    "event_type": "agent_order",
    "source": "synthetic_agent",
    "symbol": "BTCUSDT",
    "exchange": "binance_usdm",
    "timestamp": "2024-05-01T00:00:00.280000Z",
    "sequence": 14,
    "scenario_id": "scenario-119-volatility_feedback",
    "agent_id": "agent-volatility_feedback",
    "order_id": "scenario-119-volatility_feedback-agent-volatility_feedback-14",
    "action": "new",
    "side": "buy",
    "price": 65202.35232,
    "quantity": 0.04,
    "remaining_quantity": 0.04
  },
  {
    "event_id": "58b45e71e14e409ca509c37680669a6630c79c1b9fd134d3edd6cea4865ef07b",
    "schema_version": "1.0.0",
    "event_type": "agent_order",
    "source": "synthetic_agent",
    "symbol": "BTCUSDT",
    "exchange": "binance_usdm",
    "timestamp": "2024-05-01T00:00:00.300000Z",
    "sequence": 15,
    "scenario_id": "scenario-119-volatility_feedback",
    "agent_id": "agent-volatility_feedback",
    "order_id": "scenario-119-volatility_feedback-agent-volatility_feedback-15",
    "action": "new",
    "side": "sell",
    "price": 65034.3453,
    "quantity": 0.05,
    "remaining_quantity": 0.05
  },
  {
    "event_id": "58a243cb5b0259056a4e6988925c5764853fba9a9ba6a5026ac339dd179d75f7",
    "schema_version": "1.0.0",
    "event_type": "agent_order",
    "source": "synthetic_agent",
    "symbol": "BTCUSDT",
    "exchange": "binance_usdm",
    "timestamp": "2024-05-01T00:00:00.320000Z",
    "sequence": 16,
    "scenario_id": "scenario-119-volatility_feedback",
    "agent_id": "agent-volatility_feedback",
    "order_id": "scenario-119-volatility_feedback-agent-volatility_feedback-16",
    "action": "new",
    "side": "buy",
    "price": 65204.95708,
    "quantity": 0.02,
    "remaining_quantity": 0.02
  },
  {
    "event_id": "addbad6d10ad0d4828a1384cdc4d5c34315a0e72b587959a10bc7c7052d1a575",
    "schema_version": "1.0.0",
    "event_type": "agent_order",
    "source": "synthetic_agent",
    "symbol": "BTCUSDT",
    "exchange": "binance_usdm",
    "timestamp": "2024-05-01T00:00:00.340000Z",
    "sequence": 17,
    "scenario_id": "scenario-119-volatility_feedback",
    "agent_id": "agent-volatility_feedback",
    "order_id": "scenario-119-volatility_feedback-agent-volatility_feedback-17",
    "action": "new",
    "side": "sell",
    "price": 65031.74054,
    "quantity": 0.03,
    "remaining_quantity": 0.03
  },
  {
    "event_id": "49b310df5fc41b51c7443dea780c3e1471c01ac07fa1030f72637621bd03cc28",
    "schema_version": "1.0.0",
    "event_type": "agent_order",
    "source": "synthetic_agent",
    "symbol": "BTCUSDT",
    "exchange": "binance_usdm",
    "timestamp": "2024-05-01T00:00:00.360000Z",
    "sequence": 18,
    "scenario_id": "scenario-119-volatility_feedback",
    "agent_id": "agent-volatility_feedback",
    "order_id": "scenario-119-volatility_feedback-agent-volatility_feedback-18",
    "action": "new",
    "side": "buy",
    "price": 65207.56184,
    "quantity": 0.04,
    "remaining_quantity": 0.04
  },
  {
    "event_id": "fd81df8c67a475a202fb41d234d98f844d3bd0650cb00db2a8e6f96a5bbd3f3b",
    "schema_version": "1.0.0",
    "event_type": "agent_order",
    "source": "synthetic_agent",
    "symbol": "BTCUSDT",
    "exchange": "binance_usdm",
    "timestamp": "2024-05-01T00:00:00.380000Z",
    "sequence": 19,
    "scenario_id": "scenario-119-volatility_feedback",
    "agent_id": "agent-volatility_feedback",
    "order_id": "scenario-119-volatility_feedback-agent-volatility_feedback-19",
    "action": "new",
    "side": "sell",
    "price": 65029.13578,
    "quantity": 0.05,
    "remaining_quantity": 0.05
  },
  {
    "event_id": "82fe28028b3905f6372a779dbdb1a4d9d2c88acf294c1f86ceb9342108add505",
    "schema_version": "1.0.0",
    "event_type": "agent_order",
    "source": "synthetic_agent",
    "symbol": "BTCUSDT",
    "exchange": "binance_usdm",
    "timestamp": "2024-05-01T00:00:00.400000Z",
    "sequence": 20,
    "scenario_id": "scenario-119-volatility_feedback",
    "agent_id": "agent-volatility_feedback",
    "order_id": "scenario-119-volatility_feedback-agent-volatility_feedback-20",
    "action": "new",
    "side": "buy",
    "price": 65210.166600000004,
    "quantity": 0.02,
    "remaining_quantity": 0.02
  },
  {
    "event_id": "086d605a7d3eeed25731dabefa1e897d774485fc71a781d676767b05fdf74c58",
    "schema_version": "1.0.0",
    "event_type": "agent_order",
    "source": "synthetic_agent",
    "symbol": "BTCUSDT",
    "exchange": "binance_usdm",
    "timestamp": "2024-05-01T00:00:00.420000Z",
    "sequence": 21,
    "scenario_id": "scenario-119-volatility_feedback",
    "agent_id": "agent-volatility_feedback",
    "order_id": "scenario-119-volatility_feedback-agent-volatility_feedback-21",
    "action": "new",
    "side": "sell",
    "price": 65026.53102,
    "quantity": 0.03,
    "remaining_quantity": 0.03
  },
  {
    "event_id": "28b992c03454b21e36aaa3b37f659b388c1a929e2db494ddb1ba4d0a73c02c45",
    "schema_version": "1.0.0",
    "event_type": "agent_order",
    "source": "synthetic_agent",
    "symbol": "BTCUSDT",
    "exchange": "binance_usdm",
    "timestamp": "2024-05-01T00:00:00.440000Z",
    "sequence": 22,
    "scenario_id": "scenario-119-volatility_feedback",
    "agent_id": "agent-volatility_feedback",
    "order_id": "scenario-119-volatility_feedback-agent-volatility_feedback-22",
    "action": "new",
    "side": "buy",
    "price": 65212.771360000006,
    "quantity": 0.04,
    "remaining_quantity": 0.04
  },
  {
    "event_id": "2b727a3c39c539736de55895689c738931827b86bfe1d7d63fa25e494c01c0ed",
    "schema_version": "1.0.0",
    "event_type": "agent_order",
    "source": "synthetic_agent",
    "symbol": "BTCUSDT",
    "exchange": "binance_usdm",
    "timestamp": "2024-05-01T00:00:00.460000Z",
    "sequence": 23,
    "scenario_id": "scenario-119-volatility_feedback",
    "agent_id": "agent-volatility_feedback",
    "order_id": "scenario-119-volatility_feedback-agent-volatility_feedback-23",
    "action": "new",
    "side": "sell",
    "price": 65023.92626,
    "quantity": 0.05,
    "remaining_quantity": 0.05
  },
  {
    "event_id": "f02fa910a6c375b71d1c898ef86acbcbaa43fd457d739588463d0e79c92bf5eb",
    "schema_version": "1.0.0",
    "event_type": "agent_order",
    "source": "synthetic_agent",
    "symbol": "BTCUSDT",
    "exchange": "binance_usdm",
    "timestamp": "2024-05-01T00:00:00.480000Z",
    "sequence": 24,
    "scenario_id": "scenario-119-volatility_feedback",
    "agent_id": "agent-volatility_feedback",
    "order_id": "scenario-119-volatility_feedback-agent-volatility_feedback-24",
    "action": "new",
    "side": "buy",
    "price": 65215.37611999999,
    "quantity": 0.02,
    "remaining_quantity": 0.02
  },
  {
    "event_id": "6b818a00c3146c6f6fa0db575c1b51fb1c7ae01af3e4ea0668c297791c57da41",
    "schema_version": "1.0.0",
    "event_type": "agent_order",
    "source": "synthetic_agent",
    "symbol": "BTCUSDT",
    "exchange": "binance_usdm",
    "timestamp": "2024-05-01T00:00:00.500000Z",
    "sequence": 25,
    "scenario_id": "scenario-119-volatility_feedback",
    "agent_id": "agent-volatility_feedback",
    "order_id": "scenario-119-volatility_feedback-agent-volatility_feedback-25",
    "action": "new",
    "side": "sell",
    "price": 65021.321500000005,
    "quantity": 0.03,
    "remaining_quantity": 0.03
  },
  {
    "event_id": "1a45c544a464ea2650f658a20a271ec40eaced521cac6c4cb09717d7259dd9c0",
    "schema_version": "1.0.0",
    "event_type": "agent_order",
    "source": "synthetic_agent",
    "symbol": "BTCUSDT",
    "exchange": "binance_usdm",
    "timestamp": "2024-05-01T00:00:00.520000Z",
    "sequence": 26,
    "scenario_id": "scenario-119-volatility_feedback",
    "agent_id": "agent-volatility_feedback",
    "order_id": "scenario-119-volatility_feedback-agent-volatility_feedback-26",
    "action": "new",
    "side": "buy",
    "price": 65217.980879999996,
    "quantity": 0.04,
    "remaining_quantity": 0.04
  },
  {
    "event_id": "6628f19a741e4679f41f6c5df01be4c925c6b06ff23f3e225e6917c9cca0c66f",
    "schema_version": "1.0.0",
    "event_type": "agent_order",
    "source": "synthetic_agent",
    "symbol": "BTCUSDT",
    "exchange": "binance_usdm",
    "timestamp": "2024-05-01T00:00:00.540000Z",
    "sequence": 27,
    "scenario_id": "scenario-119-volatility_feedback",
    "agent_id": "agent-volatility_feedback",
    "order_id": "scenario-119-volatility_feedback-agent-volatility_feedback-27",
    "action": "new",
    "side": "sell",
    "price": 65018.71674,
    "quantity": 0.05,
    "remaining_quantity": 0.05
  },
  {
    "event_id": "dd0f56eee403ea788b917bdbb1503671c1c7c2c98a18b9fa727e40dcf5088562",
    "schema_version": "1.0.0",
    "event_type": "agent_order",
    "source": "synthetic_agent",
    "symbol": "BTCUSDT",
    "exchange": "binance_usdm",
    "timestamp": "2024-05-01T00:00:00.560000Z",
    "sequence": 28,
    "scenario_id": "scenario-119-volatility_feedback",
    "agent_id": "agent-volatility_feedback",
    "order_id": "scenario-119-volatility_feedback-agent-volatility_feedback-28",
    "action": "new",
    "side": "buy",
    "price": 65220.58564,
    "quantity": 0.02,
    "remaining_quantity": 0.02
  },
  {
    "event_id": "80f590d897642551bf537b5f9014ed202813a0bdbea2c1692d9c9d2bde2bf614",
    "schema_version": "1.0.0",
    "event_type": "agent_order",
    "source": "synthetic_agent",
    "symbol": "BTCUSDT",
    "exchange": "binance_usdm",
    "timestamp": "2024-05-01T00:00:00.580000Z",
    "sequence": 29,
    "scenario_id": "scenario-119-volatility_feedback",
    "agent_id": "agent-volatility_feedback",
    "order_id": "scenario-119-volatility_feedback-agent-volatility_feedback-29",
    "action": "new",
    "side": "sell",
    "price": 65016.11198,
    "quantity": 0.03,
    "remaining_quantity": 0.03
  }
]