[
  {
    "event_id": "c01753932636f0adec0b7c9bac20ac8809246f68d29833da696b35138d507037",
    "schema_version": "1.0.0",
    "event_type": "agent_order",
    "source": "synthetic_agent",
    "symbol": "BTCUSDT",
    "exchange": "binance_usdm",
    "timestamp": "2024-05-01T00:00:00Z",
    "sequence": 0,
    "scenario_id": "scenario-163-coordinated_burst",
    "agent_id": "agent-coordinated_burst-0",
    "order_id": "scenario-163-coordinated_burst-agent-coordinated_burst-0-0",
    "action": "new",
    "side": "buy",
    "price": 65176.0326,
    "quantity": 0.04,
    "remaining_quantity": 0.04
  },
  {
    "event_id": "661d22a5078025157ae373e7094e50020846213ab1eb9d08dc0ea1c9a53a9773",
    "schema_version": "1.0.0",
    "event_type": "agent_order",
    "source": "synthetic_agent",
    "symbol": "BTCUSDT",
    "exchange": "binance_usdm",
    "timestamp": "2024-05-01T00:00:00.012000Z",
    "sequence": 1,
    "scenario_id": "scenario-163-coordinated_burst",
    "agent_id": "agent-coordinated_burst-1",
    "order_id": "scenario-163-coordinated_burst-agent-coordinated_burst-1-1",
    "action": "new",
    "side": "sell",
    "price": 65149.9674,
    "quantity": 0.04,
    "remaining_quantity": 0.04
  },
  {
    "event_id": "2031d9d6aa648b41c0e985b4c1076ff67eeedbf50719a6361e5f29afacdc8033",
    "schema_version": "1.0.0",
    "event_type": "agent_order",
    "source": "synthetic_agent",
    "symbol": "BTCUSDT",
    "exchange": "binance_usdm",
    "timestamp": "2024-05-01T00:00:00.024000Z",
    "sequence": 2,
    "scenario_id": "scenario-163-coordinated_burst",
    "agent_id": "agent-coordinated_burst-2",
    "order_id": "scenario-163-coordinated_burst-agent-coordinated_burst-2-2",
    "action": "new",
    "side": "sell",
    "price": 65149.9674,
    "quantity": 0.04,
    "remaining_quantity": 0.04
  },
  {
    "event_id": "2826dcd2f8e9c6b62440b3e92fffcb25819a1246457984a7a3ef74f8fd2506d8",
    "schema_version": "1.0.0",
    "event_type": "agent_order",
    "source": "synthetic_agent",
    "symbol": "BTCUSDT",
    "exchange": "binance_usdm",
    "timestamp": "2024-05-01T00:00:00.036000Z",
    "sequence": 3,
    "scenario_id": "scenario-163-coordinated_burst",
    "agent_id": "agent-coordinated_burst-0",
    "order_id": "scenario-163-coordinated_burst-agent-coordinated_burst-0-3",
    "action": "new",
    "side": "buy",
    "price": 65176.0326,
    "quantity": 0.04,
    "remaining_quantity": 0.04
  },
  {
    "event_id": "f79cd2feeb80dd5c9eedc56890a59f14d1b5de239d8f3db1eeb58a6d7fc59c23",
    "schema_version": "1.0.0",
    "event_type": "agent_order",
    "source": "synthetic_agent",
    "symbol": "BTCUSDT",
    "exchange": "binance_usdm",
    "timestamp": "2024-05-01T00:00:00.048000Z",
    "sequence": 4,
    "scenario_id": "scenario-163-coordinated_burst",
    "agent_id": "agent-coordinated_burst-1",
    "order_id": "scenario-163-coordinated_burst-agent-coordinated_burst-1-4",
    "action": "new",
    "side": "sell",
    "price": 65149.9674,
    "quantity": 0.04,
    "remaining_quantity": 0.04
  },
  {
    "event_id": "eea109ca00f80f90cd3f3a8a3e3a930a6e5bdda3d9d0c505da8215a01214980b",
    "schema_version": "1.0.0",
    "event_type": "agent_order",
    "source": "synthetic_agent",
    "symbol": "BTCUSDT",
    "exchange": "binance_usdm",
    "timestamp": "2024-05-01T00:00:00.600000Z",
    "sequence": 5,
    "scenario_id": "scenario-163-coordinated_burst",
    "agent_id": "agent-coordinated_burst-2",
    "order_id": "scenario-163-coordinated_burst-agent-coordinated_burst-2-5",
    "action": "new",
    "side": "sell",
    "price": 65149.9674,
    "quantity": 0.04,
    "remaining_quantity": 0.04
  },
  {
    "event_id": "f96c98e960eb6ca138a1915d4c7e3ff852f29d62e67d027051271ba2403155de",
    "schema_version": "1.0.0",
    "event_type": "agent_order",
    "source": "synthetic_agent",
    "symbol": "BTCUSDT",
    "exchange": "binance_usdm",
    "timestamp": "2024-05-01T00:00:00.072000Z",
    "sequence": 6,
    "scenario_id": "scenario-163-coordinated_burst",
    "agent_id": "agent-coordinated_burst-0",
    "order_id": "scenario-163-coordinated_burst-agent-coordinated_burst-0-6",
    "action": "new",
    "side": "buy",
    "price": 65176.0326,
    "quantity": 0.04,
    "remaining_quantity": 0.04
  },
  {
    "event_id": "2ea360bdb7a38d8c06665ead54e7dcc2a7f3049bc50372ac8c2bf72f29348ee6",
    "schema_version": "1.0.0",
    "event_type": "agent_order",
    "source": "synthetic_agent",
    "symbol": "BTCUSDT",
    "exchange": "binance_usdm",
    "timestamp": "2024-05-01T00:00:00.084000Z",
    "sequence": 7,
    "scenario_id": "scenario-163-coordinated_burst",
    "agent_id": "agent-coordinated_burst-1",
    "order_id": "scenario-163-coordinated_burst-agent-coordinated_burst-1-7",
    "action": "new",
    "side": "sell",
    "price": 65149.9674,
    "quantity": 0.04,
    "remaining_quantity": 0.04
  },
  {
    "event_id": "9d4b1cc9df7732f5d62335434222d61ec7e2a31aaff8e51f0b4d7a430d866b07",
    "schema_version": "1.0.0",
    "event_type": "agent_order",
    "source": "synthetic_agent",
    "symbol": "BTCUSDT",
    "exchange": "binance_usdm",
    "timestamp": "2024-05-01T00:00:00.096000Z",
    "sequence": 8,
    "scenario_id": "scenario-163-coordinated_burst",
    "agent_id": "agent-coordinated_burst-2",
    "order_id": "scenario-163-coordinated_burst-agent-coordinated_burst-2-8",
    "action": "new",
    "side": "sell",
    "price": 65149.9674,
    "quantity": 0.04,
    "remaining_quantity": 0.04
  },
  {
    "event_id": "6574aaa54b4bd2d9d075628010bec8dfce05ba1b668ceb0c5f1db4e16f99287c",
    "schema_version": "1.0.0",
    "event_type": "agent_order",
    "source": "synthetic_agent",
    "symbol": "BTCUSDT",
    "exchange": "binance_usdm",
    "timestamp": "2024-05-01T00:00:00.108000Z",
    "sequence": 9,
    "scenario_id": "scenario-163-coordinated_burst",
    "agent_id": "agent-coordinated_burst-0",
    "order_id": "scenario-163-coordinated_burst-agent-coordinated_burst-0-9",
    "action": "new",
    "side": "buy",
    "price": 65176.0326,
    "quantity": 0.04,
    "remaining_quantity": 0.04
  },
  {
    "event_id": "4768a121ac75f02d4b3a690f4793f7e23a155f23ae6e28c20887352e31b8eda6",
    "schema_version": "1.0.0",
    "event_type": "agent_order",
    "source": "synthetic_agent",
    "symbol": "BTCUSDT",
    "exchange": "binance_usdm",
    "timestamp": "2024-05-01T00:00:01.200000Z",
    "sequence": 10,
    "scenario_id": "scenario-163-coordinated_burst",
    "agent_id": "agent-coordinated_burst-1",
    "order_id": "scenario-163-coordinated_burst-agent-coordinated_burst-1-10",
    "action": "new",
    "side": "sell",
    "price": 65149.9674,
    "quantity": 0.04,
    "remaining_quantity": 0.04
  },
  {
    "event_id": "b6cd62881590730a43a8479cfa7c224ef6bb8f665fd4bf1593e4789d23a22de4",
    "schema_version": "1.0.0",
    "event_type": "agent_order",
    "source": "synthetic_agent",
    "symbol": "BTCUSDT",
    "exchange": "binance_usdm",
    "timestamp": "2024-05-01T00:00:00.132000Z",
    "sequence": 11,
    "scenario_id": "scenario-163-coordinated_burst",
    "agent_id": "agent-coordinated_burst-2",
    "order_id": "scenario-163-coordinated_burst-agent-coordinated_burst-2-11",
    "action": "new",
    "side": "sell",
    "price": 65149.9674,
    "quantity": 0.04,
    "remaining_quantity": 0.04
  },
  {
    "event_id": "221f0cecee7975bc39b0a09f9e00798cdedae8cdf4df475a2355633c2762d847",
    "schema_version": "1.0.0",
    "event_type": "agent_order",
    "source": "synthetic_agent",
    "symbol": "BTCUSDT",
    "exchange": "binance_usdm",
    "timestamp": "2024-05-01T00:00:00.144000Z",
    "sequence": 12,
    "scenario_id": "scenario-163-coordinated_burst",
    "agent_id": "agent-coordinated_burst-0",
    "order_id": "scenario-163-coordinated_burst-agent-coordinated_burst-0-12",
    "action": "new",
    "side": "buy",
    "price": 65176.0326,
    "quantity": 0.04,
    "remaining_quantity": 0.04
  },
  {
    "event_id": "4eb2633e76e5c5715a9ea5f50d6708de85df3e2db4e25401f5b07a419a4d5eaa",
    "schema_version": "1.0.0",
    "event_type": "agent_order",
    "source": "synthetic_agent",
    "symbol": "BTCUSDT",
    "exchange": "binance_usdm",
    "timestamp": "2024-05-01T00:00:00.156000Z",
    "sequence": 13,
    "scenario_id": "scenario-163-coordinated_burst",
    "agent_id": "agent-coordinated_burst-1",
    "order_id": "scenario-163-coordinated_burst-agent-coordinated_burst-1-13",
    "action": "new",
    "side": "sell",
    "price": 65149.9674,
    "quantity": 0.04,
    "remaining_quantity": 0.04
  },
  {
    "event_id": "d64fae509c27424717bc9eca0843e4603a2db8b1817a1137dd0113e2cc073561",
    "schema_version": "1.0.0",
    "event_type": "agent_order",
    "source": "synthetic_agent",
    "symbol": "BTCUSDT",
    "exchange": "binance_usdm",
    "timestamp": "2024-05-01T00:00:00.168000Z",
    "sequence": 14,
    "scenario_id": "scenario-163-coordinated_burst",
    "agent_id": "agent-coordinated_burst-2",
    "order_id": "scenario-163-coordinated_burst-agent-coordinated_burst-2-14",
    "action": "new",
    "side": "sell",
    "price": 65149.9674,
    "quantity": 0.04,
    "remaining_quantity": 0.04
  },
  {
    "event_id": "70c95d4567abd0cc2cac8b906af190fab54b1992dfafbe80084cd4c828ff1159",
    "schema_version": "1.0.0",
    "event_type": "agent_order",
    "source": "synthetic_agent",
    "symbol": "BTCUSDT",
    "exchange": "binance_usdm",
    "timestamp": "2024-05-01T00:00:01.800000Z",
    "sequence": 15,
    "scenario_id": "scenario-163-coordinated_burst",
    "agent_id": "agent-coordinated_burst-0",
    "order_id": "scenario-163-coordinated_burst-agent-coordinated_burst-0-15",
    "action": "new",
    "side": "buy",
    "price": 65176.0326,
    "quantity": 0.04,
    "remaining_quantity": 0.04
  },
  {
    "event_id": "37a78df8455ec28c45eda4b9886cb5f3d30611395650a7c60aa948eb0fda4137",
    "schema_version": "1.0.0",
    "event_type": "agent_order",
    "source": "synthetic_agent",
    "symbol": "BTCUSDT",
    "exchange": "binance_usdm",
    "timestamp": "2024-05-01T00:00:00.192000Z",
    "sequence": 16,
    "scenario_id": "scenario-163-coordinated_burst",
    "agent_id": "agent-coordinated_burst-1",
    "order_id": "scenario-163-coordinated_burst-agent-coordinated_burst-1-16",
    "action": "new",
    "side": "sell",
    "price": 65149.9674,
    "quantity": 0.04,
    "remaining_quantity": 0.04
  },
  {
    "event_id": "042a514f4a5fbd31adf622384cb47f17ea07266da19832f402fc0a6cafb58b12",
    "schema_version": "1.0.0",
    "event_type": "agent_order",
    "source": "synthetic_agent",
    "symbol": "BTCUSDT",
    "exchange": "binance_usdm",
    "timestamp": "2024-05-01T00:00:00.204000Z",
    "sequence": 17,
    "scenario_id": "scenario-163-coordinated_burst",
    "agent_id": "agent-coordinated_burst-2",
    "order_id": "scenario-163-coordinated_burst-agent-coordinated_burst-2-17",
    "action": "new",
    "side": "sell",
    "price": 65149.9674,
    "quantity": 0.04,
    "remaining_quantity": 0.04
  },
  {
    "event_id": "480dc84d3682838b31ffd97b4ecd72abf1040c2dc9d250ea98327517e7866bcf",
    "schema_version": "1.0.0",
    "event_type": "agent_order",
    "source": "synthetic_agent",
    "symbol": "BTCUSDT",
    "exchange": "binance_usdm",
    "timestamp": "2024-05-01T00:00:00.216000Z",
    "sequence": 18,
    "scenario_id": "scenario-163-coordinated_burst",
    "agent_id": "agent-coordinated_burst-0",
    "order_id": "scenario-163-coordinated_burst-agent-coordinated_burst-0-18",
    "action": "new",
    "side": "buy",
    "price": 65176.0326,
    "quantity": 0.04,
    "remaining_quantity": 0.04
  },
  {
    "event_id": "e2b33273685f931fc29aaa9fa45c9f0da004574d450c18b0111332b763356f49",
    "schema_version": "1.0.0",
    "event_type": "agent_order",
    "source": "synthetic_agent",
    "symbol": "BTCUSDT",
    "exchange": "binance_usdm",
    "timestamp": "2024-05-01T00:00:00.228000Z",
    "sequence": 19,
    "scenario_id": "scenario-163-coordinated_burst",
    "agent_id": "agent-coordinated_burst-1",
    "order_id": "scenario-163-coordinated_burst-agent-coordinated_burst-1-19",
    "action": "new",
    "side": "sell",
    "price": 65149.9674,
    "quantity": 0.04,
    "remaining_quantity": 0.04
  },
  {
    "event_id": "1e1b4b852ef1d44dd76f5b585b90a05b825c0e41a3d0deb73284c18e209cded2",
    "schema_version": "1.0.0",
    "event_type": "agent_order",
    "source": "synthetic_agent",
    "symbol": "BTCUSDT",
    "exchange": "binance_usdm",
    "timestamp": "2024-05-01T00:00:02.400000Z",
    "sequence": 20,
    "scenario_id": "scenario-163-coordinated_burst",
    "agent_id": "agent-coordinated_burst-2",
    "order_id": "scenario-163-coordinated_burst-agent-coordinated_burst-2-20",
    "action": "new",
    "side": "sell",
    "price": 65149.9674,
    "quantity": 0.04,
    "remaining_quantity": 0.04
  },
  {
    "event_id": "af343afc108f33ee2e085fe01b1b144f5f04f94b1da34f2f156908550c5e3e2c",
    "schema_version": "1.0.0",
    "event_type": "agent_order",
    "source": "synthetic_agent",
    "symbol": "BTCUSDT",
    "exchange": "binance_usdm",
    "timestamp": "2024-05-01T00:00:00.252000Z",
    "sequence": 21,
    "scenario_id": "scenario-163-coordinated_burst",
    "agent_id": "agent-coordinated_burst-0",
    "order_id": "scenario-163-coordinated_burst-agent-coordinated_burst-0-21",
    "action": "new",
    "side": "buy",
    "price": 65176.0326,
    "quantity": 0.04,
    "remaining_quantity": 0.04
  },
  {
    "event_id": "2048c7b996c6bd02549505e8d97cc0ca6d2b5e364d0b8a6e37ea65eaae81d0b1",
    "schema_version": "1.0.0",
    "event_type": "agent_order",
    "source": "synthetic_agent",
    "symbol": "BTCUSDT",
    "exchange": "binance_usdm",
    "timestamp": "2024-05-01T00:00:00.264000Z",
    "sequence": 22,
    "scenario_id": "scenario-163-coordinated_burst",
    "agent_id": "agent-coordinated_burst-1",
    "order_id": "scenario-163-coordinated_burst-agent-coordinated_burst-1-22",
    "action": "new",
    "side": "sell",
    "price": 65149.9674,
    "quantity": 0.04,
    "remaining_quantity": 0.04
  },
  {
    "event_id": "c64b8a466b7ad37e281e2b72b438f612fcc6037c1da76a61b1f4ff8b6091982b",
    "schema_version": "1.0.0",
    "event_type": "agent_order",
    "source": "synthetic_agent",
    "symbol": "BTCUSDT",
    "exchange": "binance_usdm",
    "timestamp": "2024-05-01T00:00:00.276000Z",
    "sequence": 23,
    "scenario_id": "scenario-163-coordinated_burst",
    "agent_id": "agent-coordinated_burst-2",
    "order_id": "scenario-163-coordinated_burst-agent-coordinated_burst-2-23",
    "action": "new",
    "side": "sell",
    "price": 65149.9674,
    "quantity": 0.04,
    "remaining_quantity": 0.04
  },
  {
    "event_id": "6be8c86836f9a1ea29daa34b334051ac908495140206099b27777ecdeed7b619",
    "schema_version": "1.0.0",
    "event_type": "agent_order",
    "source": "synthetic_agent",
    "symbol": "BTCUSDT",
    "exchange": "binance_usdm",
    "timestamp": "2024-05-01T00:00:00.288000Z",
    "sequence": 24,
    "scenario_id": "scenario-163-coordinated_burst",
    "agent_id": "agent-coordinated_burst-0",
    "order_id": "scenario-163-coordinated_burst-agent-coordinated_burst-0-24",
    "action": "new",
    "side": "buy",
    "price": 65176.0326,
    "quantity": 0.04,
    "remaining_quantity": 0.04
  },
  {
    "event_id": "64a659245593d1a85e170237efc7623d34491ab7c3cdf20d6319804b0a13e984",
    "schema_version": "1.0.0",
    "event_type": "agent_order",
    "source": "synthetic_agent",
    "symbol": "BTCUSDT",
    "exchange": "binance_usdm",
    "timestamp": "2024-05-01T00:00:03Z",
    "sequence": 25,
    "scenario_id": "scenario-163-coordinated_burst",
    "agent_id": "agent-coordinated_burst-1",
    "order_id": "scenario-163-coordinated_burst-agent-coordinated_burst-1-25",
    "action": "new",
    "side": "sell",
    "price": 65149.9674,
    "quantity": 0.04,
    "remaining_quantity": 0.04
  },
  {
    "event_id": "f1b4972532556a7847c3939a841fd45175922fd5b749c9016a4c3177a35fea0c",
    "schema_version": "1.0.0",
    "event_type": "agent_order",
    "source": "synthetic_agent",
    "symbol": "BTCUSDT",
    "exchange": "binance_usdm",
    "timestamp": "2024-05-01T00:00:00.312000Z",
    "sequence": 26,
    "scenario_id": "scenario-163-coordinated_burst",
    "agent_id": "agent-coordinated_burst-2",
    "order_id": "scenario-163-coordinated_burst-agent-coordinated_burst-2-26",
    "action": "new",
    "side": "sell",
    "price": 65149.9674,
    "quantity": 0.04,
    "remaining_quantity": 0.04
  },
  {
    "event_id": "6cc0a0da2fac40e0f19183c345e0d483a69d07bab00bfcb63255c6a7b1d4e2f0",
    "schema_version": "1.0.0",
    "event_type": "agent_order",
    "source": "synthetic_agent",
    "symbol": "BTCUSDT",
    "exchange": "binance_usdm",
    "timestamp": "2024-05-01T00:00:00.324000Z",
    "sequence": 27,
    "scenario_id": "scenario-163-coordinated_burst",
    "agent_id": "agent-coordinated_burst-0",
    "order_id": "scenario-163-coordinated_burst-agent-coordinated_burst-0-27",
    "action": "new",
    "side": "buy",
    "price": 65176.0326,
    "quantity": 0.04,
    "remaining_quantity": 0.04
  },
  {
    "event_id": "ff6baa1f1b4203a48cfb7daa5cf08e3e4687a9a0a51b71b846c9445ad324f6cc",
    "schema_version": "1.0.0",
    "event_type": "agent_order",
    "source": "synthetic_agent",
    "symbol": "BTCUSDT",
    "exchange": "binance_usdm",
    "timestamp": "2024-05-01T00:00:00.336000Z",
    "sequence": 28,
    "scenario_id": "scenario-163-coordinated_burst",
    "agent_id": "agent-coordinated_burst-1",
    "order_id": "scenario-163-coordinated_burst-agent-coordinated_burst-1-28",
    "action": "new",
    "side": "sell",
    "price": 65149.9674,
    "quantity": 0.04,
    "remaining_quantity": 0.04
  },
  {
    "event_id": "7bf85006ceb40c89302c7ad6623fc25f5ace7a9d5a78d70a018297cac775445b",
    "schema_version": "1.0.0",
    "event_type": "agent_order",
    "source": "synthetic_agent",
    "symbol": "BTCUSDT",
    "exchange": "binance_usdm",
    "timestamp": "2024-05-01T00:00:00.348000Z",
    "sequence": 29,
    "scenario_id": "scenario-163-coordinated_burst",
    "agent_id": "agent-coordinated_burst-2",
    "order_id": "scenario-163-coordinated_burst-agent-coordinated_burst-2-29",
    "action": "new",
    "side": "sell",
    "price": 65149.9674,
    "quantity": 0.04,
    "remaining_quantity": 0.04
  }
]