[
  {
    "event_id": "193b99e1558fc63c1f0ee3e5508e6794295a3f9065d9ba01df5f7ba4202a6e17",
    "schema_version": "1.0.0",
    "event_type": "agent_order",
    "source": "synthetic_agent",
    "symbol": "BTCUSDT",
    "exchange": "binance_usdm",
    "timestamp": "2024-05-01T00:00:00Z",
    "sequence": 0,
    "scenario_id": "scenario-033-stop_run_sweep",
    "agent_id": "agent-stop_run_sweep",
    "order_id": "scenario-033-stop_run_sweep-agent-stop_run_sweep-0",
    "action": "new",
    "side": "buy",
    "price": 65098.032999999996,
    "quantity": 0.06,
    "remaining_quantity": 0.06
  },
  {
    "event_id": "b7cefd232de783e7c537b7e95839c51691907dfe229a4a9f45b046de9eb77302",
    "schema_version": "1.0.0",
    "event_type": "agent_order",
    "source": "synthetic_agent",
    "symbol": "BTCUSDT",
    "exchange": "binance_usdm",
    "timestamp": "2024-05-01T00:00:00.030000Z",
    "sequence": 1,
    "scenario_id": "scenario-033-stop_run_sweep",
    "agent_id": "agent-stop_run_sweep",
    "order_id": "scenario-033-stop_run_sweep-agent-stop_run_sweep-1",
    "action": "new",
    "side": "buy",
    "price": 65101.28465,
    "quantity": 0.06,
    "remaining_quantity": 0.06
  },
  {
    "event_id": "c8c717c0a16d124a5b310a56dc63bfbc01016a9666c2525764763150ba76e46b",
    "schema_version": "1.0.0",
    "event_type": "agent_order",
    "source": "synthetic_agent",
    "symbol": "BTCUSDT",
    "exchange": "binance_usdm",
    "timestamp": "2024-05-01T00:00:00.060000Z",
    "sequence": 2,
    "scenario_id": "scenario-033-stop_run_sweep",
    "agent_id": "agent-stop_run_sweep",
    "order_id": "scenario-033-stop_run_sweep-agent-stop_run_sweep-2",
    "action": "new",
    "side": "buy",
    "price": 65104.53629999999,
    "quantity": 0.06,
    "remaining_quantity": 0.06
  },
  {
    "event_id": "65d09e19b97ee2e641b9bca7dbdd572964fb96006b982863744773dff2f81928",
    "schema_version": "1.0.0",
    "event_type": "agent_order",
    "source": "synthetic_agent",
    "symbol": "BTCUSDT",
    "exchange": "binance_usdm",
    "timestamp": "2024-05-01T00:00:00.090000Z",
    "sequence": 3,
    "scenario_id": "scenario-033-stop_run_sweep",
    "agent_id": "agent-stop_run_sweep",
    "order_id": "scenario-033-stop_run_sweep-agent-stop_run_sweep-3",
    "action": "new",
    "side": "buy",
    "price": 65107.78795,
    "quantity": 0.06,
    "remaining_quantity": 0.06
  },
  {
    "event_id": "6ee8b47fa417cc5cbc7adf2bf522d2bf217fd642734356b827be1883a7f096ca",
    "schema_version": "1.0.0",
    "event_type": "agent_order",
    "source": "synthetic_agent",
    "symbol": "BTCUSDT",
    "exchange": "binance_usdm",
    "timestamp": "2024-05-01T00:00:00.120000Z",
    "sequence": 4,
    "scenario_id": "scenario-033-stop_run_sweep",
    "agent_id": "agent-stop_run_sweep",
    "order_id": "scenario-033-stop_run_sweep-agent-stop_run_sweep-4",
    "action": "new",
    "side": "buy",
    "price": 65111.03959999999,
    "quantity": 0.06,
    "remaining_quantity": 0.06
  },
  {
    "event_id": "5c32a1ea772cd37d9e6a487e8b1028492844e47c4d6afc139ffab8e850ff07f8",
    "schema_version": "1.0.0",
    "event_type": "agent_order",
    "source": "synthetic_agent",
    "symbol": "BTCUSDT",
    "exchange": "binance_usdm",
    "timestamp": "2024-05-01T00:00:00.150000Z",
    "sequence": 5,
    "scenario_id": "scenario-033-stop_run_sweep",
    "agent_id": "agent-stop_run_sweep",
    "order_id": "scenario-033-stop_run_sweep-agent-stop_run_sweep-5",
    "action": "new",
    "side": "buy",
    "price": 65114.291249999995,
    "quantity": 0.06,
    "remaining_quantity": 0.06
  },
  {
    "event_id": "22a5a3ca7fe4b4629d868b0815f347aa65443fc365a07a561b13405e5c27cfd2",
    "schema_version": "1.0.0",
    "event_type": "agent_order",
    "source": "synthetic_agent",
    "symbol": "BTCUSDT",
    "exchange": "binance_usdm",
    "timestamp": "2024-05-01T00:00:00.180000Z",
    "sequence": 6,
    "scenario_id": "scenario-033-stop_run_sweep",
    "agent_id": "agent-stop_run_sweep",
    "order_id": "scenario-033-stop_run_sweep-agent-stop_run_sweep-6",
    "action": "new",
    "side": "buy",
    "price": 65117.54289999999,
    "quantity": 0.06,
    "remaining_quantity": 0.06
  },
  {
    "event_id": "d41a31ff82550cc42c4d63e61a0da932e73c5ef325ea761961b65986ddb6b1de",
    "schema_version": "1.0.0",
    "event_type": "agent_order",
    "source": "synthetic_agent",
    "symbol": "BTCUSDT",
    "exchange": "binance_usdm",
    "timestamp": "2024-05-01T00:00:00.210000Z",
    "sequence": 7,
    "scenario_id": "scenario-033-stop_run_sweep",
    "agent_id": "agent-stop_run_sweep",
    "order_id": "scenario-033-stop_run_sweep-agent-stop_run_sweep-7",
    "action": "new",
    "side": "buy",
    "price": 65120.79455,
    "quantity": 0.06,
    "remaining_quantity": 0.06
  },
  {
    "event_id": "bbc9957bc1999929541feae0fffd41d390b76c9fee8788e997dfb455c34e9d85",
    "schema_version": "1.0.0",
    "event_type": "agent_order",
    "source": "synthetic_agent",
    "symbol": "BTCUSDT",
    "exchange": "binance_usdm",
    "timestamp": "2024-05-01T00:00:00.240000Z",
    "sequence": 8,
    "scenario_id": "scenario-033-stop_run_sweep",
    "agent_id": "agent-stop_run_sweep",
    "order_id": "scenario-033-stop_run_sweep-agent-stop_run_sweep-8",
    "action": "new",
    "side": "buy",
    "price": 65124.04619999999,
    "quantity": 0.06,
    "remaining_quantity": 0.06
  },
  {
    "event_id": "a0ba38c8b9e7e10a14c82b5268c7c8648a6e12699ea4abe4c25fa9c3caa6c4d4",
    "schema_version": "1.0.0",
    "event_type": "agent_order",
    "source": "synthetic_agent",
    "symbol": "BTCUSDT",
    "exchange": "binance_usdm",
    "timestamp": "2024-05-01T00:00:00.270000Z",
    "sequence": 9,
    "scenario_id": "scenario-033-stop_run_sweep",
    "agent_id": "agent-stop_run_sweep",
    "order_id": "scenario-033-stop_run_sweep-agent-stop_run_sweep-9",
    "action": "new",
    "side": "buy",
    "price": 65127.297849999995,
    "quantity": 0.06,
    "remaining_quantity": 0.06
  },
  {
    "event_id": "2f8c0829d9c259ac99bac474a2d2d09662fd2e5c0cb2e083d6ca1e481447621d",
    "schema_version": "1.0.0",
    "event_type": "agent_order",
    "source": "synthetic_agent",
    "symbol": "BTCUSDT",
    "exchange": "binance_usdm",
    "timestamp": "2024-05-01T00:00:00.300000Z",
    "sequence": 10,
    "scenario_id": "scenario-033-stop_run_sweep",
    "agent_id": "agent-stop_run_sweep",
    "order_id": "scenario-033-stop_run_sweep-agent-stop_run_sweep-10",
    "action": "new",
    "side": "buy",
    "price": 65130.54949999999,
    "quantity": 0.06,
    "remaining_quantity": 0.06
  },
  {
    "event_id": "0d15dc29531b1d148d0cdc083fa6e4505960341ede88570164070161cbfb94b4",
    "schema_version": "1.0.0",
    "event_type": "agent_order",
    "source": "synthetic_agent",
    "symbol": "BTCUSDT",
    "exchange": "binance_usdm",
    "timestamp": "2024-05-01T00:00:00.330000Z",
    "sequence": 11,
    "scenario_id": "scenario-033-stop_run_sweep",
    "agent_id": "agent-stop_run_sweep",
    "order_id": "scenario-033-stop_run_sweep-agent-stop_run_sweep-11",
    "action": "new",
    "side": "buy",
    "price": 65133.80115,
    "quantity": 0.06,
    "remaining_quantity": 0.06
  },
  {
    "event_id": "a1467e8f4d13563d1607b70f5c6099662358778250079bb85a9eba1be10295c1",
    "schema_version": "1.0.0",
    "event_type": "agent_order",
    "source": "synthetic_agent",
    "symbol": "BTCUSDT",
    "exchange": "binance_usdm",
    "timestamp": "2024-05-01T00:00:00.360000Z",
    "sequence": 12,
    "scenario_id": "scenario-033-stop_run_sweep",
    "agent_id": "agent-stop_run_sweep",
    "order_id": "scenario-033-stop_run_sweep-agent-stop_run_sweep-12",
    "action": "new",
    "side": "buy",
    "price": 65137.05279999999,
    "quantity": 0.06,
    "remaining_quantity": 0.06
  },
  {
    "event_id": "3345a3971aafe7908d01e3f444b96ce404a1e66489f943c2dbe1b0c8591ebe7e",
    "schema_version": "1.0.0",
    "event_type": "agent_order",
    "source": "synthetic_agent",
    "symbol": "BTCUSDT",
    "exchange": "binance_usdm",
    "timestamp": "2024-05-01T00:00:00.390000Z",
    "sequence": 13,
    "scenario_id": "scenario-033-stop_run_sweep",
    "agent_id": "agent-stop_run_sweep",
    "order_id": "scenario-033-stop_run_sweep-agent-stop_run_sweep-13",
    "action": "new",
    "side": "buy",
    "price": 65140.304449999996,
    "quantity": 0.06,
    "remaining_quantity": 0.06
  },
  {
    "event_id": "210e789c720cba8bba1b70e489b5517ff2e0710b1341957e5bc1a233163314d0",
    "schema_version": "1.0.0",
    "event_type": "agent_order",
    "source": "synthetic_agent",
    "symbol": "BTCUSDT",
    "exchange": "binance_usdm",
    "timestamp": "2024-05-01T00:00:00.420000Z",
    "sequence": 14,
    "scenario_id": "scenario-033-stop_run_sweep",
    "agent_id": "agent-stop_run_sweep",
    "order_id": "scenario-033-stop_run_sweep-agent-stop_run_sweep-14",
    "action": "new",
    "side": "buy",
    "price": 65143.55609999999,
    "quantity": 0.06,
    "remaining_quantity": 0.06
  },
  {
    "event_id": "8170cea85aca802078157b105dcf6629c829878ec88b9d17de3704b9cd023a10",
    "schema_version": "1.0.0",
    "event_type": "agent_order",
    "source": "synthetic_agent",
    "symbol": "BTCUSDT",
    "exchange": "binance_usdm",
    "timestamp": "2024-05-01T00:00:00.450000Z",
    "sequence": 15,
    "scenario_id": "scenario-033-stop_run_sweep",
    "agent_id": "agent-stop_run_sweep",
    "order_id": "scenario-033-stop_run_sweep-agent-stop_run_sweep-15",
    "action": "new",
    "side": "buy",
    "price": 65146.80774999999,
    "quantity": 0.06,
    "remaining_quantity": 0.06
  },
  {
    "event_id": "9a2349556d5d4749031aa3f2381bb0030d651f8a5778263818b439d4e9fc64b1",
    "schema_version": "1.0.0",
    "event_type": "agent_order",
    "source": "synthetic_agent",
    "symbol": "BTCUSDT",
    "exchange": "binance_usdm",
    "timestamp": "2024-05-01T00:00:00.480000Z",
    "sequence": 16,
    "scenario_id": "scenario-033-stop_run_sweep",
    "agent_id": "agent-stop_run_sweep",
    "order_id": "scenario-033-stop_run_sweep-agent-stop_run_sweep-16",
    "action": "new",
    "side": "buy",
    "price": 65150.059399999984,
    "quantity": 0.06,
    "remaining_quantity": 0.06
  },
  {
    "event_id": "a3f112f2b1a610c209137e02e96165542919926a8fcbff6d53012ac17cdc9c36",
    "schema_version": "1.0.0",
    "event_type": "agent_order",
    "source": "synthetic_agent",
    "symbol": "BTCUSDT",
    "exchange": "binance_usdm",
    "timestamp": "2024-05-01T00:00:00.510000Z",
    "sequence": 17,
    "scenario_id": "scenario-033-stop_run_sweep",
    "agent_id": "agent-stop_run_sweep",
    "order_id": "scenario-033-stop_run_sweep-agent-stop_run_sweep-17",
    "action": "new",
    "side": "buy",
    "price": 65153.31105,
    "quantity": 0.06,
    "remaining_quantity": 0.06
  },
  {
    "event_id": "352fe8f743c04358e4451493f230b4aac867102c05e61fa39cd179420744e66d",
    "schema_version": "1.0.0",
    "event_type": "agent_order",
    "source": "synthetic_agent",
    "symbol": "BTCUSDT",
    "exchange": "binance_usdm",
    "timestamp": "2024-05-01T00:00:00.540000Z",
    "sequence": 18,
    "scenario_id": "scenario-033-stop_run_sweep",
    "agent_id": "agent-stop_run_sweep",
    "order_id": "scenario-033-stop_run_sweep-agent-stop_run_sweep-18",
    "action": "new",
    "side": "buy",
    "price": 65156.56269999999,
    "quantity": 0.06,
    "remaining_quantity": 0.06
  },
  {
    "event_id": "a676cefe331a456d58d3afec66f778179f6b9331f1865fd9877f4ea1689c8794",
    "schema_version": "1.0.0",
    "event_type": "agent_order",
    "source": "synthetic_agent",
    "symbol": "BTCUSDT",
    "exchange": "binance_usdm",
    "timestamp": "2024-05-01T00:00:00.570000Z",
    "sequence": 19,
    "scenario_id": "scenario-033-stop_run_sweep",
    "agent_id": "agent-stop_run_sweep",
    "order_id": "scenario-033-stop_run_sweep-agent-stop_run_sweep-19",
    "action": "new",
    "side": "buy",
    "price": 65159.81434999999,
    "quantity": 0.06,
    "remaining_quantity": 0.06
  },
  {
    "event_id": "6c3508fa71e3b1433c008f0c224f30916bc176f1fe0a43d965539c5ac12642c0",
    "schema_version": "1.0.0",
    "event_type": "agent_order",
    "source": "synthetic_agent",
    "symbol": "BTCUSDT",
    "exchange": "binance_usdm",
    "timestamp": "2024-05-01T00:00:00.600000Z",
    "sequence": 20,
    "scenario_id": "scenario-033-stop_run_sweep",
    "agent_id": "agent-stop_run_sweep",
    "order_id": "scenario-033-stop_run_sweep-agent-stop_run_sweep-20",
    "action": "new",
    "side": "buy",
    "price": 65163.065999999984,
    "quantity": 0.06,
    "remaining_quantity": 0.06
  },
  {
    "event_id": "277927eabc895c7ea401b3bc1f0c8c58fe0ff21e5ab7b29ec01c6072c34eaea7",
    "schema_version": "1.0.0",
    "event_type": "agent_order",
    "source": "synthetic_agent",
    "symbol": "BTCUSDT",
    "exchange": "binance_usdm",
    "timestamp": "2024-05-01T00:00:00.630000Z",
    "sequence": 21,
    "scenario_id": "scenario-033-stop_run_sweep",
    "agent_id": "agent-stop_run_sweep",
    "order_id": "scenario-033-stop_run_sweep-agent-stop_run_sweep-21",
    "action": "new",
    "side": "buy",
    "price": 65166.31764999999,
    "quantity": 0.06,
    "remaining_quantity": 0.06
  },
  {
    "event_id": "eeee6c0b12612019f3540533bb4bc2d3112a28f4e8d75f380ff78aed45ad0efc",
    "schema_version": "1.0.0",
    "event_type": "agent_order",
    "source": "synthetic_agent",
    "symbol": "BTCUSDT",
    "exchange": "binance_usdm",
    "timestamp": "2024-05-01T00:00:00.660000Z",
    "sequence": 22,
    "scenario_id": "scenario-033-stop_run_sweep",
    "agent_id": "agent-stop_run_sweep",
    "order_id": "scenario-033-stop_run_sweep-agent-stop_run_sweep-22",
    "action": "new",
    "side": "buy",
    "price": 65169.5693,
    "quantity": 0.06,
    "remaining_quantity": 0.06
  },
  {
    "event_id": "fdc71cc8c4b510ed209173028def1741ab1c7cbc363159d7b0b1f5c98d0bdd53",
    "schema_version": "1.0.0",
    "event_type": "agent_order",
    "source": "synthetic_agent",
    "symbol": "BTCUSDT",
    "exchange": "binance_usdm",
    "timestamp": "2024-05-01T00:00:00.690000Z",
    "sequence": 23,
    "scenario_id": "scenario-033-stop_run_sweep",
    "agent_id": "agent-stop_run_sweep",
    "order_id": "scenario-033-stop_run_sweep-agent-stop_run_sweep-23",
    "action": "new",
    "side": "buy",
    "price": 65172.820949999994,
    "quantity": 0.06,
    "remaining_quantity": 0.06
  },
  {
    "event_id": "b0133aaef22b8cd67bbf78aeb51a9a9f16cf5ead73b5f08870c9e4610a68a1ed",
    "schema_version": "1.0.0",
    "event_type": "agent_order",
    "source": "synthetic_agent",
    "symbol": "BTCUSDT",
    "exchange": "binance_usdm",
    "timestamp": "2024-05-01T00:00:00.720000Z",
    "sequence": 24,
    "scenario_id": "scenario-033-stop_run_sweep",
    "agent_id": "agent-stop_run_sweep",
    "order_id": "scenario-033-stop_run_sweep-agent-stop_run_sweep-24",
    "action": "new",
    "side": "buy",
    "price": 65176.0726,
    "quantity": 0.06,
    "remaining_quantity": 0.06
  },
  {
    "event_id": "7043965d576a59ac5801200f62a58cd0e562385f76687cebe767752b0f16eaaf",
    "schema_version": "1.0.0",
    "event_type": "agent_order",
    "source": "synthetic_agent",
    "symbol": "BTCUSDT",
    "exchange": "binance_usdm",
    "timestamp": "2024-05-01T00:00:00.750000Z",
    "sequence": 25,
    "scenario_id": "scenario-033-stop_run_sweep",
    "agent_id": "agent-stop_run_sweep",
    "order_id": "scenario-033-stop_run_sweep-agent-stop_run_sweep-25",
    "action": "new",
    "side": "buy",
    "price": 65179.32424999999,
    "quantity": 0.06,
    "remaining_quantity": 0.06
  },
  {
    "event_id": "767328bd4303d8f4c97dfb19230c5341ce670c8a4db2aa6b168a4dc9f5a2c32b",
    "schema_version": "1.0.0",
    "event_type": "agent_order",
    "source": "synthetic_agent",
    "symbol": "BTCUSDT",
    "exchange": "binance_usdm",
    "timestamp": "2024-05-01T00:00:00.780000Z",
    "sequence": 26,
    "scenario_id": "scenario-033-stop_run_sweep",
    "agent_id": "agent-stop_run_sweep",
    "order_id": "scenario-033-stop_run_sweep-agent-stop_run_sweep-26",
    "action": "new",
    "side": "buy",
    "price": 65182.575899999996,
    "quantity": 0.06,
    "remaining_quantity": 0.06
  },
  {
    "event_id": "57df7be2fc5e7f9d3c512f9275e58371714d1d7fb3c1e4a7d001531ef45fb6d4",
    "schema_version": "1.0.0",
    "event_type": "agent_order",
    "source": "synthetic_agent",
    "symbol": "BTCUSDT",
    "exchange": "binance_usdm",
    "timestamp": "2024-05-01T00:00:00.810000Z",
    "sequence": 27,
    "scenario_id": "scenario-033-stop_run_sweep",
    "agent_id": "agent-stop_run_sweep",
    "order_id": "scenario-033-stop_run_sweep-agent-stop_run_sweep-27",
    "action": "new",
    "side": "buy",
    "price": 65185.82754999999,
    "quantity": 0.06,
    "remaining_quantity": 0.06
  },
  {
    "event_id": "55677a65dc60b565ebc278897126af88016bd9cfe4360d177c042abad4d699d3",
    "schema_version": "1.0.0",
    "event_type": "agent_order",
    "source": "synthetic_agent",
    "symbol": "BTCUSDT",
    "exchange": "binance_usdm",
    "timestamp": "2024-05-01T00:00:00.840000Z",
    "sequence": 28,
    "scenario_id": "scenario-033-stop_run_sweep",
    "agent_id": "agent-stop_run_sweep",
    "order_id": "scenario-033-stop_run_sweep-agent-stop_run_sweep-28",
    "action": "new",
    "side": "buy",
    "price": 65189.0792,
    "quantity": 0.06,
    "remaining_quantity": 0.06
  },
  {
    "event_id": "e66d748eef735048b34d6e1ef5f5493e8842a4aa0e8f14ddefd5c783baf817c0",
    "schema_version": "1.0.0",
    "event_type": "agent_order",
    "source": "synthetic_agent",
    "symbol": "BTCUSDT",
    "exchange": "binance_usdm",
    "timestamp": "2024-05-01T00:00:00.870000Z",
    "sequence": 29,
    "scenario_id": "scenario-033-stop_run_sweep",
    "agent_id": "agent-stop_run_sweep",
    "order_id": "scenario-033-stop_run_sweep-agent-stop_run_sweep-29",
    "action": "new",
    "side": "buy",
    "price": 65192.33084999999,
    "quantity": 0.06,
    "remaining_quantity": 0.06
  }
]