[
  {
    "event_id": "f025cccd15184dddadaaac351e3c797f8c1e424a614ba2689ffeda50f44d2d19",
    "schema_version": "1.0.0",
    "event_type": "agent_order",
    "source": "synthetic_agent",
    "symbol": "BTCUSDT",
    "exchange": "binance_usdm",
    "timestamp": "2024-05-01T00:00:00Z",
    "sequence": 0,
    "scenario_id": "scenario-071-volatility_feedback",
    "agent_id": "agent-volatility_feedback",
    "order_id": "scenario-071-volatility_feedback-agent-volatility_feedback-0",
    "action": "new",
    "side": "buy",
    "price": 65136.070999999996,
    "quantity": 0.02,
    "remaining_quantity": 0.02
  },
  {
    "event_id": "38e6e66a6f55b170661bfa89ff36c6630c3be5d7b57fd6486ea4e8a8b7e11076",
    "schema_version": "1.0.0",
    "event_type": "agent_order",
    "source": "synthetic_agent",
    "symbol": "BTCUSDT",
    "exchange": "binance_usdm",
    "timestamp": "2024-05-01T00:00:00.020000Z",
    "sequence": 1,
    "scenario_id": "scenario-071-volatility_feedback",
    "agent_id": "agent-volatility_feedback",
    "order_id": "scenario-071-volatility_feedback-agent-volatility_feedback-1",
    "action": "new",
    "side": "sell",
    "price": 65004.62758,
    "quantity": 0.03,
    "remaining_quantity": 0.03
  },
  {
    "event_id": "b884a745448170fc7c6d080c6a161ea7e54816ec80147732d6e1e7b1100eb905",
    "schema_version": "1.0.0",
    "event_type": "agent_order",
    "source": "synthetic_agent",
    "symbol": "BTCUSDT",
    "exchange": "binance_usdm",
    "timestamp": "2024-05-01T00:00:00.040000Z",
    "sequence": 2,
    "scenario_id": "scenario-071-volatility_feedback",
    "agent_id": "agent-volatility_feedback",
    "order_id": "scenario-071-volatility_feedback-agent-volatility_feedback-2",
    "action": "new",
    "side": "buy",
    "price": 65138.673839999996,
    "quantity": 0.04,
    "remaining_quantity": 0.04
  },
  {
    "event_id": "279889995e58e7e0ee5627547494eed70adf93f65e91caa575446024d9b88219",
    "schema_version": "1.0.0",
    "event_type": "agent_order",
    "source": "synthetic_agent",
    "symbol": "BTCUSDT",
    "exchange": "binance_usdm",
    "timestamp": "2024-05-01T00:00:00.060000Z",
    "sequence": 3,
    "scenario_id": "scenario-071-volatility_feedback",
    "agent_id": "agent-volatility_feedback",
    "order_id": "scenario-071-volatility_feedback-agent-volatility_feedback-3",
    "action": "new",
    "side": "sell",
    "price": 65002.02474,
    "quantity": 0.05,
    "remaining_quantity": 0.05
  },
  {
    "event_id": "3c189477fa3c17a7afb4e88fd94ee1823fac056b55cbe8ba6b69942204f8aad1",
    "schema_version": "1.0.0",
    "event_type": "agent_order",
    "source": "synthetic_agent",
    "symbol": "BTCUSDT",
    "exchange": "binance_usdm",
    "timestamp": "2024-05-01T00:00:00.080000Z",
    "sequence": 4,
    "scenario_id": "scenario-071-volatility_feedback",
    "agent_id": "agent-volatility_feedback",
    "order_id": "scenario-071-volatility_feedback-agent-volatility_feedback-4",
    "action": "new",
    "side": "buy",
    "price": 65141.276679999995,
    "quantity": 0.02,
    "remaining_quantity": 0.02
  },
  {
    "event_id": "7f49936a519280b32b6d1a67b3a8091c962d582705f7c59d11e319f2a2b32631",
    "schema_version": "1.0.0",
    "event_type": "agent_order",
    "source": "synthetic_agent",
    "symbol": "BTCUSDT",
    "exchange": "binance_usdm",
    "timestamp": "2024-05-01T00:00:00.100000Z",
    "sequence": 5,
    "scenario_id": "scenario-071-volatility_feedback",
    "agent_id": "agent-volatility_feedback",
    "order_id": "scenario-071-volatility_feedback-agent-volatility_feedback-5",
    "action": "new",
    "side": "sell",
    "price": 64999.4219,
    "quantity": 0.03,
    "remaining_quantity": 0.03
  },
  {
    "event_id": "f2d204484dcb7d1095b0cbe026c06a2ff451f41f6e054d7daff89471a80c912c",
    "schema_version": "1.0.0",
    "event_type": "agent_order",
    "source": "synthetic_agent",
    "symbol": "BTCUSDT",
    "exchange": "binance_usdm",
    "timestamp": "2024-05-01T00:00:00.120000Z",
    "sequence": 6,
    "scenario_id": "scenario-071-volatility_feedback",
    "agent_id": "agent-volatility_feedback",
    "order_id": "scenario-071-volatility_feedback-agent-volatility_feedback-6",
    "action": "new",
    "side": "buy",
    "price": 65143.87952,
    "quantity": 0.04,
    "remaining_quantity": 0.04
  },
  {
    "event_id": "24c0b29a338e28de6d1cb0bcd92842662f1f18369df4866336517b6ba62db250",
    "schema_version": "1.0.0",
    "event_type": "agent_order",
    "source": "synthetic_agent",
    "symbol": "BTCUSDT",
    "exchange": "binance_usdm",
    "timestamp": "2024-05-01T00:00:00.140000Z",
    "sequence": 7,
    "scenario_id": "scenario-071-volatility_feedback",
    "agent_id": "agent-volatility_feedback",
    "order_id": "scenario-071-volatility_feedback-agent-volatility_feedback-7",
    "action": "new",
    "side": "sell",
    "price": 64996.81906,
    "quantity": 0.05,
    "remaining_quantity": 0.05
  },
  {
    "event_id": "3cb3e3f897b9fab4e5c7898dedc8d193f9b4e25b60ef9dbf32df4d88bcb0637f",
    "schema_version": "1.0.0",
    "event_type": "agent_order",
    "source": "synthetic_agent",
    "symbol": "BTCUSDT",
    "exchange": "binance_usdm",
    "timestamp": "2024-05-01T00:00:00.160000Z",
    "sequence": 8,
    "scenario_id": "scenario-071-volatility_feedback",
    "agent_id": "agent-volatility_feedback",
    "order_id": "scenario-071-volatility_feedback-agent-volatility_feedback-8",
    "action": "new",
    "side": "buy",
    "price": 65146.48236,
    "quantity": 0.02,
    "remaining_quantity": 0.02
  },
  {
    "event_id": "be8a92dbdffaaf7f0e9774482e86c29828f02fdfdbbe53ebb9e99a9da1deb95f",
    "schema_version": "1.0.0",
    "event_type": "agent_order",
    "source": "synthetic_agent",
    "symbol": "BTCUSDT",
    "exchange": "binance_usdm",
    "timestamp": "2024-05-01T00:00:00.180000Z",
    "sequence": 9,
    "scenario_id": "scenario-071-volatility_feedback",
    "agent_id": "agent-volatility_feedback",
    "order_id": "scenario-071-volatility_feedback-agent-volatility_feedback-9",
    "action": "new",
    "side": "sell",
    "price": 64994.21622,
    "quantity": 0.03,
    "remaining_quantity": 0.03
  },
  {
    "event_id": "3c33431de40bb29b68b0730b61b7f6f5691b9e194016506d9f44ff9fc7340a25",
    "schema_version": "1.0.0",
    "event_type": "agent_order",
    "source": "synthetic_agent",
    "symbol": "BTCUSDT",
    "exchange": "binance_usdm",
    "timestamp": "2024-05-01T00:00:00.200000Z",
    "sequence": 10,
    "scenario_id": "scenario-071-volatility_feedback",
    "agent_id": "agent-volatility_feedback",
    "order_id": "scenario-071-volatility_feedback-agent-volatility_feedback-10",
    "action": "new",
    "side": "buy",
    "price": 65149.08520000001,
    "quantity": 0.04,
    "remaining_quantity": 0.04
  },
  {
    "event_id": "86677bc191fd4c444b392a4abf20e6b7689ce16968753a681cd47a3998ce3f84",
    "schema_version": "1.0.0",
    "event_type": "agent_order",
    "source": "synthetic_agent",
    "symbol": "BTCUSDT",
    "exchange": "binance_usdm",
    "timestamp": "2024-05-01T00:00:00.220000Z",
    "sequence": 11,
    "scenario_id": "scenario-071-volatility_feedback",
    "agent_id": "agent-volatility_feedback",
    "order_id": "scenario-071-volatility_feedback-agent-volatility_feedback-11",
    "action": "new",
    "side": "sell",
    "price": 64991.61338,
    "quantity": 0.05,
    "remaining_quantity": 0.05
  },
  {
    "event_id": "dd453ec5a08059c75048751bc57c3ea7a992e97ac87fc44ccaacb7dff7e95baa",
    "schema_version": "1.0.0",
    "event_type": "agent_order",
    "source": "synthetic_agent",
    "symbol": "BTCUSDT",
    "exchange": "binance_usdm",
    "timestamp": "2024-05-01T00:00:00.240000Z",
    "sequence": 12,
    "scenario_id": "scenario-071-volatility_feedback",
    "agent_id": "agent-volatility_feedback",
    "order_id": "scenario-071-volatility_feedback-agent-volatility_feedback-12",
    "action": "new",
    "side": "buy",
    "price": 65151.68803999999,
    "quantity": 0.02,
    "remaining_quantity": 0.02
  },
  {
    "event_id": "a12a3044b1c61997815fa7bac25011d4eee6a952f9464376398cbeaaa476a11f",
    "schema_version": "1.0.0",
    "event_type": "agent_order",
    "source": "synthetic_agent",
    "symbol": "BTCUSDT",
    "exchange": "binance_usdm",
    "timestamp": "2024-05-01T00:00:00.260000Z",
    "sequence": 13,
    "scenario_id": "scenario-071-volatility_feedback",
    "agent_id": "agent-volatility_feedback",
    "order_id": "scenario-071-volatility_feedback-agent-volatility_feedback-13",
    "action": "new",
    "side": "sell",
    "price": 64989.010539999996,
    "quantity": 0.03,
    "remaining_quantity": 0.03
  },
  {
    "event_id": "77d7d35716f2b39789017f1a69b3ea9fad46d7ae86d079259cb950de9ed8d904",
    "schema_version": "1.0.0",
    "event_type": "agent_order",
    "source": "synthetic_agent",
    "symbol": "BTCUSDT",
    "exchange": "binance_usdm",
    "timestamp": "2024-05-01T00:00:00.280000Z",
    "sequence": 14,
    "scenario_id": "scenario-071-volatility_feedback",
    "agent_id": "agent-volatility_feedback",
    "order_id": "scenario-071-volatility_feedback-agent-volatility_feedback-14",
    "action": "new",
    "side": "buy",
    "price": 65154.29087999999,
    "quantity": 0.04,
    "remaining_quantity": 0.04
  },
  {
    "event_id": "be532f615812c39bcd487d3016794104cc841be8d9dc08c588e30cfbedc340c9",
    "schema_version": "1.0.0",
    "event_type": "agent_order",
    "source": "synthetic_agent",
    "symbol": "BTCUSDT",
    "exchange": "binance_usdm",
    "timestamp": "2024-05-01T00:00:00.300000Z",
    "sequence": 15,
    "scenario_id": "scenario-071-volatility_feedback",
    "agent_id": "agent-volatility_feedback",
    "order_id": "scenario-071-volatility_feedback-agent-volatility_feedback-15",
    "action": "new",
    "side": "sell",
    "price": 64986.4077,
    "quantity": 0.05,
    "remaining_quantity": 0.05
  },
  {
    "event_id": "1d220aaace6871e7cb2d294f6b00be79d0963bfd58910d9f699ecc2fdb180d8c",
    "schema_version": "1.0.0",
    "event_type": "agent_order",
    "source": "synthetic_agent",
    "symbol": "BTCUSDT",
    "exchange": "binance_usdm",
    "timestamp": "2024-05-01T00:00:00.320000Z",
    "sequence": 16,
    "scenario_id": "scenario-071-volatility_feedback",
    "agent_id": "agent-volatility_feedback",
    "order_id": "scenario-071-volatility_feedback-agent-volatility_feedback-16",
    "action": "new",
    "side": "buy",
    "price": 65156.89372,
    "quantity": 0.02,
    "remaining_quantity": 0.02
  },
  {
    "event_id": "f56ceb3de6f305bb8d108dc8a2c64541630c1402b6ed3d8faf8e5dd2b5575dfc",
    "schema_version": "1.0.0",
    "event_type": "agent_order",
    "source": "synthetic_agent",
    "symbol": "BTCUSDT",
    "exchange": "binance_usdm",
    "timestamp": "2024-05-01T00:00:00.340000Z",
    "sequence": 17,
    "scenario_id": "scenario-071-volatility_feedback",
    "agent_id": "agent-volatility_feedback",
    "order_id": "scenario-071-volatility_feedback-agent-volatility_feedback-17",
    "action": "new",
    "side": "sell",
    "price": 64983.80486,
    "quantity": 0.03,
    "remaining_quantity": 0.03
  },
  {
    "event_id": "c144475a0f8c12970f3ff38353b88c5c3be773c078d7d75ca9c5fd8391f7792e",
    "schema_version": "1.0.0",
    "event_type": "agent_order",
    "source": "synthetic_agent",
    "symbol": "BTCUSDT",
    "exchange": "binance_usdm",
    "timestamp": "2024-05-01T00:00:00.360000Z",
    "sequence": 18,
    "scenario_id": "scenario-071-volatility_feedback",
    "agent_id": "agent-volatility_feedback",
    "order_id": "scenario-071-volatility_feedback-agent-volatility_feedback-18",
    "action": "new",
    "side": "buy",
    "price": 65159.49656,
    "quantity": 0.04,
    "remaining_quantity": 0.04
  },
  {
    "event_id": "3f766cef5a2a5c8a413233659137fc5fbb2192d1b180fcbc8e76093dc0ac54d3",
    "schema_version": "1.0.0",
    "event_type": "agent_order",
    "source": "synthetic_agent",
    "symbol": "BTCUSDT",
    "exchange": "binance_usdm",
    "timestamp": "2024-05-01T00:00:00.380000Z",
    "sequence": 19,
    "scenario_id": "scenario-071-volatility_feedback",
    "agent_id": "agent-volatility_feedback",
    "order_id": "scenario-071-volatility_feedback-agent-volatility_feedback-19",
    "action": "new",
    "side": "sell",
    "price": 64981.20202,
    "quantity": 0.05,
    "remaining_quantity": 0.05
  },
  {
    "event_id": "61c6d05c3a29a00a443f801bfb52d38fca26b2e740051657cdd775212998ec9a",
    "schema_version": "1.0.0",
    "event_type": "agent_order",
    "source": "synthetic_agent",
    "symbol": "BTCUSDT",
    "exchange": "binance_usdm",
    "timestamp": "2024-05-01T00:00:00.400000Z",
    "sequence": 20,
    "scenario_id": "scenario-071-volatility_feedback",
    "agent_id": "agent-volatility_feedback",
    "order_id": "scenario-071-volatility_feedback-agent-volatility_feedback-20",
    "action": "new",
    "side": "buy",
    "price": 65162.09940000001,
    "quantity": 0.02,
    "remaining_quantity": 0.02
  },
  {
    "event_id": "934e4644d060a8b0b76bba68e20b93b951d3ae403783c483741594563b3f0ac7",
    "schema_version": "1.0.0",
    "event_type": "agent_order",
    "source": "synthetic_agent",
    "symbol": "BTCUSDT",
    "exchange": "binance_usdm",
    "timestamp": "2024-05-01T00:00:00.420000Z",
    "sequence": 21,
    "scenario_id": "scenario-071-volatility_feedback",
    "agent_id": "agent-volatility_feedback",
    "order_id": "scenario-071-volatility_feedback-agent-volatility_feedback-21",
    "action": "new",
    "side": "sell",
    "price": 64978.599180000005,
    "quantity": 0.03,
    "remaining_quantity": 0.03
  },
  {
    "event_id": "fe8dc5b2ee7264f1025f1b9f0bb115e2e13f01dd85fb0ddd6317c9a861c98354",
    "schema_version": "1.0.0",
    "event_type": "agent_order",
    "source": "synthetic_agent",
    "symbol": "BTCUSDT",
    "exchange": "binance_usdm",
    "timestamp": "2024-05-01T00:00:00.440000Z",
    "sequence": 22,
    "scenario_id": "scenario-071-volatility_feedback",
    "agent_id": "agent-volatility_feedback",
    "order_id": "scenario-071-volatility_feedback-agent-volatility_feedback-22",
    "action": "new",
    "side": "buy",
    "price": 65164.702240000006,
    "quantity": 0.04,
    "remaining_quantity": 0.04
  },
  {
    "event_id": "434d9ff9d79aa74a79f9059772652ace0e60cb34e50ba6c313b8a8e5df26f330",
    "schema_version": "1.0.0",
    "event_type": "agent_order",
    "source": "synthetic_agent",
    "symbol": "BTCUSDT",
    "exchange": "binance_usdm",
    "timestamp": "2024-05-01T00:00:00.460000Z",
    "sequence": 23,
    "scenario_id": "scenario-071-volatility_feedback",
    "agent_id": "agent-volatility_feedback",
    "order_id": "scenario-071-volatility_feedback-agent-volatility_feedback-23",
    "action": "new",
    "side": "sell",
    "price": 64975.99634,
    "quantity": 0.05,
    "remaining_quantity": 0.05
  },
  {
    "event_id": "9e5fa42ec0a923ebee86aa135f53cf5d061a94b60bca26bd5b8be888c8df234d",
    "schema_version": "1.0.0",
    "event_type": "agent_order",
    "source": "synthetic_agent",
    "symbol": "BTCUSDT",
    "exchange": "binance_usdm",
    "timestamp": "2024-05-01T00:00:00.480000Z",
    "sequence": 24,
    "scenario_id": "scenario-071-volatility_feedback",
    "agent_id": "agent-volatility_feedback",
    "order_id": "scenario-071-volatility_feedback-agent-volatility_feedback-24",
    "action": "new",
    "side": "buy",
    "price": 65167.30508,
    "quantity": 0.02,
    "remaining_quantity": 0.02
  },
  {
    "event_id": "7d9d838713bb22c36955ccd6a60ce10b933884311e7ab6d51edd5e906293d969",
    "schema_version": "1.0.0",
    "event_type": "agent_order",
    "source": "synthetic_agent",
    "symbol": "BTCUSDT",
    "exchange": "binance_usdm",
    "timestamp": "2024-05-01T00:00:00.500000Z",
    "sequence": 25,
    "scenario_id": "scenario-071-volatility_feedback",
    "agent_id": "agent-volatility_feedback",
    "order_id": "scenario-071-volatility_feedback-agent-volatility_feedback-25",
    "action": "new",
    "side": "sell",
    "price": 64973.393500000006,
    "quantity": 0.03,
    "remaining_quantity": 0.03
  },
  {
    "event_id": "bdfc8f4cde124dcd0a139ef68b15e2f74c9b787d63c283867eac59d54f395a96",
    "schema_version": "1.0.0",
    "event_type": "agent_order",
    "source": "synthetic_agent",
    "symbol": "BTCUSDT",
    "exchange": "binance_usdm",
    "timestamp": "2024-05-01T00:00:00.520000Z",
    "sequence": 26,
    "scenario_id": "scenario-071-volatility_feedback",
    "agent_id": "agent-volatility_feedback",
    "order_id": "scenario-071-volatility_feedback-agent-volatility_feedback-26",
    "action": "new",
    "side": "buy",
    "price": 65169.90792,
    "quantity": 0.04,
    "remaining_quantity": 0.04
  },
  {
    "event_id": "e4cce69a8d046c670ea1da76160f0ae91ea9b7ea74220af60f1a39c30e603124",
    "schema_version": "1.0.0",
    "event_type": "agent_order",
    "source": "synthetic_agent",
    "symbol": "BTCUSDT",
    "exchange": "binance_usdm",
    "timestamp": "2024-05-01T00:00:00.540000Z",
    "sequence": 27,
    "scenario_id": "scenario-071-volatility_feedback",
    "agent_id": "agent-volatility_feedback",
    "order_id": "scenario-071-volatility_feedback-agent-volatility_feedback-27",
    "action": "new",
    "side": "sell",
    "price": 64970.79066,
    "quantity": 0.05,
    "remaining_quantity": 0.05
  },
  {
    "event_id": "861e47042309527f578fc249f19323f03d434d570eb78039257f02cfe9a39ade",
    "schema_version": "1.0.0",
    "event_type": "agent_order",
    "source": "synthetic_agent",
    "symbol": "BTCUSDT",
    "exchange": "binance_usdm",
    "timestamp": "2024-05-01T00:00:00.560000Z",
    "sequence": 28,
    "scenario_id": "scenario-071-volatility_feedback",
    "agent_id": "agent-volatility_feedback",
    "order_id": "scenario-071-volatility_feedback-agent-volatility_feedback-28",
    "action": "new",
    "side": "buy",
    "price": 65172.51076,
    "quantity": 0.02,
    "remaining_quantity": 0.02
  },
  {
    "event_id": "a8feda738e0cc466af2092ed0097583d0a77a390d328bd9c84411bfb76e3fc8c",
    "schema_version": "1.0.0",
    "event_type": "agent_order",
    "source": "synthetic_agent",
    "symbol": "BTCUSDT",
    "exchange": "binance_usdm",
    "timestamp": "2024-05-01T00:00:00.580000Z",
    "sequence": 29,
    "scenario_id": "scenario-071-volatility_feedback",
    "agent_id": "agent-volatility_feedback",
    "order_id": "scenario-071-volatility_feedback-agent-volatility_feedback-29",
    "action": "new",
    "side": "sell",
    "price": 64968.18782,
    "quantity": 0.03,
    "remaining_quantity": 0.03
  }
]