[
  {
    "event_id": "b0d559970d33e2af88a97eed858952ae42c00d445b511b33d744058ca567866a",
    "schema_version": "1.0.0",
    "event_type": "agent_order",
    "source": "synthetic_agent",
    "symbol": "BTCUSDT",
    "exchange": "binance_usdm",
    "timestamp": "2024-05-01T00:00:00Z",
    "sequence": 0,
    "scenario_id": "scenario-229-twap_execution",
    "agent_id": "agent-twap_execution",
    "order_id": "scenario-229-twap_execution-agent-twap_execution-0",
    "action": "new",
    "side": "buy",
    "price": 65196.385500000004,
    "quantity": 0.005,
    "remaining_quantity": 0.005
  },
  {
    "event_id": "7ef07d4e1e5a4ae70c2abe0d0dcba3ed7028b13114195ca59a72780b04887bfe",
    "schema_version": "1.0.0",
    "event_type": "agent_order",
    "source": "synthetic_agent",
    "symbol": "BTCUSDT",
    "exchange": "binance_usdm",
    "timestamp": "2024-05-01T00:00:01Z",
    "sequence": 1,
    "scenario_id": "scenario-229-twap_execution",
    "agent_id": "agent-twap_execution",
    "order_id": "scenario-229-twap_execution-agent-twap_execution-1",
    "action": "new",
    "side": "buy",
    "price": 65196.385500000004,
    "quantity": 0.005,
    "remaining_quantity": 0.005
  },
  {
    "event_id": "2087c1c9c1b4cfddb0dda39401cb3a5f9a4a7a44218ee2bf3ca76ba985e6f235",
    "schema_version": "1.0.0",
    "event_type": "agent_order",
    "source": "synthetic_agent",
    "symbol": "BTCUSDT",
    "exchange": "binance_usdm",
    "timestamp": "2024-05-01T00:00:02Z",
    "sequence": 2,
    "scenario_id": "scenario-229-twap_execution",
    "agent_id": "agent-twap_execution",
    "order_id": "scenario-229-twap_execution-agent-twap_execution-2",
    "action": "new",
    "side": "buy",
    "price": 65196.385500000004,
    "quantity": 0.005,
    "remaining_quantity": 0.005
  },
  {
    "event_id": "d6d4e905919c5e164c48b0f89c8617d2dca5f4c812c55a9d4288368a369cd9c7",
    "schema_version": "1.0.0",
    "event_type": "agent_order",
    "source": "synthetic_agent",
    "symbol": "BTCUSDT",
    "exchange": "binance_usdm",
    "timestamp": "2024-05-01T00:00:03Z",
    "sequence": 3,
    "scenario_id": "scenario-229-twap_execution",
    "agent_id": "agent-twap_execution",
    "order_id": "scenario-229-twap_execution-agent-twap_execution-3",
    "action": "new",
    "side": "buy",
    "price": 65196.385500000004,
    "quantity": 0.005,
    "remaining_quantity": 0.005
  },
  {
    "event_id": "7cf0f1a4b19d8d048375421c0b4e7c18feeb8248c282d68889ddfd53f1e09e7c",
    "schema_version": "1.0.0",
    "event_type": "agent_order",
    "source": "synthetic_agent",
    "symbol": "BTCUSDT",
    "exchange": "binance_usdm",
    "timestamp": "2024-05-01T00:00:04Z",
    "sequence": 4,
    "scenario_id": "scenario-229-twap_execution",
    "agent_id": "agent-twap_execution",
    "order_id": "scenario-229-twap_execution-agent-twap_execution-4",
    "action": "new",
    "side": "buy",
    "price": 65196.385500000004,
    "quantity": 0.005,
    "remaining_quantity": 0.005
  },
  {
    "event_id": "f227115035891278e9336ab6ecce69832a47c5cfb731bccdaf44fa9a7679044e",
    "schema_version": "1.0.0",
    "event_type": "agent_order",
    "source": "synthetic_agent",
    "symbol": "BTCUSDT",
    "exchange": "binance_usdm",
    "timestamp": "2024-05-01T00:00:05Z",
    "sequence": 5,
    "scenario_id": "scenario-229-twap_execution",
    "agent_id": "agent-twap_execution",
    "order_id": "scenario-229-twap_execution-agent-twap_execution-5",
    "action": "new",
    "side": "buy",
    "price": 65196.385500000004,
    "quantity": 0.005,
    "remaining_quantity": 0.005
  },
  {
    "event_id": "3a1a60bb99de3ddd276f7e7df0ef73495932e5b8af433c636373d491379d0ebc",
    "schema_version": "1.0.0",
    "event_type": "agent_order",
    "source": "synthetic_agent",
    "symbol": "BTCUSDT",
    "exchange": "binance_usdm",
    "timestamp": "2024-05-01T00:00:06Z",
    "sequence": 6,
    "scenario_id": "scenario-229-twap_execution",
    "agent_id": "agent-twap_execution",
    "order_id": "scenario-229-twap_execution-agent-twap_execution-6",
    "action": "new",
    "side": "buy",
    "price": 65196.385500000004,
    "quantity": 0.005,
    "remaining_quantity": 0.005
  },
  {
    "event_id": "858b4ed6468277551a0896eba3de12b549b0e09b6fcca4fe6d3f450e8830eed4",
    "schema_version": "1.0.0",
    "event_type": "agent_order",
    "source": "synthetic_agent",
    "symbol": "BTCUSDT",
    "exchange": "binance_usdm",
    "timestamp": "2024-05-01T00:00:07Z",
    "sequence": 7,
    "scenario_id": "scenario-229-twap_execution",
    "agent_id": "agent-twap_execution",
    "order_id": "scenario-229-twap_execution-agent-twap_execution-7",
    "action": "new",
    "side": "buy",
    "price": 65196.385500000004,
    "quantity": 0.005,
    "remaining_quantity": 0.005
  },
  {
    "event_id": "26f18f54266941afb850e316c4f28181cf03123d2b55ee1f6a1a946018f61541",
    "schema_version": "1.0.0",
    "event_type": "agent_order",
    "source": "synthetic_agent",
    "symbol": "BTCUSDT",
    "exchange": "binance_usdm",
    "timestamp": "2024-05-01T00:00:08Z",
    "sequence": 8,
    "scenario_id": "scenario-229-twap_execution",
    "agent_id": "agent-twap_execution",
    "order_id": "scenario-229-twap_execution-agent-twap_execution-8",
    "action": "new",
    "side": "buy",
    "price": 65196.385500000004,
    "quantity": 0.005,
    "remaining_quantity": 0.005
  },
  {
    "event_id": "4d216c514c6e486ca455db92861b6e7d50547260dd170157be5cd3bb40b0852b",
    "schema_version": "1.0.0",
    "event_type": "agent_order",
    "source": "synthetic_agent",
    "symbol": "BTCUSDT",
    "exchange": "binance_usdm",
    "timestamp": "2024-05-01T00:00:09Z",
    "sequence": 9,
    "scenario_id": "scenario-229-twap_execution",
    "agent_id": "agent-twap_execution",
    "order_id": "scenario-229-twap_execution-agent-twap_execution-9",
    "action": "new",
    "side": "buy",
    "price": 65196.385500000004,
    "quantity": 0.005,
    "remaining_quantity": 0.005
  },
  {
    "event_id": "5898483da104086806b0406acb8d555c41ad2b7a345925ec67ed1a856e9a65d6",
    "schema_version": "1.0.0",
    "event_type": "agent_order",
    "source": "synthetic_agent",
    "symbol": "BTCUSDT",
    "exchange": "binance_usdm",
    "timestamp": "2024-05-01T00:00:10Z",
    "sequence": 10,
    "scenario_id": "scenario-229-twap_execution",
    "agent_id": "agent-twap_execution",
    "order_id": "scenario-229-twap_execution-agent-twap_execution-10",
    "action": "new",
    "side": "buy",
    "price": 65196.385500000004,
    "quantity": 0.005,
    "remaining_quantity": 0.005
  },
  {
    "event_id": "67deb87a35a19e26f6f4fe9b6f46795bd3c72c2903f98d3dd7d77dc385d356f9",
    "schema_version": "1.0.0",
    "event_type": "agent_order",
    "source": "synthetic_agent",
    "symbol": "BTCUSDT",
    "exchange": "binance_usdm",
    "timestamp": "2024-05-01T00:00:11Z",
    "sequence": 11,
    "scenario_id": "scenario-229-twap_execution",
    "agent_id": "agent-twap_execution",
    "order_id": "scenario-229-twap_execution-agent-twap_execution-11",
    "action": "new",
    "side": "buy",
    "price": 65196.385500000004,
    "quantity": 0.005,
    "remaining_quantity": 0.005
  },
  {
    "event_id": "073e6cebf3374313f8c4007b6d1dbc530a63e7257e51e2c7694ebb2a48b27028",
    "schema_version": "1.0.0",
    "event_type": "agent_order",
    "source": "synthetic_agent",
    "symbol": "BTCUSDT",
    "exchange": "binance_usdm",
    "timestamp": "2024-05-01T00:00:12Z",
    "sequence": 12,
    "scenario_id": "scenario-229-twap_execution",
    "agent_id": "agent-twap_execution",
    "order_id": "scenario-229-twap_execution-agent-twap_execution-12",
    "action": "new",
    "side": "buy",
    "price": 65196.385500000004,
    "quantity": 0.005,
    "remaining_quantity": 0.005
  },
  {
    "event_id": "786a422236f90d729f42f38bbe167776a855742c6a945ae393343cac842296cf",
    "schema_version": "1.0.0",
    "event_type": "agent_order",
    "source": "synthetic_agent",
    "symbol": "BTCUSDT",
    "exchange": "binance_usdm",
    "timestamp": "2024-05-01T00:00:13Z",
    "sequence": 13,
    "scenario_id": "scenario-229-twap_execution",
    "agent_id": "agent-twap_execution",
    "order_id": "scenario-229-twap_execution-agent-twap_execution-13",
    "action": "new",
    "side": "buy",
    "price": 65196.385500000004,
    "quantity": 0.005,
    "remaining_quantity": 0.005
  },
  {
    "event_id": "96a6c099d3873fad4a5bb9c26920c13ff568d99616d792fd283a99267a326be8",
    "schema_version": "1.0.0",
    "event_type": "agent_order",
    "source": "synthetic_agent",
    "symbol": "BTCUSDT",
    "exchange": "binance_usdm",
    "timestamp": "2024-05-01T00:00:14Z",
    "sequence": 14,
    "scenario_id": "scenario-229-twap_execution",
    "agent_id": "agent-twap_execution",
    "order_id": "scenario-229-twap_execution-agent-twap_execution-14",
    "action": "new",
    "side": "buy",
    "price": 65196.385500000004,
    "quantity": 0.005,
    "remaining_quantity": 0.005
  },
  {
    "event_id": "34127584192ef0ae45ca5896672f275e6c98276267e7b2930b0dbefd730b4f4e",
    "schema_version": "1.0.0",
    "event_type": "agent_order",
    "source": "synthetic_agent",
    "symbol": "BTCUSDT",
    "exchange": "binance_usdm",
    "timestamp": "2024-05-01T00:00:15Z",
    "sequence": 15,
    "scenario_id": "scenario-229-twap_execution",
    "agent_id": "agent-twap_execution",
    "order_id": "scenario-229-twap_execution-agent-twap_execution-15",
    "action": "new",
    "side": "buy",
    "price": 65196.385500000004,
    "quantity": 0.005,
    "remaining_quantity": 0.005
  },
  {
    "event_id": "407a7f1d53b5a4389f1ac15d565cac778014f18bb4c55722b2c7ef68eb34e338",
    "schema_version": "1.0.0",
    "event_type": "agent_order",
    "source": "synthetic_agent",
    "symbol": "BTCUSDT",
    "exchange": "binance_usdm",
    "timestamp": "2024-05-01T00:00:16Z",
    "sequence": 16,
    "scenario_id": "scenario-229-twap_execution",
    "agent_id": "agent-twap_execution",
    "order_id": "scenario-229-twap_execution-agent-twap_execution-16",
    "action": "new",
    "side": "buy",
    "price": 65196.385500000004,
    "quantity": 0.005,
    "remaining_quantity": 0.005
  },
  {
    "event_id": "4e68a8d2f63aea63ae49962027b109a27e56d6d03f7730f67e68dc6009824e80",
    "schema_version": "1.0.0",
    "event_type": "agent_order",
    "source": "synthetic_agent",
    "symbol": "BTCUSDT",
    "exchange": "binance_usdm",
    "timestamp": "2024-05-01T00:00:17Z",
    "sequence": 17,
    "scenario_id": "scenario-229-twap_execution",
    "agent_id": "agent-twap_execution",
    "order_id": "scenario-229-twap_execution-agent-twap_execution-17",
    "action": "new",
    "side": "buy",
    "price": 65196.385500000004,
    "quantity": 0.005,
    "remaining_quantity": 0.005
  },
  {
    "event_id": "ee3155febdd8e896704971aee71349a26e0001331a8724c4f10b498f3100df4a",
    "schema_version": "1.0.0",
    "event_type": "agent_order",
    "source": "synthetic_agent",
    "symbol": "BTCUSDT",
    "exchange": "binance_usdm",
    "timestamp": "2024-05-01T00:00:18Z",
    "sequence": 18,
    "scenario_id": "scenario-229-twap_execution",
    "agent_id": "agent-twap_execution",
    "order_id": "scenario-229-twap_execution-agent-twap_execution-18",
    "action": "new",
    "side": "buy",
    "price": 65196.385500000004,
    "quantity": 0.005,
    "remaining_quantity": 0.005
  },
  {
    "event_id": "d75e3a5d28fa169e52fb2aa4c77323bb1b824d19da23574def0535ea420700f2",
    "schema_version": "1.0.0",
    "event_type": "agent_order",
    "source": "synthetic_agent",
    "symbol": "BTCUSDT",
    "exchange": "binance_usdm",
    "timestamp": "2024-05-01T00:00:19Z",
    "sequence": 19,
    "scenario_id": "scenario-229-twap_execution",
    "agent_id": "agent-twap_execution",
    "order_id": "scenario-229-twap_execution-agent-twap_execution-19",
    "action": "new",
    "side": "buy",
    "price": 65196.385500000004,
    "quantity": 0.005,
    "remaining_quantity": 0.005
  },
  {
    "event_id": "b70ae6179f6e27d67677771f0fa5f2acb823d2893b4e0bb805344c1150cc53cc",
    "schema_version": "1.0.0",
    "event_type": "agent_order",
    "source": "synthetic_agent",
    "symbol": "BTCUSDT",
    "exchange": "binance_usdm",
    "timestamp": "2024-05-01T00:00:20Z",
    "sequence": 20,
    "scenario_id": "scenario-229-twap_execution",
    "agent_id": "agent-twap_execution",
    "order_id": "scenario-229-twap_execution-agent-twap_execution-20",
    "action": "new",
    "side": "buy",
    "price": 65196.385500000004,
    "quantity": 0.005,
    "remaining_quantity": 0.005
  },
  {
    "event_id": "d240f59b667c62e395c3a07f663009651cd6d3f30d75d61457fe03ab263b397b",
    "schema_version": "1.0.0",
    "event_type": "agent_order",
    "source": "synthetic_agent",
    "symbol": "BTCUSDT",
    "exchange": "binance_usdm",
    "timestamp": "2024-05-01T00:00:21Z",
    "sequence": 21,
    "scenario_id": "scenario-229-twap_execution",
    "agent_id": "agent-twap_execution",
    "order_id": "scenario-229-twap_execution-agent-twap_execution-21",
    "action": "new",
    "side": "buy",
    "price": 65196.385500000004,
    "quantity": 0.005,
    "remaining_quantity": 0.005
  },
  {
    "event_id": "a81ed368c93076e70b3cee935259ee3e46cc4717763056e03f85db5c473f2f81",
    "schema_version": "1.0.0",
    "event_type": "agent_order",
    "source": "synthetic_agent",
    "symbol": "BTCUSDT",
    "exchange": "binance_usdm",
    "timestamp": "2024-05-01T00:00:22Z",
    "sequence": 22,
    "scenario_id": "scenario-229-twap_execution",
    "agent_id": "agent-twap_execution",
    "order_id": "scenario-229-twap_execution-agent-twap_execution-22",
    "action": "new",
    "side": "buy",
    "price": 65196.385500000004,
    "quantity": 0.005,
    "remaining_quantity": 0.005
  },
  {
    "event_id": "4b124e3842babab331ac7969d6e3845baf63f509036e0b4d2626fc51bc73d9b3",
    "schema_version": "1.0.0",
    "event_type": "agent_order",
    "source": "synthetic_agent",
    "symbol": "BTCUSDT",
    "exchange": "binance_usdm",
    "timestamp": "2024-05-01T00:00:23Z",
    "sequence": 23,
    "scenario_id": "scenario-229-twap_execution",
    "agent_id": "agent-twap_execution",
    "order_id": "scenario-229-twap_execution-agent-twap_execution-23",
    "action": "new",
    "side": "buy",
    "price": 65196.385500000004,
    "quantity": 0.005,
    "remaining_quantity": 0.005
  },
  {
    "event_id": "dbab37a1648d132166401c4346409ca7edc31e66d97520345e0af7383c038e66",
    "schema_version": "1.0.0",
    "event_type": "agent_order",
    "source": "synthetic_agent",
    "symbol": "BTCUSDT",
    "exchange": "binance_usdm",
    "timestamp": "2024-05-01T00:00:24Z",
    "sequence": 24,
    "scenario_id": "scenario-229-twap_execution",
    "agent_id": "agent-twap_execution",
    "order_id": "scenario-229-twap_execution-agent-twap_execution-24",
    "action": "new",
    "side": "buy",
    "price": 65196.385500000004,
    "quantity": 0.005,
    "remaining_quantity": 0.005
  },
  {
    "event_id": "7536a3fcf906d3697c6ac60ca18789e620100b839957cf60bd19386bcb0add9f",
    "schema_version": "1.0.0",
    "event_type": "agent_order",
    "source": "synthetic_agent",
    "symbol": "BTCUSDT",
    "exchange": "binance_usdm",
    "timestamp": "2024-05-01T00:00:25Z",
    "sequence": 25,
    "scenario_id": "scenario-229-twap_execution",
    "agent_id": "agent-twap_execution",
    "order_id": "scenario-229-twap_execution-agent-twap_execution-25",
    "action": "new",
    "side": "buy",
    "price": 65196.385500000004,
    "quantity": 0.005,
    "remaining_quantity": 0.005
  },
  {
    "event_id": "67598b6ba2b099ceb6fd155f780d0c7c1cddbb9672c76ffbbe1d31605dadbabb",
    "schema_version": "1.0.0",
    "event_type": "agent_order",
    "source": "synthetic_agent",
    "symbol": "BTCUSDT",
    "exchange": "binance_usdm",
    "timestamp": "2024-05-01T00:00:26Z",
    "sequence": 26,
    "scenario_id": "scenario-229-twap_execution",
    "agent_id": "agent-twap_execution",
    "order_id": "scenario-229-twap_execution-agent-twap_execution-26",
    "action": "new",
    "side": "buy",
    "price": 65196.385500000004,
    "quantity": 0.005,
    "remaining_quantity": 0.005
  },
  {
    "event_id": "a549a603bfb0f6b717d80e305d74f293fc33378cf78f13e17e3d802b6e66aea9",
    "schema_version": "1.0.0",
    "event_type": "agent_order",
    "source": "synthetic_agent",
    "symbol": "BTCUSDT",
    "exchange": "binance_usdm",
    "timestamp": "2024-05-01T00:00:27Z",
    "sequence": 27,
    "scenario_id": "scenario-229-twap_execution",
    "agent_id": "agent-twap_execution",
    "order_id": "scenario-229-twap_execution-agent-twap_execution-27",
    "action": "new",
    "side": "buy",
    "price": 65196.385500000004,
    "quantity": 0.005,
    "remaining_quantity": 0.005
  },
  {
    "event_id": "b4a86b862b972f1f31758bdbd7297a97fb4238343f46df40206a6ab7f49868f8",
    "schema_version": "1.0.0",
    "event_type": "agent_order",
    "source": "synthetic_agent",
    "symbol": "BTCUSDT",
    "exchange": "binance_usdm",
    "timestamp": "2024-05-01T00:00:28Z",
    "sequence": 28,
    "scenario_id": "scenario-229-twap_execution",
    "agent_id": "agent-twap_execution",
    "order_id": "scenario-229-twap_execution-agent-twap_execution-28",
    "action": "new",
    "side": "buy",
    "price": 65196.385500000004,
    "quantity": 0.005,
    "remaining_quantity": 0.005
  },
  {
    "event_id": "b40fa13aaeae22b4e9eba71f6102f889c2c2b9a774204e252f3be7e49f83d171",
    "schema_version": "1.0.0",
    "event_type": "agent_order",
    "source": "synthetic_agent",
    "symbol": "BTCUSDT",
    "exchange": "binance_usdm",
    "timestamp": "2024-05-01T00:00:29Z",
    "sequence": 29,
    "scenario_id": "scenario-229-twap_execution",
    "agent_id": "agent-twap_execution",
    "order_id": "scenario-229-twap_execution-agent-twap_execution-29",
    "action": "new",
    "side": "buy",
    "price": 65196.385500000004,
    "quantity": 0.005,
    "remaining_quantity": 0.005
  }
]