[
  {
    "event_id": "a20278abef235450f5f8ddba7f2af61412674815cdd979e5f4c5982d2b8220e6",
    "schema_version": "1.0.0",
    "event_type": "agent_order",
    "source": "synthetic_agent",
    "symbol": "BTCUSDT",
    "exchange": "binance_usdm",
    "timestamp": "2024-05-01T00:00:00Z",
    "sequence": 0,
    "scenario_id": "scenario-559-coordinated_burst",
    "agent_id": "agent-coordinated_burst-0",
    "order_id": "scenario-559-coordinated_burst-agent-coordinated_burst-0-0",
    "action": "new",
    "side": "buy",
    "price": 65572.1118,
    "quantity": 0.04,
    "remaining_quantity": 0.04
  },
  {
    "event_id": "6b45596f5aee9d1961104d7f1e0afc0d9748cec4d987976e960a5bee896dea67",
    "schema_version": "1.0.0",
    "event_type": "agent_order",
    "source": "synthetic_agent",
    "symbol": "BTCUSDT",
    "exchange": "binance_usdm",
    "timestamp": "2024-05-01T00:00:00.012000Z",
    "sequence": 1,
    "scenario_id": "scenario-559-coordinated_burst",
    "agent_id": "agent-coordinated_burst-1",
    "order_id": "scenario-559-coordinated_burst-agent-coordinated_burst-1-1",
    "action": "new",
    "side": "sell",
    "price": 65545.8882,
    "quantity": 0.04,
    "remaining_quantity": 0.04
  },
  {
    "event_id": "e42d5475c3bfcc98295e439f8c5fa7a313c883ea535926947f30d8a59af8eb3c",
    "schema_version": "1.0.0",
    "event_type": "agent_order",
    "source": "synthetic_agent",
    "symbol": "BTCUSDT",
    "exchange": "binance_usdm",
    "timestamp": "2024-05-01T00:00:00.024000Z",
    "sequence": 2,
    "scenario_id": "scenario-559-coordinated_burst",
    "agent_id": "agent-coordinated_burst-2",
    "order_id": "scenario-559-coordinated_burst-agent-coordinated_burst-2-2",
    "action": "new",
    "side": "sell",
    "price": 65545.8882,
    "quantity": 0.04,
    "remaining_quantity": 0.04
  },
  {
    "event_id": "4725781eb42744e0d8beebd9c7178dcc1ae8504103415b9f65d01043f62efce4",
    "schema_version": "1.0.0",
    "event_type": "agent_order",
    "source": "synthetic_agent",
    "symbol": "BTCUSDT",
    "exchange": "binance_usdm",
    "timestamp": "2024-05-01T00:00:00.036000Z",
    "sequence": 3,
    "scenario_id": "scenario-559-coordinated_burst",
    "agent_id": "agent-coordinated_burst-0",
    "order_id": "scenario-559-coordinated_burst-agent-coordinated_burst-0-3",
    "action": "new",
    "side": "buy",
    "price": 65572.1118,
    "quantity": 0.04,
    "remaining_quantity": 0.04
  },
  {
    "event_id": "ce4f8142243cae803e9b0f8462aca70f0c1f537fe856282750b52eb6ed70e217",
    "schema_version": "1.0.0",
    "event_type": "agent_order",
    "source": "synthetic_agent",
    "symbol": "BTCUSDT",
    "exchange": "binance_usdm",
    "timestamp": "2024-05-01T00:00:00.048000Z",
    "sequence": 4,
    "scenario_id": "scenario-559-coordinated_burst",
    "agent_id": "agent-coordinated_burst-1",
    "order_id": "scenario-559-coordinated_burst-agent-coordinated_burst-1-4",
    "action": "new",
    "side": "sell",
    "price": 65545.8882,
    "quantity": 0.04,
    "remaining_quantity": 0.04
  },
  {
    "event_id": "6b9bf0337a3601f9890fa7126b909d88f4751947227726ba440d8dfb5b5ba54c",
    "schema_version": "1.0.0",
    "event_type": "agent_order",
    "source": "synthetic_agent",
    "symbol": "BTCUSDT",
    "exchange": "binance_usdm",
    "timestamp": "2024-05-01T00:00:00.600000Z",
    "sequence": 5,
    "scenario_id": "scenario-559-coordinated_burst",
    "agent_id": "agent-coordinated_burst-2",
    "order_id": "scenario-559-coordinated_burst-agent-coordinated_burst-2-5",
    "action": "new",
    "side": "sell",
    "price": 65545.8882,
    "quantity": 0.04,
    "remaining_quantity": 0.04
  },
  {
    "event_id": "188c641b0824b16baa828bf4a7a315ae8b4561f0bf891d97cb611871f351fa2a",
    "schema_version": "1.0.0",
    "event_type": "agent_order",
    "source": "synthetic_agent",
    "symbol": "BTCUSDT",
    "exchange": "binance_usdm",
    "timestamp": "2024-05-01T00:00:00.072000Z",
    "sequence": 6,
    "scenario_id": "scenario-559-coordinated_burst",
    "agent_id": "agent-coordinated_burst-0",
    "order_id": "scenario-559-coordinated_burst-agent-coordinated_burst-0-6",
    "action": "new",
    "side": "buy",
    "price": 65572.1118,
    "quantity": 0.04,
    "remaining_quantity": 0.04
  },
  {
    "event_id": "02e581b765185e25ff91dec5857f763ba87b8df94bd2a9ac6fdadd47bf7ed897",
    "schema_version": "1.0.0",
    "event_type": "agent_order",
    "source": "synthetic_agent",
    "symbol": "BTCUSDT",
    "exchange": "binance_usdm",
    "timestamp": "2024-05-01T00:00:00.084000Z",
    "sequence": 7,
    "scenario_id": "scenario-559-coordinated_burst",
    "agent_id": "agent-coordinated_burst-1",
    "order_id": "scenario-559-coordinated_burst-agent-coordinated_burst-1-7",
    "action": "new",
    "side": "sell",
    "price": 65545.8882,
    "quantity": 0.04,
    "remaining_quantity": 0.04
  },
  {
    "event_id": "f354473dd2902c7ed012c5c9de09aa707dca055b010b2712a1de613ddb726be9",
    "schema_version": "1.0.0",
    "event_type": "agent_order",
    "source": "synthetic_agent",
    "symbol": "BTCUSDT",
    "exchange": "binance_usdm",
    "timestamp": "2024-05-01T00:00:00.096000Z",
    "sequence": 8,
    "scenario_id": "scenario-559-coordinated_burst",
    "agent_id": "agent-coordinated_burst-2",
    "order_id": "scenario-559-coordinated_burst-agent-coordinated_burst-2-8",
    "action": "new",
    "side": "sell",
    "price": 65545.8882,
    "quantity": 0.04,
    "remaining_quantity": 0.04
  },
  {
    "event_id": "324d0b75b965735089b418a9257b7bc0f053e61b3c730f9cd88f951eb7c66edb",
    "schema_version": "1.0.0",
    "event_type": "agent_order",
    "source": "synthetic_agent",
    "symbol": "BTCUSDT",
    "exchange": "binance_usdm",
    "timestamp": "2024-05-01T00:00:00.108000Z",
    "sequence": 9,
    "scenario_id": "scenario-559-coordinated_burst",
    "agent_id": "agent-coordinated_burst-0",
    "order_id": "scenario-559-coordinated_burst-agent-coordinated_burst-0-9",
    "action": "new",
    "side": "buy",
    "price": 65572.1118,
    "quantity": 0.04,
    "remaining_quantity": 0.04
  },
  {
    "event_id": "7932519381f5feed220a378619a45e75d22cd716afbaa4c5dbc1f5e9b5ad3d7e",
    "schema_version": "1.0.0",
    "event_type": "agent_order",
    "source": "synthetic_agent",
    "symbol": "BTCUSDT",
    "exchange": "binance_usdm",
    "timestamp": "2024-05-01T00:00:01.200000Z",
    "sequence": 10,
    "scenario_id": "scenario-559-coordinated_burst",
    "agent_id": "agent-coordinated_burst-1",
    "order_id": "scenario-559-coordinated_burst-agent-coordinated_burst-1-10",
    "action": "new",
    "side": "sell",
    "price": 65545.8882,
    "quantity": 0.04,
    "remaining_quantity": 0.04
  },
  {
    "event_id": "7cfcf94876b57646176f3cb1d7b6a53a90e7c037e24f2efea3659e83989dd730",
    "schema_version": "1.0.0",
    "event_type": "agent_order",
    "source": "synthetic_agent",
    "symbol": "BTCUSDT",
    "exchange": "binance_usdm",
    "timestamp": "2024-05-01T00:00:00.132000Z",
    "sequence": 11,
    "scenario_id": "scenario-559-coordinated_burst",
    "agent_id": "agent-coordinated_burst-2",
    "order_id": "scenario-559-coordinated_burst-agent-coordinated_burst-2-11",
    "action": "new",
    "side": "sell",
    "price": 65545.8882,
    "quantity": 0.04,
    "remaining_quantity": 0.04
  },
  {
    "event_id": "703997e2f7fc0de5a50cb9cadf224a20932b77b1980dff262280eba009b067f9",
    "schema_version": "1.0.0",
    "event_type": "agent_order",
    "source": "synthetic_agent",
    "symbol": "BTCUSDT",
    "exchange": "binance_usdm",
    "timestamp": "2024-05-01T00:00:00.144000Z",
    "sequence": 12,
    "scenario_id": "scenario-559-coordinated_burst",
    "agent_id": "agent-coordinated_burst-0",
    "order_id": "scenario-559-coordinated_burst-agent-coordinated_burst-0-12",
    "action": "new",
    "side": "buy",
    "price": 65572.1118,
    "quantity": 0.04,
    "remaining_quantity": 0.04
  },
  {
    "event_id": "061e02d3f520dceb83095003e252ca273c148ec8696d6cb16fa1f25283533c9b",
    "schema_version": "1.0.0",
    "event_type": "agent_order",
    "source": "synthetic_agent",
    "symbol": "BTCUSDT",
    "exchange": "binance_usdm",
    "timestamp": "2024-05-01T00:00:00.156000Z",
    "sequence": 13,
    "scenario_id": "scenario-559-coordinated_burst",
    "agent_id": "agent-coordinated_burst-1",
    "order_id": "scenario-559-coordinated_burst-agent-coordinated_burst-1-13",
    "action": "new",
    "side": "sell",
    "price": 65545.8882,
    "quantity": 0.04,
    "remaining_quantity": 0.04
  },
  {
    "event_id": "d19cb1af7d7aa73e3bf73c3ae68141314e7baea9c220974a726f50b0962174f0",
    "schema_version": "1.0.0",
    "event_type": "agent_order",
    "source": "synthetic_agent",
    "symbol": "BTCUSDT",
    "exchange": "binance_usdm",
    "timestamp": "2024-05-01T00:00:00.168000Z",
    "sequence": 14,
    "scenario_id": "scenario-559-coordinated_burst",
    "agent_id": "agent-coordinated_burst-2",
    "order_id": "scenario-559-coordinated_burst-agent-coordinated_burst-2-14",
    "action": "new",
    "side": "sell",
    "price": 65545.8882,
    "quantity": 0.04,
    "remaining_quantity": 0.04
  },
  {
    "event_id": "106616fd06ecb981b521fdd60a962d779b9d97ca2de0eabe35e63ea209e95537",
    "schema_version": "1.0.0",
    "event_type": "agent_order",
    "source": "synthetic_agent",
    "symbol": "BTCUSDT",
    "exchange": "binance_usdm",
    "timestamp": "2024-05-01T00:00:01.800000Z",
    "sequence": 15,
    "scenario_id": "scenario-559-coordinated_burst",
    "agent_id": "agent-coordinated_burst-0",
    "order_id": "scenario-559-coordinated_burst-agent-coordinated_burst-0-15",
    "action": "new",
    "side": "buy",
    "price": 65572.1118,
    "quantity": 0.04,
    "remaining_quantity": 0.04
  },
  {
    "event_id": "243fc3a959b0ec2c1e0840debc44b7c43dd7dd6486432385e5c4bdf8ce21ed7b",
    "schema_version": "1.0.0",
    "event_type": "agent_order",
    "source": "synthetic_agent",
    "symbol": "BTCUSDT",
    "exchange": "binance_usdm",
    "timestamp": "2024-05-01T00:00:00.192000Z",
    "sequence": 16,
    "scenario_id": "scenario-559-coordinated_burst",
    "agent_id": "agent-coordinated_burst-1",
    "order_id": "scenario-559-coordinated_burst-agent-coordinated_burst-1-16",
    "action": "new",
    "side": "sell",
    "price": 65545.8882,
    "quantity": 0.04,
    "remaining_quantity": 0.04
  },
  {
    "event_id": "068f9bc747edbf1aeaf13a7d2ed5b28fdfdbe1d1d4505dcfc60b5b7a561a08e5",
    "schema_version": "1.0.0",
    "event_type": "agent_order",
    "source": "synthetic_agent",
    "symbol": "BTCUSDT",
    "exchange": "binance_usdm",
    "timestamp": "2024-05-01T00:00:00.204000Z",
    "sequence": 17,
    "scenario_id": "scenario-559-coordinated_burst",
    "agent_id": "agent-coordinated_burst-2",
    "order_id": "scenario-559-coordinated_burst-agent-coordinated_burst-2-17",
    "action": "new",
    "side": "sell",
    "price": 65545.8882,
    "quantity": 0.04,
    "remaining_quantity": 0.04
  },
  {
    "event_id": "0d606dcf54996f3c6e850a53e4ec04d2a620f1a62a51d3c84f4b26a5a28eafdc",
    "schema_version": "1.0.0",
    "event_type": "agent_order",
    "source": "synthetic_agent",
    "symbol": "BTCUSDT",
    "exchange": "binance_usdm",
    "timestamp": "2024-05-01T00:00:00.216000Z",
    "sequence": 18,
    "scenario_id": "scenario-559-coordinated_burst",
    "agent_id": "agent-coordinated_burst-0",
    "order_id": "scenario-559-coordinated_burst-agent-coordinated_burst-0-18",
    "action": "new",
    "side": "buy",
    "price": 65572.1118,
    "quantity": 0.04,
    "remaining_quantity": 0.04
  },
  {
    "event_id": "1336d1c2ae80eea3a1b3d5399c40b23de4e78d2389396967efb3e53ca00f5616",
    "schema_version": "1.0.0",
    "event_type": "agent_order",
    "source": "synthetic_agent",
    "symbol": "BTCUSDT",
    "exchange": "binance_usdm",
    "timestamp": "2024-05-01T00:00:00.228000Z",
    "sequence": 19,
    "scenario_id": "scenario-559-coordinated_burst",
    "agent_id": "agent-coordinated_burst-1",
    "order_id": "scenario-559-coordinated_burst-agent-coordinated_burst-1-19",
    "action": "new",
    "side": "sell",
    "price": 65545.8882,
    "quantity": 0.04,
    "remaining_quantity": 0.04
  },
  {
    "event_id": "dd236ce6ea6fdc99cc805d8e301984a59b6ce8f05c955b171710055e3fb325e7",
    "schema_version": "1.0.0",
    "event_type": "agent_order",
    "source": "synthetic_agent",
    "symbol": "BTCUSDT",
    "exchange": "binance_usdm",
    "timestamp": "2024-05-01T00:00:02.400000Z",
    "sequence": 20,
    "scenario_id": "scenario-559-coordinated_burst",
    "agent_id": "agent-coordinated_burst-2",
    "order_id": "scenario-559-coordinated_burst-agent-coordinated_burst-2-20",
    "action": "new",
    "side": "sell",
    "price": 65545.8882,
    "quantity": 0.04,
    "remaining_quantity": 0.04
  },
  {
    "event_id": "c46e5952499ac2b3fce673ebcb8da4bd76256dbdd646922bbd3c5b99496f6a0f",
    "schema_version": "1.0.0",
    "event_type": "agent_order",
    "source": "synthetic_agent",
    "symbol": "BTCUSDT",
    "exchange": "binance_usdm",
    "timestamp": "2024-05-01T00:00:00.252000Z",
    "sequence": 21,
    "scenario_id": "scenario-559-coordinated_burst",
    "agent_id": "agent-coordinated_burst-0",
    "order_id": "scenario-559-coordinated_burst-agent-coordinated_burst-0-21",
    "action": "new",
    "side": "buy",
    "price": 65572.1118,
    "quantity": 0.04,
    "remaining_quantity": 0.04
  },
  {
    "event_id": "5194faa00508e500be6e243074f54b1c7a7e650396306b04455eb5506732ade0",
    "schema_version": "1.0.0",
    "event_type": "agent_order",
    "source": "synthetic_agent",
    "symbol": "BTCUSDT",
    "exchange": "binance_usdm",
    "timestamp": "2024-05-01T00:00:00.264000Z",
    "sequence": 22,
    "scenario_id": "scenario-559-coordinated_burst",
    "agent_id": "agent-coordinated_burst-1",
    "order_id": "scenario-559-coordinated_burst-agent-coordinated_burst-1-22",
    "action": "new",
    "side": "sell",
    "price": 65545.8882,
    "quantity": 0.04,
    "remaining_quantity": 0.04
  },
  {
    "event_id": "4ba60299669cd347537a5a20577e344c01388e8b1ff38f13418b2570e262468c",
    "schema_version": "1.0.0",
    "event_type": "agent_order",
    "source": "synthetic_agent",
    "symbol": "BTCUSDT",
    "exchange": "binance_usdm",
    "timestamp": "2024-05-01T00:00:00.276000Z",
    "sequence": 23,
    "scenario_id": "scenario-559-coordinated_burst",
    "agent_id": "agent-coordinated_burst-2",
    "order_id": "scenario-559-coordinated_burst-agent-coordinated_burst-2-23",
    "action": "new",
    "side": "sell",
    "price": 65545.8882,
    "quantity": 0.04,
    "remaining_quantity": 0.04
  },
  {
    "event_id": "8baa36d16456fbc028ce07b95b28956e13007f3fdf3b3eb343c88f37d28921cd",
    "schema_version": "1.0.0",
    "event_type": "agent_order",
    "source": "synthetic_agent",
    "symbol": "BTCUSDT",
    "exchange": "binance_usdm",
    "timestamp": "2024-05-01T00:00:00.288000Z",
    "sequence": 24,
    "scenario_id": "scenario-559-coordinated_burst",
    "agent_id": "agent-coordinated_burst-0",
    "order_id": "scenario-559-coordinated_burst-agent-coordinated_burst-0-24",
    "action": "new",
    "side": "buy",
    "price": 65572.1118,
    "quantity": 0.04,
    "remaining_quantity": 0.04
  },
  {
    "event_id": "abe9f9ab360e64ec7abc6dcbd09b992ce6ffe7020b5d52623ebc82d537670024",
    "schema_version": "1.0.0",
    "event_type": "agent_order",
    "source": "synthetic_agent",
    "symbol": "BTCUSDT",
    "exchange": "binance_usdm",
    "timestamp": "2024-05-01T00:00:03Z",
    "sequence": 25,
    "scenario_id": "scenario-559-coordinated_burst",
    "agent_id": "agent-coordinated_burst-1",
    "order_id": "scenario-559-coordinated_burst-agent-coordinated_burst-1-25",
    "action": "new",
    "side": "sell",
    "price": 65545.8882,
    "quantity": 0.04,
    "remaining_quantity": 0.04
  },
  {
    "event_id": "5d6ebb7b1b1eddd5656179e6c3c067de728bdecef9851b99e582d5e7dcfa4ca2",
    "schema_version": "1.0.0",
    "event_type": "agent_order",
    "source": "synthetic_agent",
    "symbol": "BTCUSDT",
    "exchange": "binance_usdm",
    "timestamp": "2024-05-01T00:00:00.312000Z",
    "sequence": 26,
    "scenario_id": "scenario-559-coordinated_burst",
    "agent_id": "agent-coordinated_burst-2",
    "order_id": "scenario-559-coordinated_burst-agent-coordinated_burst-2-26",
    "action": "new",
    "side": "sell",
    "price": 65545.8882,
    "quantity": 0.04,
    "remaining_quantity": 0.04
  },
  {
    "event_id": "90a5186c1ded60f05213762aedddde5a37134ed2c513493e89eb5d03b43e21f6",
    "schema_version": "1.0.0",
    "event_type": "agent_order",
    "source": "synthetic_agent",
    "symbol": "BTCUSDT",
    "exchange": "binance_usdm",
    "timestamp": "2024-05-01T00:00:00.324000Z",
    "sequence": 27,
    "scenario_id": "scenario-559-coordinated_burst",
    "agent_id": "agent-coordinated_burst-0",
    "order_id": "scenario-559-coordinated_burst-agent-coordinated_burst-0-27",
    "action": "new",
    "side": "buy",
    "price": 65572.1118,
    "quantity": 0.04,
    "remaining_quantity": 0.04
  },
  {
    "event_id": "5762e9143eb8af2a95710e1d62ed57cb27a7b7df26828b8de26ac2eaa171b850",
    "schema_version": "1.0.0",
    "event_type": "agent_order",
    "source": "synthetic_agent",
    "symbol": "BTCUSDT",
    "exchange": "binance_usdm",
    "timestamp": "2024-05-01T00:00:00.336000Z",
    "sequence": 28,
    "scenario_id": "scenario-559-coordinated_burst",
    "agent_id": "agent-coordinated_burst-1",
    "order_id": "scenario-559-coordinated_burst-agent-coordinated_burst-1-28",
    "action": "new",
    "side": "sell",
    "price": 65545.8882,
    "quantity": 0.04,
    "remaining_quantity": 0.04
  },
  {
    "event_id": "ca04547aaf0f4b7649ceebd4123cd7898921c7ef2031c34a4a3ac2bf9673026b",
    "schema_version": "1.0.0",
    "event_type": "agent_order",
    "source": "synthetic_agent",
    "symbol": "BTCUSDT",
    "exchange": "binance_usdm",
    "timestamp": "2024-05-01T00:00:00.348000Z",
    "sequence": 29,
    "scenario_id": "scenario-559-coordinated_burst",
    "agent_id": "agent-coordinated_burst-2",
    "order_id": "scenario-559-coordinated_burst-agent-coordinated_burst-2-29",
    "action": "new",
    "side": "sell",
    "price": 65545.8882,
    "quantity": 0.04,
    "remaining_quantity": 0.04
  }
]