[
  {
    "event_id": "b2662e68288fccf2944dc957945e39f252ea4bc21637d7dde0c4d79a59fa1ba8",
    "schema_version": "1.0.0",
    "event_type": "agent_order",
    "source": "synthetic_agent",
    "symbol": "BTCUSDT",
    "exchange": "binance_usdm",
    "timestamp": "2024-05-01T00:00:00Z",
    "sequence": 0,
    "scenario_id": "scenario-476-latency_edge",
    "agent_id": "agent-latency_edge",
    "order_id": "scenario-476-latency_edge-agent-latency_edge-0",
    "action": "new",
    "side": "buy",
    "price": 65515.285599999996,
    "quantity": 0.006,
    "remaining_quantity": 0.006
  },
  {
    "event_id": "e2a5f2f3eec42d3e64f8ee765d30a839200d6306fd9abf95f88b564b3c958d6a",
    "schema_version": "1.0.0",
    "event_type": "agent_order",
    "source": "synthetic_agent",
    "symbol": "BTCUSDT",
    "exchange": "binance_usdm",
    "timestamp": "2024-05-01T00:00:00.008000Z",
    "sequence": 1,
    "scenario_id": "scenario-476-latency_edge",
    "agent_id": "agent-latency_edge",
    "order_id": "scenario-476-latency_edge-agent-latency_edge-1",
    "action": "new",
    "side": "buy",
    "price": 65515.285599999996,
    "quantity": 0.006,
    "remaining_quantity": 0.006
  },
  {
    "event_id": "148022e084f6108b35017ae6c250bbfada235bf1d0676eb7f11f80ae8adbb703",
    "schema_version": "1.0.0",
    "event_type": "agent_order",
    "source": "synthetic_agent",
    "symbol": "BTCUSDT",
    "exchange": "binance_usdm",
    "timestamp": "2024-05-01T00:00:00.016000Z",
    "sequence": 2,
    "scenario_id": "scenario-476-latency_edge",
    "agent_id": "agent-latency_edge",
    "order_id": "scenario-476-latency_edge-agent-latency_edge-2",
    "action": "new",
    "side": "sell",
    "price": 65436.7144,
    "quantity": 0.006,
    "remaining_quantity": 0.006
  },
  {
    "event_id": "7950f7ecbb34b8a2252de9882959da083339940ac1156d68c91dea9379d7c2f9",
    "schema_version": "1.0.0",
    "event_type": "agent_order",
    "source": "synthetic_agent",
    "symbol": "BTCUSDT",
    "exchange": "binance_usdm",
    "timestamp": "2024-05-01T00:00:00.024000Z",
    "sequence": 3,
    "scenario_id": "scenario-476-latency_edge",
    "agent_id": "agent-latency_edge",
    "order_id": "scenario-476-latency_edge-agent-latency_edge-3",
    "action": "new",
    "side": "sell",
    "price": 65436.7144,
    "quantity": 0.006,
    "remaining_quantity": 0.006
  },
  {
    "event_id": "881ddf65b4f104262f545e4f8d27ac3bc69467d1ff64ac718ec75fffed4d491e",
    "schema_version": "1.0.0",
    "event_type": "agent_order",
    "source": "synthetic_agent",
    "symbol": "BTCUSDT",
    "exchange": "binance_usdm",
    "timestamp": "2024-05-01T00:00:00.032000Z",
    "sequence": 4,
    "scenario_id": "scenario-476-latency_edge",
    "agent_id": "agent-latency_edge",
    "order_id": "scenario-476-latency_edge-agent-latency_edge-4",
    "action": "new",
    "side": "buy",
    "price": 65515.285599999996,
    "quantity": 0.006,
    "remaining_quantity": 0.006
  },
  {
    "event_id": "872c25215b784c2bfc30812b2869ad650dfae45fc4e7c5c0a21d5670493fcdad",
    "schema_version": "1.0.0",
    "event_type": "agent_order",
    "source": "synthetic_agent",
    "symbol": "BTCUSDT",
    "exchange": "binance_usdm",
    "timestamp": "2024-05-01T00:00:00.040000Z",
    "sequence": 5,
    "scenario_id": "scenario-476-latency_edge",
    "agent_id": "agent-latency_edge",
    "order_id": "scenario-476-latency_edge-agent-latency_edge-5",
    "action": "new",
    "side": "buy",
    "price": 65515.285599999996,
    "quantity": 0.006,
    "remaining_quantity": 0.006
  },
  {
    "event_id": "c943c5b6f1ed668542842f005f750a4e959a452a6c726947b488f0a64e025e93",
    "schema_version": "1.0.0",
    "event_type": "agent_order",
    "source": "synthetic_agent",
    "symbol": "BTCUSDT",
    "exchange": "binance_usdm",
    "timestamp": "2024-05-01T00:00:00.048000Z",
    "sequence": 6,
    "scenario_id": "scenario-476-latency_edge",
    "agent_id": "agent-latency_edge",
    "order_id": "scenario-476-latency_edge-agent-latency_edge-6",
    "action": "new",
    "side": "sell",
    "price": 65436.7144,
    "quantity": 0.006,
    "remaining_quantity": 0.006
  },
  {
    "event_id": "baeb04d77edb5370653f6d05084146a97416544d551132784f395d52376e034c",
    "schema_version": "1.0.0",
    "event_type": "agent_order",
    "source": "synthetic_agent",
    "symbol": "BTCUSDT",
    "exchange": "binance_usdm",
    "timestamp": "2024-05-01T00:00:00.056000Z",
    "sequence": 7,
    "scenario_id": "scenario-476-latency_edge",
    "agent_id": "agent-latency_edge",
    "order_id": "scenario-476-latency_edge-agent-latency_edge-7",
    "action": "new",
    "side": "sell",
    "price": 65436.7144,
    "quantity": 0.006,
    "remaining_quantity": 0.006
  },
  {
    "event_id": "300fa7c7e174c5d035ba08b468610fc6eed55ae58c56b54371d64ecf7d98f1a4",
    "schema_version": "1.0.0",
    "event_type": "agent_order",
    "source": "synthetic_agent",
    "symbol": "BTCUSDT",
    "exchange": "binance_usdm",
    "timestamp": "2024-05-01T00:00:00.064000Z",
    "sequence": 8,
    "scenario_id": "scenario-476-latency_edge",
    "agent_id": "agent-latency_edge",
    "order_id": "scenario-476-latency_edge-agent-latency_edge-8",
    "action": "new",
    "side": "buy",
    "price": 65515.285599999996,
    "quantity": 0.006,
    "remaining_quantity": 0.006
  },
  {
    "event_id": "f05db490f9303e979e187850e8c53cbc1b7d5b4ba9cf3ba54b814135bbb5bd0a",
    "schema_version": "1.0.0",
    "event_type": "agent_order",
    "source": "synthetic_agent",
    "symbol": "BTCUSDT",
    "exchange": "binance_usdm",
    "timestamp": "2024-05-01T00:00:00.072000Z",
    "sequence": 9,
    "scenario_id": "scenario-476-latency_edge",
    "agent_id": "agent-latency_edge",
    "order_id": "scenario-476-latency_edge-agent-latency_edge-9",
    "action": "new",
    "side": "buy",
    "price": 65515.285599999996,
    "quantity": 0.006,
    "remaining_quantity": 0.006
  },
  {
    "event_id": "cea2116fc99d22ba7596b710dc38a82d205704dd36bd3d880c05763b37562b21",
    "schema_version": "1.0.0",
    "event_type": "agent_order",
    "source": "synthetic_agent",
    "symbol": "BTCUSDT",
    "exchange": "binance_usdm",
    "timestamp": "2024-05-01T00:00:00.080000Z",
    "sequence": 10,
    "scenario_id": "scenario-476-latency_edge",
    "agent_id": "agent-latency_edge",
    "order_id": "scenario-476-latency_edge-agent-latency_edge-10",
    "action": "new",
    "side": "sell",
    "price": 65436.7144,
    "quantity": 0.006,
    "remaining_quantity": 0.006
  },
  {
    "event_id": "4ea8046cbf38af6502361bc20a800236d491d22ebeeea09dc07a80034a1b651c",
    "schema_version": "1.0.0",
    "event_type": "agent_order",
    "source": "synthetic_agent",
    "symbol": "BTCUSDT",
    "exchange": "binance_usdm",
    "timestamp": "2024-05-01T00:00:00.088000Z",
    "sequence": 11,
    "scenario_id": "scenario-476-latency_edge",
    "agent_id": "agent-latency_edge",
    "order_id": "scenario-476-latency_edge-agent-latency_edge-11",
    "action": "new",
    "side": "sell",
    "price": 65436.7144,
    "quantity": 0.006,
    "remaining_quantity": 0.006
  },
  {
    "event_id": "3accc424047b6c307c8b8ea0a751474babbbe10e7005a407f3b4540044e54c8a",
    "schema_version": "1.0.0",
    "event_type": "agent_order",
    "source": "synthetic_agent",
    "symbol": "BTCUSDT",
    "exchange": "binance_usdm",
    "timestamp": "2024-05-01T00:00:00.096000Z",
    "sequence": 12,
    "scenario_id": "scenario-476-latency_edge",
    "agent_id": "agent-latency_edge",
    "order_id": "scenario-476-latency_edge-agent-latency_edge-12",
    "action": "new",
    "side": "buy",
    "price": 65515.285599999996,
    "quantity": 0.006,
    "remaining_quantity": 0.006
  },
  {
    "event_id": "d8ec84c541bfd27caefdc35ea63eff44a0bd30e8efedccaebd0500d42cf2f98c",
    "schema_version": "1.0.0",
    "event_type": "agent_order",
    "source": "synthetic_agent",
    "symbol": "BTCUSDT",
    "exchange": "binance_usdm",
    "timestamp": "2024-05-01T00:00:00.104000Z",
    "sequence": 13,
    "scenario_id": "scenario-476-latency_edge",
    "agent_id": "agent-latency_edge",
    "order_id": "scenario-476-latency_edge-agent-latency_edge-13",
    "action": "new",
    "side": "buy",
    "price": 65515.285599999996,
    "quantity": 0.006,
    "remaining_quantity": 0.006
  },
  {
    "event_id": "1583b18845d514805882d92752cdef57979f67f6c2ea04d3c6cedb73a8370304",
    "schema_version": "1.0.0",
    "event_type": "agent_order",
    "source": "synthetic_agent",
    "symbol": "BTCUSDT",
    "exchange": "binance_usdm",
    "timestamp": "2024-05-01T00:00:00.112000Z",
    "sequence": 14,
    "scenario_id": "scenario-476-latency_edge",
    "agent_id": "agent-latency_edge",
    "order_id": "scenario-476-latency_edge-agent-latency_edge-14",
    "action": "new",
    "side": "sell",
    "price": 65436.7144,
    "quantity": 0.006,
    "remaining_quantity": 0.006
  },
  {
    "event_id": "dde17b0b5bc0b588064f4bf6cd44f7c301df504e077a13a9b25c7f40a2ca825d",
    "schema_version": "1.0.0",
    "event_type": "agent_order",
    "source": "synthetic_agent",
    "symbol": "BTCUSDT",
    "exchange": "binance_usdm",
    "timestamp": "2024-05-01T00:00:00.120000Z",
    "sequence": 15,
    "scenario_id": "scenario-476-latency_edge",
    "agent_id": "agent-latency_edge",
    "order_id": "scenario-476-latency_edge-agent-latency_edge-15",
    "action": "new",
    "side": "sell",
    "price": 65436.7144,
    "quantity": 0.006,
    "remaining_quantity": 0.006
  },
  {
    "event_id": "ee2bebd1f50f8843ee64cb39b9af2a83e6a6ae27af3d34e0abc81ec07dd60fc6",
    "schema_version": "1.0.0",
    "event_type": "agent_order",
    "source": "synthetic_agent",
    "symbol": "BTCUSDT",
    "exchange": "binance_usdm",
    "timestamp": "2024-05-01T00:00:00.128000Z",
    "sequence": 16,
    "scenario_id": "scenario-476-latency_edge",
    "agent_id": "agent-latency_edge",
    "order_id": "scenario-476-latency_edge-agent-latency_edge-16",
    "action": "new",
    "side": "buy",
    "price": 65515.285599999996,
    "quantity": 0.006,
    "remaining_quantity": 0.006
  },
  {
    "event_id": "5918ae986d51f7247c23d025fe6f7596fa6ca589a80d91b53edf83d04aeb5a55",
    "schema_version": "1.0.0",
    "event_type": "agent_order",
    "source": "synthetic_agent",
    "symbol": "BTCUSDT",
    "exchange": "binance_usdm",
    "timestamp": "2024-05-01T00:00:00.136000Z",
    "sequence": 17,
    "scenario_id": "scenario-476-latency_edge",
    "agent_id": "agent-latency_edge",
    "order_id": "scenario-476-latency_edge-agent-latency_edge-17",
    "action": "new",
    "side": "buy",
    "price": 65515.285599999996,
    "quantity": 0.006,
    "remaining_quantity": 0.006
  },
  {
    "event_id": "f84ce9f94c672adb90fd4fe123020f5f1cc77e156e253fcb10f387e49852635d",
    "schema_version": "1.0.0",
    "event_type": "agent_order",
    "source": "synthetic_agent",
    "symbol": "BTCUSDT",
    "exchange": "binance_usdm",
    "timestamp": "2024-05-01T00:00:00.144000Z",
    "sequence": 18,
    "scenario_id": "scenario-476-latency_edge",
    "agent_id": "agent-latency_edge",
    "order_id": "scenario-476-latency_edge-agent-latency_edge-18",
    "action": "new",
    "side": "sell",
    "price": 65436.7144,
    "quantity": 0.006,
    "remaining_quantity": 0.006
  },
  {
    "event_id": "ac4211a2686e3de9bdb69c09cea5a449842250eaf97f4ecae3a1463d985d8bad",
    "schema_version": "1.0.0",
    "event_type": "agent_order",
    "source": "synthetic_agent",
    "symbol": "BTCUSDT",
    "exchange": "binance_usdm",
    "timestamp": "2024-05-01T00:00:00.152000Z",
    "sequence": 19,
    "scenario_id": "scenario-476-latency_edge",
    "agent_id": "agent-latency_edge",
    "order_id": "scenario-476-latency_edge-agent-latency_edge-19",
    "action": "new",
    "side": "sell",
    "price": 65436.7144,
    "quantity": 0.006,
    "remaining_quantity": 0.006
  },
  {
    "event_id": "6e12704cb4e75bda116457582ed17643ebf2188bea8b1e07bf841441a2f28ab7",
    "schema_version": "1.0.0",
    "event_type": "agent_order",
    "source": "synthetic_agent",
    "symbol": "BTCUSDT",
    "exchange": "binance_usdm",
    "timestamp": "2024-05-01T00:00:00.160000Z",
    "sequence": 20,
    "scenario_id": "scenario-476-latency_edge",
    "agent_id": "agent-latency_edge",
    "order_id": "scenario-476-latency_edge-agent-latency_edge-20",
    "action": "new",
    "side": "buy",
    "price": 65515.285599999996,
    "quantity": 0.006,
    "remaining_quantity": 0.006
  },
  {
    "event_id": "cdbe78d42195a5debc5279d383854b0a0ccc6eb39287a2ec8934abb70a3716b5",
    "schema_version": "1.0.0",
    "event_type": "agent_order",
    "source": "synthetic_agent",
    "symbol": "BTCUSDT",
    "exchange": "binance_usdm",
    "timestamp": "2024-05-01T00:00:00.168000Z",
    "sequence": 21,
    "scenario_id": "scenario-476-latency_edge",
    "agent_id": "agent-latency_edge",
    "order_id": "scenario-476-latency_edge-agent-latency_edge-21",
    "action": "new",
    "side": "buy",
    "price": 65515.285599999996,
    "quantity": 0.006,
    "remaining_quantity": 0.006
  },
  {
    "event_id": "273d2aa7429082031300e54d4f42bd67ea6af0a56984372636fd1a6bd5c9b28c",
    "schema_version": "1.0.0",
    "event_type": "agent_order",
    "source": "synthetic_agent",
    "symbol": "BTCUSDT",
    "exchange": "binance_usdm",
    "timestamp": "2024-05-01T00:00:00.176000Z",
    "sequence": 22,
    "scenario_id": "scenario-476-latency_edge",
    "agent_id": "agent-latency_edge",
    "order_id": "scenario-476-latency_edge-agent-latency_edge-22",
    "action": "new",
    "side": "sell",
    "price": 65436.7144,
    "quantity": 0.006,
    "remaining_quantity": 0.006
  },
  {
    "event_id": "03ed8a6007cddf2da14559355fe183b9ee7ce69f2b19f712195ce37bdc4b1985",
    "schema_version": "1.0.0",
    "event_type": "agent_order",
    "source": "synthetic_agent",
    "symbol": "BTCUSDT",
    "exchange": "binance_usdm",
    "timestamp": "2024-05-01T00:00:00.184000Z",
    "sequence": 23,
    "scenario_id": "scenario-476-latency_edge",
    "agent_id": "agent-latency_edge",
    "order_id": "scenario-476-latency_edge-agent-latency_edge-23",
    "action": "new",
    "side": "sell",
    "price": 65436.7144,
    "quantity": 0.006,
    "remaining_quantity": 0.006
  },
  {
    "event_id": "46b788ad805539498d2688854230c2a7addc5485dc3ca56542239225bacb6b95",
    "schema_version": "1.0.0",
    "event_type": "agent_order",
    "source": "synthetic_agent",
    "symbol": "BTCUSDT",
    "exchange": "binance_usdm",
    "timestamp": "2024-05-01T00:00:00.192000Z",
    "sequence": 24,
    "scenario_id": "scenario-476-latency_edge",
    "agent_id": "agent-latency_edge",
    "order_id": "scenario-476-latency_edge-agent-latency_edge-24",
    "action": "new",
    "side": "buy",
    "price": 65515.285599999996,
    "quantity": 0.006,
    "remaining_quantity": 0.006
  },
  {
    "event_id": "fbcc14b1dcecd29a4447c5e2491adc51f092c02c7363cdbbb36f945f47bff46e",
    "schema_version": "1.0.0",
    "event_type": "agent_order",
    "source": "synthetic_agent",
    "symbol": "BTCUSDT",
    "exchange": "binance_usdm",
    "timestamp": "2024-05-01T00:00:00.200000Z",
    "sequence": 25,
    "scenario_id": "scenario-476-latency_edge",
    "agent_id": "agent-latency_edge",
    "order_id": "scenario-476-latency_edge-agent-latency_edge-25",
    "action": "new",
    "side": "buy",
    "price": 65515.285599999996,
    "quantity": 0.006,
    "remaining_quantity": 0.006
  },
  {
    "event_id": "cec82d7ca75832a785bc261c37602543091e40c1b01ae48faa71943d73b49fab",
    "schema_version": "1.0.0",
    "event_type": "agent_order",
    "source": "synthetic_agent",
    "symbol": "BTCUSDT",
    "exchange": "binance_usdm",
    "timestamp": "2024-05-01T00:00:00.208000Z",
    "sequence": 26,
    "scenario_id": "scenario-476-latency_edge",
    "agent_id": "agent-latency_edge",
    "order_id": "scenario-476-latency_edge-agent-latency_edge-26",
    "action": "new",
    "side": "sell",
    "price": 65436.7144,
    "quantity": 0.006,
    "remaining_quantity": 0.006
  },
  {
    "event_id": "d8fe97cb44b1c09708d428715c97c8013a94bc37c4f7828efe0c333233440d6f",
    "schema_version": "1.0.0",
    "event_type": "agent_order",
    "source": "synthetic_agent",
    "symbol": "BTCUSDT",
    "exchange": "binance_usdm",
    "timestamp": "2024-05-01T00:00:00.216000Z",
    "sequence": 27,
    "scenario_id": "scenario-476-latency_edge",
    "agent_id": "agent-latency_edge",
    "order_id": "scenario-476-latency_edge-agent-latency_edge-27",
    "action": "new",
    "side": "sell",
    "price": 65436.7144,
    "quantity": 0.006,
    "remaining_quantity": 0.006
  },
  {
    "event_id": "c0e4eefe02d7f93d43dc69dbb3b74ce6ba5f0a292e100eab4c7b385912bd0294",
    "schema_version": "1.0.0",
    "event_type": "agent_order",
    "source": "synthetic_agent",
    "symbol": "BTCUSDT",
    "exchange": "binance_usdm",
    "timestamp": "2024-05-01T00:00:00.224000Z",
    "sequence": 28,
    "scenario_id": "scenario-476-latency_edge",
    "agent_id": "agent-latency_edge",
    "order_id": "scenario-476-latency_edge-agent-latency_edge-28",
    "action": "new",
    "side": "buy",
    "price": 65515.285599999996,
    "quantity": 0.006,
    "remaining_quantity": 0.006
  },
  {
    "event_id": "6486aaa5cb63b6ad7e01abda86be54379cd91f4b3a8c7a9fa6aefec63f0d4386",
    "schema_version": "1.0.0",
    "event_type": "agent_order",
    "source": "synthetic_agent",
    "symbol": "BTCUSDT",
    "exchange": "binance_usdm",
    "timestamp": "2024-05-01T00:00:00.232000Z",
    "sequence": 29,
    "scenario_id": "scenario-476-latency_edge",
    "agent_id": "agent-latency_edge",
    "order_id": "scenario-476-latency_edge-agent-latency_edge-29",
    "action": "new",
    "side": "buy",
    "price": 65515.285599999996,
    "quantity": 0.006,
    "remaining_quantity": 0.006
  }
]