[
  {
    "event_id": "ca410a5b4402aa623260a1c2b582ce2f4d7fe2fad48128a17e624b63efb4a22f",
    "schema_version": "1.0.0",
    "event_type": "agent_order",
    "source": "synthetic_agent",
    "symbol": "BTCUSDT",
    "exchange": "binance_usdm",
    "timestamp": "2024-05-01T00:00:00Z",
    "sequence": 0,
    "scenario_id": "scenario-289-twap_execution",
    "agent_id": "agent-twap_execution",
    "order_id": "scenario-289-twap_execution-agent-twap_execution-0",
    "action": "new",
    "side": "buy",
    "price": 65256.355500000005,
    "quantity": 0.005,
    "remaining_quantity": 0.005
  },
  {
    "event_id": "9cd55e44f248c8e6212069acff6be6b559c3548fd792fcf086b7ec5fa35bfdc4",
    "schema_version": "1.0.0",
    "event_type": "agent_order",
    "source": "synthetic_agent",
    "symbol": "BTCUSDT",
    "exchange": "binance_usdm",
    "timestamp": "2024-05-01T00:00:01Z",
    "sequence": 1,
    "scenario_id": "scenario-289-twap_execution",
    "agent_id": "agent-twap_execution",
    "order_id": "scenario-289-twap_execution-agent-twap_execution-1",
    "action": "new",
    "side": "buy",
    "price": 65256.355500000005,
    "quantity": 0.005,
    "remaining_quantity": 0.005
  },
  {
    "event_id": "cd3ea6411691a0e35c7bb6c4025037d7092bd33c39ee6a6ead30e0cd1a19241b",
    "schema_version": "1.0.0",
    "event_type": "agent_order",
    "source": "synthetic_agent",
    "symbol": "BTCUSDT",
    "exchange": "binance_usdm",
    "timestamp": "2024-05-01T00:00:02Z",
    "sequence": 2,
    "scenario_id": "scenario-289-twap_execution",
    "agent_id": "agent-twap_execution",
    "order_id": "scenario-289-twap_execution-agent-twap_execution-2",
    "action": "new",
    "side": "buy",
    "price": 65256.355500000005,
    "quantity": 0.005,
    "remaining_quantity": 0.005
  },
  {
    "event_id": "7cc472b0b2eee1b14fce1cb34c40619aa0b74fc7b6a18c034189d01f5e017d7e",
    "schema_version": "1.0.0",
    "event_type": "agent_order",
    "source": "synthetic_agent",
    "symbol": "BTCUSDT",
    "exchange": "binance_usdm",
    "timestamp": "2024-05-01T00:00:03Z",
    "sequence": 3,
    "scenario_id": "scenario-289-twap_execution",
    "agent_id": "agent-twap_execution",
    "order_id": "scenario-289-twap_execution-agent-twap_execution-3",
    "action": "new",
    "side": "buy",
    "price": 65256.355500000005,
    "quantity": 0.005,
    "remaining_quantity": 0.005
  },
  {
    "event_id": "bad4a6e553a77cf4e1022870b5447c9906c895890208558459179c28d5621891",
    "schema_version": "1.0.0",
    "event_type": "agent_order",
    "source": "synthetic_agent",
    "symbol": "BTCUSDT",
    "exchange": "binance_usdm",
    "timestamp": "2024-05-01T00:00:04Z",
    "sequence": 4,
    "scenario_id": "scenario-289-twap_execution",
    "agent_id": "agent-twap_execution",
    "order_id": "scenario-289-twap_execution-agent-twap_execution-4",
    "action": "new",
    "side": "buy",
    "price": 65256.355500000005,
    "quantity": 0.005,
    "remaining_quantity": 0.005
  },
  {
    "event_id": "7eb7e6a90cf95cd9ebeaa78adcf90c87411b41f558412ed18276d09d3c624e03",
    "schema_version": "1.0.0",
    "event_type": "agent_order",
    "source": "synthetic_agent",
    "symbol": "BTCUSDT",
    "exchange": "binance_usdm",
    "timestamp": "2024-05-01T00:00:05Z",
    "sequence": 5,
    "scenario_id": "scenario-289-twap_execution",
    "agent_id": "agent-twap_execution",
    "order_id": "scenario-289-twap_execution-agent-twap_execution-5",
    "action": "new",
    "side": "buy",
    "price": 65256.355500000005,
    "quantity": 0.005,
    "remaining_quantity": 0.005
  },
  {
    "event_id": "e941c41f368e23396f12437e8477eb504da9cb9fa5032ed302b9f64a2c8258b7",
    "schema_version": "1.0.0",
    "event_type": "agent_order",
    "source": "synthetic_agent",
    "symbol": "BTCUSDT",
    "exchange": "binance_usdm",
    "timestamp": "2024-05-01T00:00:06Z",
    "sequence": 6,
    "scenario_id": "scenario-289-twap_execution",
    "agent_id": "agent-twap_execution",
    "order_id": "scenario-289-twap_execution-agent-twap_execution-6",
    "action": "new",
    "side": "buy",
    "price": 65256.355500000005,
    "quantity": 0.005,
    "remaining_quantity": 0.005
  },
  {
    "event_id": "05e4524c3e541371a1e489ee28097d11d3cc05525923641cadce905b70ab779f",
    "schema_version": "1.0.0",
    "event_type": "agent_order",
    "source": "synthetic_agent",
    "symbol": "BTCUSDT",
    "exchange": "binance_usdm",
    "timestamp": "2024-05-01T00:00:07Z",
    "sequence": 7,
    "scenario_id": "scenario-289-twap_execution",
    "agent_id": "agent-twap_execution",
    "order_id": "scenario-289-twap_execution-agent-twap_execution-7",
    "action": "new",
    "side": "buy",
    "price": 65256.355500000005,
    "quantity": 0.005,
    "remaining_quantity": 0.005
  },
  {
    "event_id": "742b0b572cbc1873a82084599ea7b19e9dc4173d95002c109477645f4582526b",
    "schema_version": "1.0.0",
    "event_type": "agent_order",
    "source": "synthetic_agent",
    "symbol": "BTCUSDT",
    "exchange": "binance_usdm",
    "timestamp": "2024-05-01T00:00:08Z",
    "sequence": 8,
    "scenario_id": "scenario-289-twap_execution",
    "agent_id": "agent-twap_execution",
    "order_id": "scenario-289-twap_execution-agent-twap_execution-8",
    "action": "new",
    "side": "buy",
    "price": 65256.355500000005,
    "quantity": 0.005,
    "remaining_quantity": 0.005
  },
  {
    "event_id": "abb9e8b2900ce990bbd2735d02ff4d5cdbdb7145244811d4d305cd2ac4a27627",
    "schema_version": "1.0.0",
    "event_type": "agent_order",
    "source": "synthetic_agent",
    "symbol": "BTCUSDT",
    "exchange": "binance_usdm",
    "timestamp": "2024-05-01T00:00:09Z",
    "sequence": 9,
    "scenario_id": "scenario-289-twap_execution",
    "agent_id": "agent-twap_execution",
    "order_id": "scenario-289-twap_execution-agent-twap_execution-9",
    "action": "new",
    "side": "buy",
    "price": 65256.355500000005,
    "quantity": 0.005,
    "remaining_quantity": 0.005
  },
  {
    "event_id": "9e07a8abf2553d9a04f17475ee948d6cd782de10cab97880107f0b66847cd9a1",
    "schema_version": "1.0.0",
    "event_type": "agent_order",
    "source": "synthetic_agent",
    "symbol": "BTCUSDT",
    "exchange": "binance_usdm",
    "timestamp": "2024-05-01T00:00:10Z",
    "sequence": 10,
    "scenario_id": "scenario-289-twap_execution",
    "agent_id": "agent-twap_execution",
    "order_id": "scenario-289-twap_execution-agent-twap_execution-10",
    "action": "new",
    "side": "buy",
    "price": 65256.355500000005,
    "quantity": 0.005,
    "remaining_quantity": 0.005
  },
  {
    "event_id": "06f1f7a20aaa2c4ccf3c1724c732d6aa0d3df43f68b2da3200300ad86cd2d31b",
    "schema_version": "1.0.0",
    "event_type": "agent_order",
    "source": "synthetic_agent",
    "symbol": "BTCUSDT",
    "exchange": "binance_usdm",
    "timestamp": "2024-05-01T00:00:11Z",
    "sequence": 11,
    "scenario_id": "scenario-289-twap_execution",
    "agent_id": "agent-twap_execution",
    "order_id": "scenario-289-twap_execution-agent-twap_execution-11",
    "action": "new",
    "side": "buy",
    "price": 65256.355500000005,
    "quantity": 0.005,
    "remaining_quantity": 0.005
  },
  {
    "event_id": "d64d6d00bbba1e52ad438851883c924f81151a999f560ac81ee52e9bde7c4c84",
    "schema_version": "1.0.0",
    "event_type": "agent_order",
    "source": "synthetic_agent",
    "symbol": "BTCUSDT",
    "exchange": "binance_usdm",
    "timestamp": "2024-05-01T00:00:12Z",
    "sequence": 12,
    "scenario_id": "scenario-289-twap_execution",
    "agent_id": "agent-twap_execution",
    "order_id": "scenario-289-twap_execution-agent-twap_execution-12",
    "action": "new",
    "side": "buy",
    "price": 65256.355500000005,
    "quantity": 0.005,
    "remaining_quantity": 0.005
  },
  {
    "event_id": "1e17e942d27ff5f98be4d3c11a9302f2fd36670774db6dd2332983527afac076",
    "schema_version": "1.0.0",
    "event_type": "agent_order",
    "source": "synthetic_agent",
    "symbol": "BTCUSDT",
    "exchange": "binance_usdm",
    "timestamp": "2024-05-01T00:00:13Z",
    "sequence": 13,
    "scenario_id": "scenario-289-twap_execution",
    "agent_id": "agent-twap_execution",
    "order_id": "scenario-289-twap_execution-agent-twap_execution-13",
    "action": "new",
    "side": "buy",
    "price": 65256.355500000005,
    "quantity": 0.005,
    "remaining_quantity": 0.005
  },
  {
    "event_id": "ef98d93bfcc4c24f9c1813d9aa1cd53f23a9c384a0dce84051079e4474070e25",
    "schema_version": "1.0.0",
    "event_type": "agent_order",
    "source": "synthetic_agent",
    "symbol": "BTCUSDT",
    "exchange": "binance_usdm",
    "timestamp": "2024-05-01T00:00:14Z",
    "sequence": 14,
    "scenario_id": "scenario-289-twap_execution",
    "agent_id": "agent-twap_execution",
    "order_id": "scenario-289-twap_execution-agent-twap_execution-14",
    "action": "new",
    "side": "buy",
    "price": 65256.355500000005,
    "quantity": 0.005,
    "remaining_quantity": 0.005
  },
  {
    "event_id": "23a8175b7b64459305135b892f1004b12990a4511a445ed4fa007305bacac1a7",
    "schema_version": "1.0.0",
    "event_type": "agent_order",
    "source": "synthetic_agent",
    "symbol": "BTCUSDT",
    "exchange": "binance_usdm",
    "timestamp": "2024-05-01T00:00:15Z",
    "sequence": 15,
    "scenario_id": "scenario-289-twap_execution",
    "agent_id": "agent-twap_execution",
    "order_id": "scenario-289-twap_execution-agent-twap_execution-15",
    "action": "new",
    "side": "buy",
    "price": 65256.355500000005,
    "quantity": 0.005,
    "remaining_quantity": 0.005
  },
  {
    "event_id": "c6fa4fde03a8e96ffecc1b024c8eeeee8f594ecdae0301ba3934f4d321bf0934",
    "schema_version": "1.0.0",
    "event_type": "agent_order",
    "source": "synthetic_agent",
    "symbol": "BTCUSDT",
    "exchange": "binance_usdm",
    "timestamp": "2024-05-01T00:00:16Z",
    "sequence": 16,
    "scenario_id": "scenario-289-twap_execution",
    "agent_id": "agent-twap_execution",
    "order_id": "scenario-289-twap_execution-agent-twap_execution-16",
    "action": "new",
    "side": "buy",
    "price": 65256.355500000005,
    "quantity": 0.005,
    "remaining_quantity": 0.005
  },
  {
    "event_id": "218480df96d09a0d79b54a5a9c5073e2220585885017cfdda38ecc76a9a357e2",
    "schema_version": "1.0.0",
    "event_type": "agent_order",
    "source": "synthetic_agent",
    "symbol": "BTCUSDT",
    "exchange": "binance_usdm",
    "timestamp": "2024-05-01T00:00:17Z",
    "sequence": 17,
    "scenario_id": "scenario-289-twap_execution",
    "agent_id": "agent-twap_execution",
    "order_id": "scenario-289-twap_execution-agent-twap_execution-17",
    "action": "new",
    "side": "buy",
    "price": 65256.355500000005,
    "quantity": 0.005,
    "remaining_quantity": 0.005
  },
  {
    "event_id": "99d2f208deb5950835955a0d85b5c7f6b90c0e6b4536e3a20e9d8e615dedf213",
    "schema_version": "1.0.0",
    "event_type": "agent_order",
    "source": "synthetic_agent",
    "symbol": "BTCUSDT",
    "exchange": "binance_usdm",
    "timestamp": "2024-05-01T00:00:18Z",
    "sequence": 18,
    "scenario_id": "scenario-289-twap_execution",
    "agent_id": "agent-twap_execution",
    "order_id": "scenario-289-twap_execution-agent-twap_execution-18",
    "action": "new",
    "side": "buy",
    "price": 65256.355500000005,
    "quantity": 0.005,
    "remaining_quantity": 0.005
  },
  {
    "event_id": "a4df5c4376329a686c885e0e567dc440dc31d28c95b5ec01b48d580de9012734",
    "schema_version": "1.0.0",
    "event_type": "agent_order",
    "source": "synthetic_agent",
    "symbol": "BTCUSDT",
    "exchange": "binance_usdm",
    "timestamp": "2024-05-01T00:00:19Z",
    "sequence": 19,
    "scenario_id": "scenario-289-twap_execution",
    "agent_id": "agent-twap_execution",
    "order_id": "scenario-289-twap_execution-agent-twap_execution-19",
    "action": "new",
    "side": "buy",
    "price": 65256.355500000005,
    "quantity": 0.005,
    "remaining_quantity": 0.005
  },
  {
    "event_id": "24455f61aef230a8e555c7b3f8823ff867c8ff10adaa5835ce36d96e912a7f99",
    "schema_version": "1.0.0",
    "event_type": "agent_order",
    "source": "synthetic_agent",
    "symbol": "BTCUSDT",
    "exchange": "binance_usdm",
    "timestamp": "2024-05-01T00:00:20Z",
    "sequence": 20,
    "scenario_id": "scenario-289-twap_execution",
    "agent_id": "agent-twap_execution",
    "order_id": "scenario-289-twap_execution-agent-twap_execution-20",
    "action": "new",
    "side": "buy",
    "price": 65256.355500000005,
    "quantity": 0.005,
    "remaining_quantity": 0.005
  },
  {
    "event_id": "e82a4e6d3ac9aedd31d3a49d01407439b922e9e6eab02fe9bebd22c4407b0996",
    "schema_version": "1.0.0",
    "event_type": "agent_order",
    "source": "synthetic_agent",
    "symbol": "BTCUSDT",
    "exchange": "binance_usdm",
    "timestamp": "2024-05-01T00:00:21Z",
    "sequence": 21,
    "scenario_id": "scenario-289-twap_execution",
    "agent_id": "agent-twap_execution",
    "order_id": "scenario-289-twap_execution-agent-twap_execution-21",
    "action": "new",
    "side": "buy",
    "price": 65256.355500000005,
    "quantity": 0.005,
    "remaining_quantity": 0.005
  },
  {
    "event_id": "888620cffa9bfee7b358f39088607d1f373b494e788d0ae2705cfe7f5115e135",
    "schema_version": "1.0.0",
    "event_type": "agent_order",
    "source": "synthetic_agent",
    "symbol": "BTCUSDT",
    "exchange": "binance_usdm",
    "timestamp": "2024-05-01T00:00:22Z",
    "sequence": 22,
    "scenario_id": "scenario-289-twap_execution",
    "agent_id": "agent-twap_execution",
    "order_id": "scenario-289-twap_execution-agent-twap_execution-22",
    "action": "new",
    "side": "buy",
    "price": 65256.355500000005,
    "quantity": 0.005,
    "remaining_quantity": 0.005
  },
  {
    "event_id": "416a4129ed03a045f42898fc02cb6502410d28e77c5316828bb8662b6a896c5b",
    "schema_version": "1.0.0",
    "event_type": "agent_order",
    "source": "synthetic_agent",
    "symbol": "BTCUSDT",
    "exchange": "binance_usdm",
    "timestamp": "2024-05-01T00:00:23Z",
    "sequence": 23,
    "scenario_id": "scenario-289-twap_execution",
    "agent_id": "agent-twap_execution",
    "order_id": "scenario-289-twap_execution-agent-twap_execution-23",
    "action": "new",
    "side": "buy",
    "price": 65256.355500000005,
    "quantity": 0.005,
    "remaining_quantity": 0.005
  },
  {
    "event_id": "01260382f324999b9496a518ac2b9002aa294ef1b6571cd870f41e49c300e2fd",
    "schema_version": "1.0.0",
    "event_type": "agent_order",
    "source": "synthetic_agent",
    "symbol": "BTCUSDT",
    "exchange": "binance_usdm",
    "timestamp": "2024-05-01T00:00:24Z",
    "sequence": 24,
    "scenario_id": "scenario-289-twap_execution",
    "agent_id": "agent-twap_execution",
    "order_id": "scenario-289-twap_execution-agent-twap_execution-24",
    "action": "new",
    "side": "buy",
    "price": 65256.355500000005,
    "quantity": 0.005,
    "remaining_quantity": 0.005
  },
  {
    "event_id": "c8a136a7df6b14b96877a383fe5f0f6851c2af3dc720941fea390c6074c31b24",
    "schema_version": "1.0.0",
    "event_type": "agent_order",
    "source": "synthetic_agent",
    "symbol": "BTCUSDT",
    "exchange": "binance_usdm",
    "timestamp": "2024-05-01T00:00:25Z",
    "sequence": 25,
    "scenario_id": "scenario-289-twap_execution",
    "agent_id": "agent-twap_execution",
    "order_id": "scenario-289-twap_execution-agent-twap_execution-25",
    "action": "new",
    "side": "buy",
    "price": 65256.355500000005,
    "quantity": 0.005,
    "remaining_quantity": 0.005
  },
  {
    "event_id": "2a2844c0ef0bc2c9505e405acd5109e0a6f87150cae1fae933934a2c98075612",
    "schema_version": "1.0.0",
    "event_type": "agent_order",
    "source": "synthetic_agent",
    "symbol": "BTCUSDT",
    "exchange": "binance_usdm",
    "timestamp": "2024-05-01T00:00:26Z",
    "sequence": 26,
    "scenario_id": "scenario-289-twap_execution",
    "agent_id": "agent-twap_execution",
    "order_id": "scenario-289-twap_execution-agent-twap_execution-26",
    "action": "new",
    "side": "buy",
    "price": 65256.355500000005,
    "quantity": 0.005,
    "remaining_quantity": 0.005
  },
  {
    "event_id": "24a3dd7427659a838160dbb67ecadfaa70fb3fec0c2ac6268e29bdc4563faa48",
    "schema_version": "1.0.0",
    "event_type": "agent_order",
    "source": "synthetic_agent",
    "symbol": "BTCUSDT",
    "exchange": "binance_usdm",
    "timestamp": "2024-05-01T00:00:27Z",
    "sequence": 27,
    "scenario_id": "scenario-289-twap_execution",
    "agent_id": "agent-twap_execution",
    "order_id": "scenario-289-twap_execution-agent-twap_execution-27",
    "action": "new",
    "side": "buy",
    "price": 65256.355500000005,
    "quantity": 0.005,
    "remaining_quantity": 0.005
  },
  {
    "event_id": "83de900ed094194db1e8f6556eb8c05f40cadcff200d67aca891c4c555799d0f",
    "schema_version": "1.0.0",
    "event_type": "agent_order",
    "source": "synthetic_agent",
    "symbol": "BTCUSDT",
    "exchange": "binance_usdm",
    "timestamp": "2024-05-01T00:00:28Z",
    "sequence": 28,
    "scenario_id": "scenario-289-twap_execution",
    "agent_id": "agent-twap_execution",
    "order_id": "scenario-289-twap_execution-agent-twap_execution-28",
    "action": "new",
    "side": "buy",
    "price": 65256.355500000005,
    "quantity": 0.005,
    "remaining_quantity": 0.005
  },
  {
    "event_id": "c30a50bd416c36c32e2080b2faa9598fd73660f5a31519be3120981783e44360",
    "schema_version": "1.0.0",
    "event_type": "agent_order",
    "source": "synthetic_agent",
    "symbol": "BTCUSDT",
    "exchange": "binance_usdm",
    "timestamp": "2024-05-01T00:00:29Z",
    "sequence": 29,
    "scenario_id": "scenario-289-twap_execution",
    "agent_id": "agent-twap_execution",
    "order_id": "scenario-289-twap_execution-agent-twap_execution-29",
    "action": "new",
    "side": "buy",
    "price": 65256.355500000005,
    "quantity": 0.005,
    "remaining_quantity": 0.005
  }
]