[
  {
    "event_id": "cd68963aa151b2df956dc999f94e8975eebe0efa470d0e3dd49f9b1df7584972",
    "schema_version": "1.0.0",
    "event_type": "agent_order",
    "source": "synthetic_agent",
    "symbol": "BTCUSDT",
    "exchange": "binance_usdm",
    "timestamp": "2024-05-01T00:00:00Z",
    "sequence": 0,
    "scenario_id": "scenario-041-momentum_ignition",
    "agent_id": "agent-momentum_ignition",
    "order_id": "scenario-041-momentum_ignition-agent-momentum_ignition-0",
    "action": "new",
    "side": "buy",
    "price": 65106.04099999999,
    "quantity": 0.08,
    "remaining_quantity": 0.08
  },
  {
    "event_id": "ac681222139e94cce3a79ebf94d103420dae20efbeac6d886f0b6a14d9df02bd",
    "schema_version": "1.0.0",
    "event_type": "agent_order",
    "source": "synthetic_agent",
    "symbol": "BTCUSDT",
    "exchange": "binance_usdm",
    "timestamp": "2024-05-01T00:00:00.080000Z",
    "sequence": 1,
    "scenario_id": "scenario-041-momentum_ignition",
    "agent_id": "agent-momentum_ignition",
    "order_id": "scenario-041-momentum_ignition-agent-momentum_ignition-1",
    "action": "new",
    "side": "buy",
    "price": 65107.34181999999,
    "quantity": 0.08,
    "remaining_quantity": 0.08
  },
  {
    "event_id": "9cb1e0cd7c6ac79764b4594ef111d802daa6ef11e0ab771eeb3015219527b5ae",
    "schema_version": "1.0.0",
    "event_type": "agent_order",
    "source": "synthetic_agent",
    "symbol": "BTCUSDT",
    "exchange": "binance_usdm",
    "timestamp": "2024-05-01T00:00:00.160000Z",
    "sequence": 2,
    "scenario_id": "scenario-041-momentum_ignition",
    "agent_id": "agent-momentum_ignition",
    "order_id": "scenario-041-momentum_ignition-agent-momentum_ignition-2",
    "action": "new",
    "side": "buy",
    "price": 65108.64264,
    "quantity": 0.08,
    "remaining_quantity": 0.08
  },
  {
    "event_id": "ae559449d9a52b69d4099884389538e9dd25f7a66d0c0d668fb25cbc706a1b90",
    "schema_version": "1.0.0",
    "event_type": "agent_order",
    "source": "synthetic_agent",
    "symbol": "BTCUSDT",
    "exchange": "binance_usdm",
    "timestamp": "2024-05-01T00:00:00.240000Z",
    "sequence": 3,
    "scenario_id": "scenario-041-momentum_ignition",
    "agent_id": "agent-momentum_ignition",
    "order_id": "scenario-041-momentum_ignition-agent-momentum_ignition-3",
    "action": "new",
    "side": "buy",
    "price": 65109.94345999999,
    "quantity": 0.08,
    "remaining_quantity": 0.08
  },
  {
    "event_id": "adf172b4096e0e327b00c67bc2bc8f43460d281bcebacb4f5596c2f5634430d6",
    "schema_version": "1.0.0",
    "event_type": "agent_order",
    "source": "synthetic_agent",
    "symbol": "BTCUSDT",
    "exchange": "binance_usdm",
    "timestamp": "2024-05-01T00:00:00.320000Z",
    "sequence": 4,
    "scenario_id": "scenario-041-momentum_ignition",
    "agent_id": "agent-momentum_ignition",
    "order_id": "scenario-041-momentum_ignition-agent-momentum_ignition-4",
    "action": "new",
    "side": "buy",
    "price": 65111.24428,
    "quantity": 0.08,
    "remaining_quantity": 0.08
  },
  {
    "event_id": "40fcdffb995fc51bbdfd6434f86a898ca1ebc9498c37b68c724a398f2834fa81",
    "schema_version": "1.0.0",
    "event_type": "agent_order",
    "source": "synthetic_agent",
    "symbol": "BTCUSDT",
    "exchange": "binance_usdm",
    "timestamp": "2024-05-01T00:00:00.400000Z",
    "sequence": 5,
    "scenario_id": "scenario-041-momentum_ignition",
    "agent_id": "agent-momentum_ignition",
    "order_id": "scenario-041-momentum_ignition-agent-momentum_ignition-5",
    "action": "new",
    "side": "buy",
    "price": 65112.545099999996,
    "quantity": 0.08,
    "remaining_quantity": 0.08
  },
  {
    "event_id": "6ee78185751b16e15e4e775d70d0a9dd29f3c578237d98b86f689a71352e5059",
    "schema_version": "1.0.0",
    "event_type": "agent_order",
    "source": "synthetic_agent",
    "symbol": "BTCUSDT",
    "exchange": "binance_usdm",
    "timestamp": "2024-05-01T00:00:00.480000Z",
    "sequence": 6,
    "scenario_id": "scenario-041-momentum_ignition",
    "agent_id": "agent-momentum_ignition",
    "order_id": "scenario-041-momentum_ignition-agent-momentum_ignition-6",
    "action": "new",
    "side": "buy",
    "price": 65113.845919999985,
    "quantity": 0.08,
    "remaining_quantity": 0.08
  },
  {
    "event_id": "dd53571cc1e81606a86afb0288cd7c23f445fd33df990ed77d22eb16e011bddd",
    "schema_version": "1.0.0",
    "event_type": "agent_order",
    "source": "synthetic_agent",
    "symbol": "BTCUSDT",
    "exchange": "binance_usdm",
    "timestamp": "2024-05-01T00:00:00.560000Z",
    "sequence": 7,
    "scenario_id": "scenario-041-momentum_ignition",
    "agent_id": "agent-momentum_ignition",
    "order_id": "scenario-041-momentum_ignition-agent-momentum_ignition-7",
    "action": "new",
    "side": "buy",
    "price": 65115.14674,
    "quantity": 0.08,
    "remaining_quantity": 0.08
  },
  {
    "event_id": "e68db5988ae70f6d2b446b79f276c9428d9f584cd130b5ea70ac39480f1bacd4",
    "schema_version": "1.0.0",
    "event_type": "agent_order",
    "source": "synthetic_agent",
    "symbol": "BTCUSDT",
    "exchange": "binance_usdm",
    "timestamp": "2024-05-01T00:00:00.640000Z",
    "sequence": 8,
    "scenario_id": "scenario-041-momentum_ignition",
    "agent_id": "agent-momentum_ignition",
    "order_id": "scenario-041-momentum_ignition-agent-momentum_ignition-8",
    "action": "new",
    "side": "buy",
    "price": 65116.447559999986,
    "quantity": 0.08,
    "remaining_quantity": 0.08
  },
  {
    "event_id": "6ea89f8e05363a1905d4067dcdec6cc91484c4b332dedcceb4195dccf108a598",
    "schema_version": "1.0.0",
    "event_type": "agent_order",
    "source": "synthetic_agent",
    "symbol": "BTCUSDT",
    "exchange": "binance_usdm",
    "timestamp": "2024-05-01T00:00:00.720000Z",
    "sequence": 9,
    "scenario_id": "scenario-041-momentum_ignition",
    "agent_id": "agent-momentum_ignition",
    "order_id": "scenario-041-momentum_ignition-agent-momentum_ignition-9",
    "action": "new",
    "side": "buy",
    "price": 65117.74838,
    "quantity": 0.08,
    "remaining_quantity": 0.08
  },
  {
    "event_id": "6f375a356423942e489e6e01aee4aae898e069aaf5a6415b4a97668ee9e13747",
    "schema_version": "1.0.0",
    "event_type": "agent_order",
    "source": "synthetic_agent",
    "symbol": "BTCUSDT",
    "exchange": "binance_usdm",
    "timestamp": "2024-05-01T00:00:00.800000Z",
    "sequence": 10,
    "scenario_id": "scenario-041-momentum_ignition",
    "agent_id": "agent-momentum_ignition",
    "order_id": "scenario-041-momentum_ignition-agent-momentum_ignition-10",
    "action": "new",
    "side": "buy",
    "price": 65119.049199999994,
    "quantity": 0.08,
    "remaining_quantity": 0.08
  },
  {
    "event_id": "75c14cddf45f2b2e8e432e63f304918edbb18fc8c00bec8a90ce9613f5b23572",
    "schema_version": "1.0.0",
    "event_type": "agent_order",
    "source": "synthetic_agent",
    "symbol": "BTCUSDT",
    "exchange": "binance_usdm",
    "timestamp": "2024-05-01T00:00:00.880000Z",
    "sequence": 11,
    "scenario_id": "scenario-041-momentum_ignition",
    "agent_id": "agent-momentum_ignition",
    "order_id": "scenario-041-momentum_ignition-agent-momentum_ignition-11",
    "action": "new",
    "side": "buy",
    "price": 65120.35002,
    "quantity": 0.08,
    "remaining_quantity": 0.08
  },
  {
    "event_id": "195c124e190cebf0cbcd72065c6d3a273fd0b998966873eb068b005259126975",
    "schema_version": "1.0.0",
    "event_type": "agent_order",
    "source": "synthetic_agent",
    "symbol": "BTCUSDT",
    "exchange": "binance_usdm",
    "timestamp": "2024-05-01T00:00:00.960000Z",
    "sequence": 12,
    "scenario_id": "scenario-041-momentum_ignition",
    "agent_id": "agent-momentum_ignition",
    "order_id": "scenario-041-momentum_ignition-agent-momentum_ignition-12",
    "action": "new",
    "side": "buy",
    "price": 65121.650839999995,
    "quantity": 0.08,
    "remaining_quantity": 0.08
  },
  {
    "event_id": "5db9f23dad5d39d935792a61030db5b44e7705fd213131fdca86dede2e6a8271",
    "schema_version": "1.0.0",
    "event_type": "agent_order",
    "source": "synthetic_agent",
    "symbol": "BTCUSDT",
    "exchange": "binance_usdm",
    "timestamp": "2024-05-01T00:00:01.040000Z",
    "sequence": 13,
    "scenario_id": "scenario-041-momentum_ignition",
    "agent_id": "agent-momentum_ignition",
    "order_id": "scenario-041-momentum_ignition-agent-momentum_ignition-13",
    "action": "new",
    "side": "buy",
    "price": 65122.95165999999,
    "quantity": 0.08,
    "remaining_quantity": 0.08
  },
  {
    "event_id": "afa4597b57594f266ffdf985186f557ce938613438515c941476b18034185fef",
    "schema_version": "1.0.0",
    "event_type": "agent_order",
    "source": "synthetic_agent",
    "symbol": "BTCUSDT",
    "exchange": "binance_usdm",
    "timestamp": "2024-05-01T00:00:01.120000Z",
    "sequence": 14,
    "scenario_id": "scenario-041-momentum_ignition",
    "agent_id": "agent-momentum_ignition",
    "order_id": "scenario-041-momentum_ignition-agent-momentum_ignition-14",
    "action": "new",
    "side": "buy",
    "price": 65124.252479999996,
    "quantity": 0.08,
    "remaining_quantity": 0.08
  },
  {
    "event_id": "881d7dfeedbf8f270db1db0ae7029a99f2ae9266288e1d0c844bce0fd4818663",
    "schema_version": "1.0.0",
    "event_type": "agent_order",
    "source": "synthetic_agent",
    "symbol": "BTCUSDT",
    "exchange": "binance_usdm",
    "timestamp": "2024-05-01T00:00:01.200000Z",
    "sequence": 15,
    "scenario_id": "scenario-041-momentum_ignition",
    "agent_id": "agent-momentum_ignition",
    "order_id": "scenario-041-momentum_ignition-agent-momentum_ignition-15",
    "action": "new",
    "side": "buy",
    "price": 65125.55329999999,
    "quantity": 0.08,
    "remaining_quantity": 0.08
  },
  {
    "event_id": "2da46ec945747ba53c313ba2f94a5fb6bd26697a69098484ddf31853d6e95f40",
    "schema_version": "1.0.0",
    "event_type": "agent_order",
    "source": "synthetic_agent",
    "symbol": "BTCUSDT",
    "exchange": "binance_usdm",
    "timestamp": "2024-05-01T00:00:01.280000Z",
    "sequence": 16,
    "scenario_id": "scenario-041-momentum_ignition",
    "agent_id": "agent-momentum_ignition",
    "order_id": "scenario-041-momentum_ignition-agent-momentum_ignition-16",
    "action": "new",
    "side": "buy",
    "price": 65126.854119999996,
    "quantity": 0.08,
    "remaining_quantity": 0.08
  },
  {
    "event_id": "3cf5167348db434569b0ea626137496ab83a1bdc4a312a220c4b38f35efee30d",
    "schema_version": "1.0.0",
    "event_type": "agent_order",
    "source": "synthetic_agent",
    "symbol": "BTCUSDT",
    "exchange": "binance_usdm",
    "timestamp": "2024-05-01T00:00:01.360000Z",
    "sequence": 17,
    "scenario_id": "scenario-041-momentum_ignition",
    "agent_id": "agent-momentum_ignition",
    "order_id": "scenario-041-momentum_ignition-agent-momentum_ignition-17",
    "action": "new",
    "side": "buy",
    "price": 65128.15493999999,
    "quantity": 0.08,
    "remaining_quantity": 0.08
  },
  {
    "event_id": "f88f7460a5e71b299fb15d9d1efcf7531776c092376e6480fe73a91ac0b6131b",
    "schema_version": "1.0.0",
    "event_type": "agent_order",
    "source": "synthetic_agent",
    "symbol": "BTCUSDT",
    "exchange": "binance_usdm",
    "timestamp": "2024-05-01T00:00:01.440000Z",
    "sequence": 18,
    "scenario_id": "scenario-041-momentum_ignition",
    "agent_id": "agent-momentum_ignition",
    "order_id": "scenario-041-momentum_ignition-agent-momentum_ignition-18",
    "action": "new",
    "side": "buy",
    "price": 65129.45575999999,
    "quantity": 0.08,
    "remaining_quantity": 0.08
  },
  {
    "event_id": "4202b5e6ea9e1ea5b7f1ec159ff67cadce76e62ff9787877b15bd68bf3a69228",
    "schema_version": "1.0.0",
    "event_type": "agent_order",
    "source": "synthetic_agent",
    "symbol": "BTCUSDT",
    "exchange": "binance_usdm",
    "timestamp": "2024-05-01T00:00:01.520000Z",
    "sequence": 19,
    "scenario_id": "scenario-041-momentum_ignition",
    "agent_id": "agent-momentum_ignition",
    "order_id": "scenario-041-momentum_ignition-agent-momentum_ignition-19",
    "action": "new",
    "side": "buy",
    "price": 65130.756579999994,
    "quantity": 0.08,
    "remaining_quantity": 0.08
  },
  {
    "event_id": "856dde84efc504e9df6336f7b7482571fbd3cab703141c6e24f15b75349fafb6",
    "schema_version": "1.0.0",
    "event_type": "agent_order",
    "source": "synthetic_agent",
    "symbol": "BTCUSDT",
    "exchange": "binance_usdm",
    "timestamp": "2024-05-01T00:00:01.600000Z",
    "sequence": 20,
    "scenario_id": "scenario-041-momentum_ignition",
    "agent_id": "agent-momentum_ignition",
    "order_id": "scenario-041-momentum_ignition-agent-momentum_ignition-20",
    "action": "new",
    "side": "buy",
    "price": 65132.05739999999,
    "quantity": 0.08,
    "remaining_quantity": 0.08
  },
  {
    "event_id": "b45195da3c369c5c5ad0384d322cf0889cf8f0dfbda35deb3a55ae76f5e041b0",
    "schema_version": "1.0.0",
    "event_type": "agent_order",
    "source": "synthetic_agent",
    "symbol": "BTCUSDT",
    "exchange": "binance_usdm",
    "timestamp": "2024-05-01T00:00:01.680000Z",
    "sequence": 21,
    "scenario_id": "scenario-041-momentum_ignition",
    "agent_id": "agent-momentum_ignition",
    "order_id": "scenario-041-momentum_ignition-agent-momentum_ignition-21",
    "action": "new",
    "side": "buy",
    "price": 65133.35822,
    "quantity": 0.08,
    "remaining_quantity": 0.08
  },
  {
    "event_id": "ff296236b57e864fb40880b3497e52ac47194998d24a955fb4dc2144db121f2e",
    "schema_version": "1.0.0",
    "event_type": "agent_order",
    "source": "synthetic_agent",
    "symbol": "BTCUSDT",
    "exchange": "binance_usdm",
    "timestamp": "2024-05-01T00:00:01.760000Z",
    "sequence": 22,
    "scenario_id": "scenario-041-momentum_ignition",
    "agent_id": "agent-momentum_ignition",
    "order_id": "scenario-041-momentum_ignition-agent-momentum_ignition-22",
    "action": "new",
    "side": "buy",
    "price": 65134.65903999999,
    "quantity": 0.08,
    "remaining_quantity": 0.08
  },
  {
    "event_id": "eaae55c2876bfaa68051857e41e8ff533b909a70211c56a22bb0c354e246393c",
    "schema_version": "1.0.0",
    "event_type": "agent_order",
    "source": "synthetic_agent",
    "symbol": "BTCUSDT",
    "exchange": "binance_usdm",
    "timestamp": "2024-05-01T00:00:01.840000Z",
    "sequence": 23,
    "scenario_id": "scenario-041-momentum_ignition",
    "agent_id": "agent-momentum_ignition",
    "order_id": "scenario-041-momentum_ignition-agent-momentum_ignition-23",
    "action": "new",
    "side": "buy",
    "price": 65135.95985999999,
    "quantity": 0.08,
    "remaining_quantity": 0.08
  },
  {
    "event_id": "8e579b37c2864b6c04fdddcb2d412d319d0b504c58f6cd3d43991db4e5e3a5c3",
    "schema_version": "1.0.0",
    "event_type": "agent_order",
    "source": "synthetic_agent",
    "symbol": "BTCUSDT",
    "exchange": "binance_usdm",
    "timestamp": "2024-05-01T00:00:01.920000Z",
    "sequence": 24,
    "scenario_id": "scenario-041-momentum_ignition",
    "agent_id": "agent-momentum_ignition",
    "order_id": "scenario-041-momentum_ignition-agent-momentum_ignition-24",
    "action": "new",
    "side": "buy",
    "price": 65137.26067999999,
    "quantity": 0.08,
    "remaining_quantity": 0.08
  },
  {
    "event_id": "90013826f84d39d98625aa65c960f0c6a39eb7d3c60b006756a2459a5d4f4976",
    "schema_version": "1.0.0",
    "event_type": "agent_order",
    "source": "synthetic_agent",
    "symbol": "BTCUSDT",
    "exchange": "binance_usdm",
    "timestamp": "2024-05-01T00:00:02Z",
    "sequence": 25,
    "scenario_id": "scenario-041-momentum_ignition",
    "agent_id": "agent-momentum_ignition",
    "order_id": "scenario-041-momentum_ignition-agent-momentum_ignition-25",
    "action": "new",
    "side": "buy",
    "price": 65138.56149999999,
    "quantity": 0.08,
    "remaining_quantity": 0.08
  },
  {
    "event_id": "242ed561ba723c905dd7217d6bec4c25a8382f6028094d4a6ce7f861c0f381a5",
    "schema_version": "1.0.0",
    "event_type": "agent_order",
    "source": "synthetic_agent",
    "symbol": "BTCUSDT",
    "exchange": "binance_usdm",
    "timestamp": "2024-05-01T00:00:02.080000Z",
    "sequence": 26,
    "scenario_id": "scenario-041-momentum_ignition",
    "agent_id": "agent-momentum_ignition",
    "order_id": "scenario-041-momentum_ignition-agent-momentum_ignition-26",
    "action": "new",
    "side": "buy",
    "price": 65139.86232,
    "quantity": 0.08,
    "remaining_quantity": 0.08
  },
  {
    "event_id": "538ac58b5d613538876ea5dfcc8754476adaa203402f8e6263ba588892f647fb",
    "schema_version": "1.0.0",
    "event_type": "agent_order",
    "source": "synthetic_agent",
    "symbol": "BTCUSDT",
    "exchange": "binance_usdm",
    "timestamp": "2024-05-01T00:00:02.160000Z",
    "sequence": 27,
    "scenario_id": "scenario-041-momentum_ignition",
    "agent_id": "agent-momentum_ignition",
    "order_id": "scenario-041-momentum_ignition-agent-momentum_ignition-27",
    "action": "new",
    "side": "buy",
    "price": 65141.16313999999,
    "quantity": 0.08,
    "remaining_quantity": 0.08
  },
  {
    "event_id": "b5fb7d70d0ad40f43eab1de273ad083dce5e6fae8029151e82a84021f9215072",
    "schema_version": "1.0.0",
    "event_type": "agent_order",
    "source": "synthetic_agent",
    "symbol": "BTCUSDT",
    "exchange": "binance_usdm",
    "timestamp": "2024-05-01T00:00:02.240000Z",
    "sequence": 28,
    "scenario_id": "scenario-041-momentum_ignition",
    "agent_id": "agent-momentum_ignition",
    "order_id": "scenario-041-momentum_ignition-agent-momentum_ignition-28",
    "action": "new",
    "side": "buy",
    "price": 65142.46395999999,
    "quantity": 0.08,
    "remaining_quantity": 0.08
  },
  {
    "event_id": "3d079eff002dfc93710acfae9f08a93ca92cbea07e5795397562a8912b4a2b8a",
    "schema_version": "1.0.0",
    "event_type": "agent_order",
    "source": "synthetic_agent",
    "symbol": "BTCUSDT",
    "exchange": "binance_usdm",
    "timestamp": "2024-05-01T00:00:02.320000Z",
    "sequence": 29,
    "scenario_id": "scenario-041-momentum_ignition",
    "agent_id": "agent-momentum_ignition",
    "order_id": "scenario-041-momentum_ignition-agent-momentum_ignition-29",
    "action": "new",
    "side": "buy",
    "price": 65143.76478,
    "quantity": 0.08,
    "remaining_quantity": 0.08
  }
]