[
  {
    "event_id": "251d0590738449f47378229cf2c0fa0dfd306717cad59a5cc1acbb632ec77af1",
    "schema_version": "1.0.0",
    "event_type": "agent_order",
    "source": "synthetic_agent",
    "symbol": "BTCUSDT",
    "exchange": "binance_usdm",
    "timestamp": "2024-05-01T00:00:00Z",
    "sequence": 0,
    "scenario_id": "scenario-404-latency_edge",
    "agent_id": "agent-latency_edge",
    "order_id": "scenario-404-latency_edge-agent-latency_edge-0",
    "action": "new",
    "side": "buy",
    "price": 65443.242399999996,
    "quantity": 0.006,
    "remaining_quantity": 0.006
  },
  {
    "event_id": "42e7b01f2a30ba3ad9ea95f146324a94afe8c045c1019194e8f4dd5e5a7a6f08",
    "schema_version": "1.0.0",
    "event_type": "agent_order",
    "source": "synthetic_agent",
    "symbol": "BTCUSDT",
    "exchange": "binance_usdm",
    "timestamp": "2024-05-01T00:00:00.008000Z",
    "sequence": 1,
    "scenario_id": "scenario-404-latency_edge",
    "agent_id": "agent-latency_edge",
    "order_id": "scenario-404-latency_edge-agent-latency_edge-1",
    "action": "new",
    "side": "buy",
    "price": 65443.242399999996,
    "quantity": 0.006,
    "remaining_quantity": 0.006
  },
  {
    "event_id": "8e4d7464d5b18d845c8210fbaaef22ea6216b18a43b756230925f8affbe11453",
    "schema_version": "1.0.0",
    "event_type": "agent_order",
    "source": "synthetic_agent",
    "symbol": "BTCUSDT",
    "exchange": "binance_usdm",
    "timestamp": "2024-05-01T00:00:00.016000Z",
    "sequence": 2,
    "scenario_id": "scenario-404-latency_edge",
    "agent_id": "agent-latency_edge",
    "order_id": "scenario-404-latency_edge-agent-latency_edge-2",
    "action": "new",
    "side": "sell",
    "price": 65364.7576,
    "quantity": 0.006,
    "remaining_quantity": 0.006
  },
  {
    "event_id": "19aaec035452859e21ac4c5c7f38a697c79b3abe503610e5a042271ab65ae374",
    "schema_version": "1.0.0",
    "event_type": "agent_order",
    "source": "synthetic_agent",
    "symbol": "BTCUSDT",
    "exchange": "binance_usdm",
    "timestamp": "2024-05-01T00:00:00.024000Z",
    "sequence": 3,
    "scenario_id": "scenario-404-latency_edge",
    "agent_id": "agent-latency_edge",
    "order_id": "scenario-404-latency_edge-agent-latency_edge-3",
    "action": "new",
    "side": "sell",
    "price": 65364.7576,
    "quantity": 0.006,
    "remaining_quantity": 0.006
  },
  {
    "event_id": "469f67520730e1206bbb7e7145ecf8ca04f722e11ec7d40233192ce5af265ffe",
    "schema_version": "1.0.0",
    "event_type": "agent_order",
    "source": "synthetic_agent",
    "symbol": "BTCUSDT",
    "exchange": "binance_usdm",
    "timestamp": "2024-05-01T00:00:00.032000Z",
    "sequence": 4,
    "scenario_id": "scenario-404-latency_edge",
    "agent_id": "agent-latency_edge",
    "order_id": "scenario-404-latency_edge-agent-latency_edge-4",
    "action": "new",
    "side": "buy",
    "price": 65443.242399999996,
    "quantity": 0.006,
    "remaining_quantity": 0.006
  },
  {
    "event_id": "b331ee420207792a31c2ced8aaecc20f9be50d769c0642d0e696f7f7aba48f49",
    "schema_version": "1.0.0",
    "event_type": "agent_order",
    "source": "synthetic_agent",
    "symbol": "BTCUSDT",
    "exchange": "binance_usdm",
    "timestamp": "2024-05-01T00:00:00.040000Z",
    "sequence": 5,
    "scenario_id": "scenario-404-latency_edge",
    "agent_id": "agent-latency_edge",
    "order_id": "scenario-404-latency_edge-agent-latency_edge-5",
    "action": "new",
    "side": "buy",
    "price": 65443.242399999996,
    "quantity": 0.006,
    "remaining_quantity": 0.006
  },
  {
    "event_id": "e4e2f46ac48857683b8a5ff42b3c75867218ac03ff52f95017a9fcb10ab7fae7",
    "schema_version": "1.0.0",
    "event_type": "agent_order",
    "source": "synthetic_agent",
    "symbol": "BTCUSDT",
    "exchange": "binance_usdm",
    "timestamp": "2024-05-01T00:00:00.048000Z",
    "sequence": 6,
    "scenario_id": "scenario-404-latency_edge",
    "agent_id": "agent-latency_edge",
    "order_id": "scenario-404-latency_edge-agent-latency_edge-6",
    "action": "new",
    "side": "sell",
    "price": 65364.7576,
    "quantity": 0.006,
    "remaining_quantity": 0.006
  },
  {
    "event_id": "c80e5d8200bd4990c6e62bc76a0ff110d7a8bb9ae27f19fe760556bdfc4e71f3",
    "schema_version": "1.0.0",
    "event_type": "agent_order",
    "source": "synthetic_agent",
    "symbol": "BTCUSDT",
    "exchange": "binance_usdm",
    "timestamp": "2024-05-01T00:00:00.056000Z",
    "sequence": 7,
    "scenario_id": "scenario-404-latency_edge",
    "agent_id": "agent-latency_edge",
    "order_id": "scenario-404-latency_edge-agent-latency_edge-7",
    "action": "new",
    "side": "sell",
    "price": 65364.7576,
    "quantity": 0.006,
    "remaining_quantity": 0.006
  },
  {
    "event_id": "3541e47054d4c0db9decdeb21d69919b526489d19785141bcba3d0cc56016588",
    "schema_version": "1.0.0",
    "event_type": "agent_order",
    "source": "synthetic_agent",
    "symbol": "BTCUSDT",
    "exchange": "binance_usdm",
    "timestamp": "2024-05-01T00:00:00.064000Z",
    "sequence": 8,
    "scenario_id": "scenario-404-latency_edge",
    "agent_id": "agent-latency_edge",
    "order_id": "scenario-404-latency_edge-agent-latency_edge-8",
    "action": "new",
    "side": "buy",
    "price": 65443.242399999996,
    "quantity": 0.006,
    "remaining_quantity": 0.006
  },
  {
    "event_id": "7d1147d94528fb2fb5abca4a208cfdc02ffc5e1afeccce49c5ffad129ae29dc7",
    "schema_version": "1.0.0",
    "event_type": "agent_order",
    "source": "synthetic_agent",
    "symbol": "BTCUSDT",
    "exchange": "binance_usdm",
    "timestamp": "2024-05-01T00:00:00.072000Z",
    "sequence": 9,
    "scenario_id": "scenario-404-latency_edge",
    "agent_id": "agent-latency_edge",
    "order_id": "scenario-404-latency_edge-agent-latency_edge-9",
    "action": "new",
    "side": "buy",
    "price": 65443.242399999996,
    "quantity": 0.006,
    "remaining_quantity": 0.006
  },
  {
    "event_id": "d584401d7d4cb18671db21de37c0a2ad2d1dd85c8d476bb8a681d772ef37632a",
    "schema_version": "1.0.0",
    "event_type": "agent_order",
    "source": "synthetic_agent",
    "symbol": "BTCUSDT",
    "exchange": "binance_usdm",
    "timestamp": "2024-05-01T00:00:00.080000Z",
    "sequence": 10,
    "scenario_id": "scenario-404-latency_edge",
    "agent_id": "agent-latency_edge",
    "order_id": "scenario-404-latency_edge-agent-latency_edge-10",
    "action": "new",
    "side": "sell",
    "price": 65364.7576,
    "quantity": 0.006,
    "remaining_quantity": 0.006
  },
  {
    "event_id": "48748597e29aeb485821b79d08145aa11a113fae42af7f4e4c7e08e48a4cb2e0",
    "schema_version": "1.0.0",
    "event_type": "agent_order",
    "source": "synthetic_agent",
    "symbol": "BTCUSDT",
    "exchange": "binance_usdm",
    "timestamp": "2024-05-01T00:00:00.088000Z",
    "sequence": 11,
    "scenario_id": "scenario-404-latency_edge",
    "agent_id": "agent-latency_edge",
    "order_id": "scenario-404-latency_edge-agent-latency_edge-11",
    "action": "new",
    "side": "sell",
    "price": 65364.7576,
    "quantity": 0.006,
    "remaining_quantity": 0.006
  },
  {
    "event_id": "879dffe2f544bce21469a12ffe212ae4b03f070247ec0c0e2022d3db531bb879",
    "schema_version": "1.0.0",
    "event_type": "agent_order",
    "source": "synthetic_agent",
    "symbol": "BTCUSDT",
    "exchange": "binance_usdm",
    "timestamp": "2024-05-01T00:00:00.096000Z",
    "sequence": 12,
    "scenario_id": "scenario-404-latency_edge",
    "agent_id": "agent-latency_edge",
    "order_id": "scenario-404-latency_edge-agent-latency_edge-12",
    "action": "new",
    "side": "buy",
    "price": 65443.242399999996,
    "quantity": 0.006,
    "remaining_quantity": 0.006
  },
  {
    "event_id": "aba93e33eaf0e30946af82627f1f3a889d8260682a3cebfbac4add0765f4918c",
    "schema_version": "1.0.0",
    "event_type": "agent_order",
    "source": "synthetic_agent",
    "symbol": "BTCUSDT",
    "exchange": "binance_usdm",
    "timestamp": "2024-05-01T00:00:00.104000Z",
    "sequence": 13,
    "scenario_id": "scenario-404-latency_edge",
    "agent_id": "agent-latency_edge",
    "order_id": "scenario-404-latency_edge-agent-latency_edge-13",
    "action": "new",
    "side": "buy",
    "price": 65443.242399999996,
    "quantity": 0.006,
    "remaining_quantity": 0.006
  },
  {
    "event_id": "ed710bd85e49e7b86055fb27b2fd0763f7ec588237a0aa3bcb821cb96c83214b",
    "schema_version": "1.0.0",
    "event_type": "agent_order",
    "source": "synthetic_agent",
    "symbol": "BTCUSDT",
    "exchange": "binance_usdm",
    "timestamp": "2024-05-01T00:00:00.112000Z",
    "sequence": 14,
    "scenario_id": "scenario-404-latency_edge",
    "agent_id": "agent-latency_edge",
    "order_id": "scenario-404-latency_edge-agent-latency_edge-14",
    "action": "new",
    "side": "sell",
    "price": 65364.7576,
    "quantity": 0.006,
    "remaining_quantity": 0.006
  },
  {
    "event_id": "93845f8fe8145cdd43e58fd72409549a3995c0223b60f4d8e2e15c8d017bb106",
    "schema_version": "1.0.0",
    "event_type": "agent_order",
    "source": "synthetic_agent",
    "symbol": "BTCUSDT",
    "exchange": "binance_usdm",
    "timestamp": "2024-05-01T00:00:00.120000Z",
    "sequence": 15,
    "scenario_id": "scenario-404-latency_edge",
    "agent_id": "agent-latency_edge",
    "order_id": "scenario-404-latency_edge-agent-latency_edge-15",
    "action": "new",
    "side": "sell",
    "price": 65364.7576,
    "quantity": 0.006,
    "remaining_quantity": 0.006
  },
  {
    "event_id": "29a903499263a5a3bcd9548705946d495146b446ca9ccb0b55a57857b62bae76",
    "schema_version": "1.0.0",
    "event_type": "agent_order",
    "source": "synthetic_agent",
    "symbol": "BTCUSDT",
    "exchange": "binance_usdm",
    "timestamp": "2024-05-01T00:00:00.128000Z",
    "sequence": 16,
    "scenario_id": "scenario-404-latency_edge",
    "agent_id": "agent-latency_edge",
    "order_id": "scenario-404-latency_edge-agent-latency_edge-16",
    "action": "new",
    "side": "buy",
    "price": 65443.242399999996,
    "quantity": 0.006,
    "remaining_quantity": 0.006
  },
  {
    "event_id": "183a4af70505cf7b048553b38dc8fbd04af258125724b5737e6e57e5816f2255",
    "schema_version": "1.0.0",
    "event_type": "agent_order",
    "source": "synthetic_agent",
    "symbol": "BTCUSDT",
    "exchange": "binance_usdm",
    "timestamp": "2024-05-01T00:00:00.136000Z",
    "sequence": 17,
    "scenario_id": "scenario-404-latency_edge",
    "agent_id": "agent-latency_edge",
    "order_id": "scenario-404-latency_edge-agent-latency_edge-17",
    "action": "new",
    "side": "buy",
    "price": 65443.242399999996,
    "quantity": 0.006,
    "remaining_quantity": 0.006
  },
  {
    "event_id": "5e2341756237b180e1ff385bcd050bc7204db4d77e11c4eac445cf91b85b5837",
    "schema_version": "1.0.0",
    "event_type": "agent_order",
    "source": "synthetic_agent",
    "symbol": "BTCUSDT",
    "exchange": "binance_usdm",
    "timestamp": "2024-05-01T00:00:00.144000Z",
    "sequence": 18,
    "scenario_id": "scenario-404-latency_edge",
    "agent_id": "agent-latency_edge",
    "order_id": "scenario-404-latency_edge-agent-latency_edge-18",
    "action": "new",
    "side": "sell",
    "price": 65364.7576,
    "quantity": 0.006,
    "remaining_quantity": 0.006
  },
  {
    "event_id": "b7326dd6b7c8fb2160689c6b80916889d622f225f7e5e0605d49f0f8c1fbdc4b",
    "schema_version": "1.0.0",
    "event_type": "agent_order",
    "source": "synthetic_agent",
    "symbol": "BTCUSDT",
    "exchange": "binance_usdm",
    "timestamp": "2024-05-01T00:00:00.152000Z",
    "sequence": 19,
    "scenario_id": "scenario-404-latency_edge",
    "agent_id": "agent-latency_edge",
    "order_id": "scenario-404-latency_edge-agent-latency_edge-19",
    "action": "new",
    "side": "sell",
    "price": 65364.7576,
    "quantity": 0.006,
    "remaining_quantity": 0.006
  },
  {
    "event_id": "3af1343372cea74787c1d3044c88cd44e69bfcb319608e2c2b76bd7e850be021",
    "schema_version": "1.0.0",
    "event_type": "agent_order",
    "source": "synthetic_agent",
    "symbol": "BTCUSDT",
    "exchange": "binance_usdm",
    "timestamp": "2024-05-01T00:00:00.160000Z",
    "sequence": 20,
    "scenario_id": "scenario-404-latency_edge",
    "agent_id": "agent-latency_edge",
    "order_id": "scenario-404-latency_edge-agent-latency_edge-20",
    "action": "new",
    "side": "buy",
    "price": 65443.242399999996,
    "quantity": 0.006,
    "remaining_quantity": 0.006
  },
  {
    "event_id": "63f306b72b257bb2359d336d85af3740c97740edb6e50e9555d603112b7553d6",
    "schema_version": "1.0.0",
    "event_type": "agent_order",
    "source": "synthetic_agent",
    "symbol": "BTCUSDT",
    "exchange": "binance_usdm",
    "timestamp": "2024-05-01T00:00:00.168000Z",
    "sequence": 21,
    "scenario_id": "scenario-404-latency_edge",
    "agent_id": "agent-latency_edge",
    "order_id": "scenario-404-latency_edge-agent-latency_edge-21",
    "action": "new",
    "side": "buy",
    "price": 65443.242399999996,
    "quantity": 0.006,
    "remaining_quantity": 0.006
  },
  {
    "event_id": "03e4c6f082036be50873c02d8ee9677c51429513dd6dc68d0072cd3881200094",
    "schema_version": "1.0.0",
    "event_type": "agent_order",
    "source": "synthetic_agent",
    "symbol": "BTCUSDT",
    "exchange": "binance_usdm",
    "timestamp": "2024-05-01T00:00:00.176000Z",
    "sequence": 22,
    "scenario_id": "scenario-404-latency_edge",
    "agent_id": "agent-latency_edge",
    "order_id": "scenario-404-latency_edge-agent-latency_edge-22",
    "action": "new",
    "side": "sell",
    "price": 65364.7576,
    "quantity": 0.006,
    "remaining_quantity": 0.006
  },
  {
    "event_id": "e6196ff8de014c5947628a9afa0b0a052d48dfc090ea78a9bc7e775731a5576c",
    "schema_version": "1.0.0",
    "event_type": "agent_order",
    "source": "synthetic_agent",
    "symbol": "BTCUSDT",
    "exchange": "binance_usdm",
    "timestamp": "2024-05-01T00:00:00.184000Z",
    "sequence": 23,
    "scenario_id": "scenario-404-latency_edge",
    "agent_id": "agent-latency_edge",
    "order_id": "scenario-404-latency_edge-agent-latency_edge-23",
    "action": "new",
    "side": "sell",
    "price": 65364.7576,
    "quantity": 0.006,
    "remaining_quantity": 0.006
  },
  {
    "event_id": "baaeff7bc098309f7d0d5c2b12031b808015386838d48fa55909ad321a4049a5",
    "schema_version": "1.0.0",
    "event_type": "agent_order",
    "source": "synthetic_agent",
    "symbol": "BTCUSDT",
    "exchange": "binance_usdm",
    "timestamp": "2024-05-01T00:00:00.192000Z",
    "sequence": 24,
    "scenario_id": "scenario-404-latency_edge",
    "agent_id": "agent-latency_edge",
    "order_id": "scenario-404-latency_edge-agent-latency_edge-24",
    "action": "new",
    "side": "buy",
    "price": 65443.242399999996,
    "quantity": 0.006,
    "remaining_quantity": 0.006
  },
  {
    "event_id": "8a4b44c2e072df23d0b59981a6336930e38a2cc6a81fb069d5e022855a6b747b",
    "schema_version": "1.0.0",
    "event_type": "agent_order",
    "source": "synthetic_agent",
    "symbol": "BTCUSDT",
    "exchange": "binance_usdm",
    "timestamp": "2024-05-01T00:00:00.200000Z",
    "sequence": 25,
    "scenario_id": "scenario-404-latency_edge",
    "agent_id": "agent-latency_edge",
    "order_id": "scenario-404-latency_edge-agent-latency_edge-25",
    "action": "new",
    "side": "buy",
    "price": 65443.242399999996,
    "quantity": 0.006,
    "remaining_quantity": 0.006
  },
  {
    "event_id": "951eedfae79e3cedcae9a7277ac35a0297aee0d4e04d808923360b5065dc89a4",
    "schema_version": "1.0.0",
    "event_type": "agent_order",
    "source": "synthetic_agent",
    "symbol": "BTCUSDT",
    "exchange": "binance_usdm",
    "timestamp": "2024-05-01T00:00:00.208000Z",
    "sequence": 26,
    "scenario_id": "scenario-404-latency_edge",
    "agent_id": "agent-latency_edge",
    "order_id": "scenario-404-latency_edge-agent-latency_edge-26",
    "action": "new",
    "side": "sell",
    "price": 65364.7576,
    "quantity": 0.006,
    "remaining_quantity": 0.006
  },
  {
    "event_id": "290872249cea1ce3f0c151ab264e35910d0f724e79b7f73139f0090f0fc8c57e",
    "schema_version": "1.0.0",
    "event_type": "agent_order",
    "source": "synthetic_agent",
    "symbol": "BTCUSDT",
    "exchange": "binance_usdm",
    "timestamp": "2024-05-01T00:00:00.216000Z",
    "sequence": 27,
    "scenario_id": "scenario-404-latency_edge",
    "agent_id": "agent-latency_edge",
    "order_id": "scenario-404-latency_edge-agent-latency_edge-27",
    "action": "new",
    "side": "sell",
    "price": 65364.7576,
    "quantity": 0.006,
    "remaining_quantity": 0.006
  },
  {
    "event_id": "26eeb75b2d4c386b4e45a3e5f1490fafe9d4758a36dffe9c495f9d2232ffc15d",
    "schema_version": "1.0.0",
    "event_type": "agent_order",
    "source": "synthetic_agent",
    "symbol": "BTCUSDT",
    "exchange": "binance_usdm",
    "timestamp": "2024-05-01T00:00:00.224000Z",
    "sequence": 28,
    "scenario_id": "scenario-404-latency_edge",
    "agent_id": "agent-latency_edge",
    "order_id": "scenario-404-latency_edge-agent-latency_edge-28",
    "action": "new",
    "side": "buy",
    "price": 65443.242399999996,
    "quantity": 0.006,
    "remaining_quantity": 0.006
  },
  {
    "event_id": "cd286dc470fadec05a1bddf2a2a4370e1e842b8623797c94f4c3c3c033d1f47e",
    "schema_version": "1.0.0",
    "event_type": "agent_order",
    "source": "synthetic_agent",
    "symbol": "BTCUSDT",
    "exchange": "binance_usdm",
    "timestamp": "2024-05-01T00:00:00.232000Z",
    "sequence": 29,
    "scenario_id": "scenario-404-latency_edge",
    "agent_id": "agent-latency_edge",
    "order_id": "scenario-404-latency_edge-agent-latency_edge-29",
    "action": "new",
    "side": "buy",
    "price": 65443.242399999996,
    "quantity": 0.006,
    "remaining_quantity": 0.006
  }
]