[
  {
    "event_id": "91d9a881db6a24cdbc09ff51b94f8790bf329bd6e2f2bc58d1487c5f69f8fa1c",
    "schema_version": "1.0.0",
    "event_type": "agent_order",
    "source": "synthetic_agent",
    "symbol": "BTCUSDT",
    "exchange": "binance_usdm",
    "timestamp": "2024-05-01T00:00:00Z",
    "sequence": 0,
    "scenario_id": "scenario-347-volatility_feedback",
    "agent_id": "agent-volatility_feedback",
    "order_id": "scenario-347-volatility_feedback-agent-volatility_feedback-0",
    "action": "new",
    "side": "buy",
    "price": 65412.346999999994,
    "quantity": 0.02,
    "remaining_quantity": 0.02
  },
  {
    "event_id": "fce5d9e2f378fc372b0129274ff6f5e7736187cb878a32f3951edd5572fd9613",
    "schema_version": "1.0.0",
    "event_type": "agent_order",
    "source": "synthetic_agent",
    "symbol": "BTCUSDT",
    "exchange": "binance_usdm",
    "timestamp": "2024-05-01T00:00:00.020000Z",
    "sequence": 1,
    "scenario_id": "scenario-347-volatility_feedback",
    "agent_id": "agent-volatility_feedback",
    "order_id": "scenario-347-volatility_feedback-agent-volatility_feedback-1",
    "action": "new",
    "side": "sell",
    "price": 65280.346059999996,
    "quantity": 0.03,
    "remaining_quantity": 0.03
  },
  {
    "event_id": "1bea12050b16a37be4dc70b36c28cb4d037a65e7e12b71d1c82949e789ab0d91",
    "schema_version": "1.0.0",
    "event_type": "agent_order",
    "source": "synthetic_agent",
    "symbol": "BTCUSDT",
    "exchange": "binance_usdm",
    "timestamp": "2024-05-01T00:00:00.040000Z",
    "sequence": 2,
    "scenario_id": "scenario-347-volatility_feedback",
    "agent_id": "agent-volatility_feedback",
    "order_id": "scenario-347-volatility_feedback-agent-volatility_feedback-2",
    "action": "new",
    "side": "buy",
    "price": 65414.96088,
    "quantity": 0.04,
    "remaining_quantity": 0.04
  },
  {
    "event_id": "7c462a27476bf68fdfb2595b2a8da1aba050a798e567a0094ff489e61a6560ff",
    "schema_version": "1.0.0",
    "event_type": "agent_order",
    "source": "synthetic_agent",
    "symbol": "BTCUSDT",
    "exchange": "binance_usdm",
    "timestamp": "2024-05-01T00:00:00.060000Z",
    "sequence": 3,
    "scenario_id": "scenario-347-volatility_feedback",
    "agent_id": "agent-volatility_feedback",
    "order_id": "scenario-347-volatility_feedback-agent-volatility_feedback-3",
    "action": "new",
    "side": "sell",
    "price": 65277.732180000006,
    "quantity": 0.05,
    "remaining_quantity": 0.05
  },
  {
    "event_id": "c748905832754d14425ed0b6a0a7b27c29ce6af4b3a1f6ddbfe6e39a4210db24",
    "schema_version": "1.0.0",
    "event_type": "agent_order",
    "source": "synthetic_agent",
    "symbol": "BTCUSDT",
    "exchange": "binance_usdm",
    "timestamp": "2024-05-01T00:00:00.080000Z",
    "sequence": 4,
    "scenario_id": "scenario-347-volatility_feedback",
    "agent_id": "agent-volatility_feedback",
    "order_id": "scenario-347-volatility_feedback-agent-volatility_feedback-4",
    "action": "new",
    "side": "buy",
    "price": 65417.574759999996,
    "quantity": 0.02,
    "remaining_quantity": 0.02
  },
  {
    "event_id": "5bf5340b41d1d283f7591172ce3c93a01a813b31841690c87a648c168911487e",
    "schema_version": "1.0.0",
    "event_type": "agent_order",
    "source": "synthetic_agent",
    "symbol": "BTCUSDT",
    "exchange": "binance_usdm",
    "timestamp": "2024-05-01T00:00:00.100000Z",
    "sequence": 5,
    "scenario_id": "scenario-347-volatility_feedback",
    "agent_id": "agent-volatility_feedback",
    "order_id": "scenario-347-volatility_feedback-agent-volatility_feedback-5",
    "action": "new",
    "side": "sell",
    "price": 65275.1183,
    "quantity": 0.03,
    "remaining_quantity": 0.03
  },
  {
    "event_id": "8a8d334d09ce5c4a80b46e35c895dbb10ff701a9e47678221ed90dbbbe20932e",
    "schema_version": "1.0.0",
    "event_type": "agent_order",
    "source": "synthetic_agent",
    "symbol": "BTCUSDT",
    "exchange": "binance_usdm",
    "timestamp": "2024-05-01T00:00:00.120000Z",
    "sequence": 6,
    "scenario_id": "scenario-347-volatility_feedback",
    "agent_id": "agent-volatility_feedback",
    "order_id": "scenario-347-volatility_feedback-agent-volatility_feedback-6",
    "action": "new",
    "side": "buy",
    "price": 65420.18864,
    "quantity": 0.04,
    "remaining_quantity": 0.04
  },
  {
    "event_id": "931b2d3a98a27b767563af7ae349ba710c0746372ede3f55b06fc0ec4688efda",
    "schema_version": "1.0.0",
    "event_type": "agent_order",
    "source": "synthetic_agent",
    "symbol": "BTCUSDT",
    "exchange": "binance_usdm",
    "timestamp": "2024-05-01T00:00:00.140000Z",
    "sequence": 7,
    "scenario_id": "scenario-347-volatility_feedback",
    "agent_id": "agent-volatility_feedback",
    "order_id": "scenario-347-volatility_feedback-agent-volatility_feedback-7",
    "action": "new",
    "side": "sell",
    "price": 65272.50442,
    "quantity": 0.05,
    "remaining_quantity": 0.05
  },
  {
    "event_id": "f8c3f75fa5dfbee8b97edecfc179c154e129cfa1c7ca791a997e7ae952f9aa09",
    "schema_version": "1.0.0",
    "event_type": "agent_order",
    "source": "synthetic_agent",
    "symbol": "BTCUSDT",
    "exchange": "binance_usdm",
    "timestamp": "2024-05-01T00:00:00.160000Z",
    "sequence": 8,
    "scenario_id": "scenario-347-volatility_feedback",
    "agent_id": "agent-volatility_feedback",
    "order_id": "scenario-347-volatility_feedback-agent-volatility_feedback-8",
    "action": "new",
    "side": "buy",
    "price": 65422.802520000005,
    "quantity": 0.02,
    "remaining_quantity": 0.02
  },
  {
    "event_id": "33276cec7a58a8c201f44aad188ac560da188bcf3b670d8a3e39fd6c18579fea",
    "schema_version": "1.0.0",
    "event_type": "agent_order",
    "source": "synthetic_agent",
    "symbol": "BTCUSDT",
    "exchange": "binance_usdm",
    "timestamp": "2024-05-01T00:00:00.180000Z",
    "sequence": 9,
    "scenario_id": "scenario-347-volatility_feedback",
    "agent_id": "agent-volatility_feedback",
    "order_id": "scenario-347-volatility_feedback-agent-volatility_feedback-9",
    "action": "new",
    "side": "sell",
    "price": 65269.89054,
    "quantity": 0.03,
    "remaining_quantity": 0.03
  },
  {
    "event_id": "4dcee661c171c06f100ac5a38d623d7772f9dc489435a32a04a1eb6d742956f8",
    "schema_version": "1.0.0",
    "event_type": "agent_order",
    "source": "synthetic_agent",
    "symbol": "BTCUSDT",
    "exchange": "binance_usdm",
    "timestamp": "2024-05-01T00:00:00.200000Z",
    "sequence": 10,
    "scenario_id": "scenario-347-volatility_feedback",
    "agent_id": "agent-volatility_feedback",
    "order_id": "scenario-347-volatility_feedback-agent-volatility_feedback-10",
    "action": "new",
    "side": "buy",
    "price": 65425.41640000001,
    "quantity": 0.04,
    "remaining_quantity": 0.04
  },
  {
    "event_id": "6a1de383db103b2459beb734e1c5b6a27f62ff43138478c70ddda4a53f2829c2",
    "schema_version": "1.0.0",
    "event_type": "agent_order",
    "source": "synthetic_agent",
    "symbol": "BTCUSDT",
    "exchange": "binance_usdm",
    "timestamp": "2024-05-01T00:00:00.220000Z",
    "sequence": 11,
    "scenario_id": "scenario-347-volatility_feedback",
    "agent_id": "agent-volatility_feedback",
    "order_id": "scenario-347-volatility_feedback-agent-volatility_feedback-11",
    "action": "new",
    "side": "sell",
    "price": 65267.27666,
    "quantity": 0.05,
    "remaining_quantity": 0.05
  },
  {
    "event_id": "4e3947b9f0e8df3cc8fa74e5f142afa018f73e56feeaad3eda18bf20a51f142a",
    "schema_version": "1.0.0",
    "event_type": "agent_order",
    "source": "synthetic_agent",
    "symbol": "BTCUSDT",
    "exchange": "binance_usdm",
    "timestamp": "2024-05-01T00:00:00.240000Z",
    "sequence": 12,
    "scenario_id": "scenario-347-volatility_feedback",
    "agent_id": "agent-volatility_feedback",
    "order_id": "scenario-347-volatility_feedback-agent-volatility_feedback-12",
    "action": "new",
    "side": "buy",
    "price": 65428.03027999999,
    "quantity": 0.02,
    "remaining_quantity": 0.02
  },
  {
    "event_id": "bae31b1b6dd6c13736b8f9865098d8749e2ca12d52dba2f5b2a46609d4e90396",
    "schema_version": "1.0.0",
    "event_type": "agent_order",
    "source": "synthetic_agent",
    "symbol": "BTCUSDT",
    "exchange": "binance_usdm",
    "timestamp": "2024-05-01T00:00:00.260000Z",
    "sequence": 13,
    "scenario_id": "scenario-347-volatility_feedback",
    "agent_id": "agent-volatility_feedback",
    "order_id": "scenario-347-volatility_feedback-agent-volatility_feedback-13",
    "action": "new",
    "side": "sell",
    "price": 65264.66278,
    "quantity": 0.03,
    "remaining_quantity": 0.03
  },
  {
    "event_id": "d9fad7cfbd84cd02e97285beab0b879d9687158622c8269d7277029b497e166d",
    "schema_version": "1.0.0",
    "event_type": "agent_order",
    "source": "synthetic_agent",
    "symbol": "BTCUSDT",
    "exchange": "binance_usdm",
    "timestamp": "2024-05-01T00:00:00.280000Z",
    "sequence": 14,
    "scenario_id": "scenario-347-volatility_feedback",
    "agent_id": "agent-volatility_feedback",
    "order_id": "scenario-347-volatility_feedback-agent-volatility_feedback-14",
    "action": "new",
    "side": "buy",
    "price": 65430.644159999996,
    "quantity": 0.04,
    "remaining_quantity": 0.04
  },
  {
    "event_id": "d8137e0b7399daea968774100addbaf5c8dabc86c5ba7d58d441a31284dcf576",
    "schema_version": "1.0.0",
    "event_type": "agent_order",
    "source": "synthetic_agent",
    "symbol": "BTCUSDT",
    "exchange": "binance_usdm",
    "timestamp": "2024-05-01T00:00:00.300000Z",
    "sequence": 15,
    "scenario_id": "scenario-347-volatility_feedback",
    "agent_id": "agent-volatility_feedback",
    "order_id": "scenario-347-volatility_feedback-agent-volatility_feedback-15",
    "action": "new",
    "side": "sell",
    "price": 65262.0489,
    "quantity": 0.05,
    "remaining_quantity": 0.05
  },
  {
    "event_id": "fabcb220e461df27e27e5d12a8cc1b8674e85790a616e843aac4922487371f2a",
    "schema_version": "1.0.0",
    "event_type": "agent_order",
    "source": "synthetic_agent",
    "symbol": "BTCUSDT",
    "exchange": "binance_usdm",
    "timestamp": "2024-05-01T00:00:00.320000Z",
    "sequence": 16,
    "scenario_id": "scenario-347-volatility_feedback",
    "agent_id": "agent-volatility_feedback",
    "order_id": "scenario-347-volatility_feedback-agent-volatility_feedback-16",
    "action": "new",
    "side": "buy",
    "price": 65433.25804,
    "quantity": 0.02,
    "remaining_quantity": 0.02
  },
  {
    "event_id": "0aba920203abc95a09f9a001b472df14d062b3bb2d4b381a8b5649fa4363db89",
    "schema_version": "1.0.0",
    "event_type": "agent_order",
    "source": "synthetic_agent",
    "symbol": "BTCUSDT",
    "exchange": "binance_usdm",
    "timestamp": "2024-05-01T00:00:00.340000Z",
    "sequence": 17,
    "scenario_id": "scenario-347-volatility_feedback",
    "agent_id": "agent-volatility_feedback",
    "order_id": "scenario-347-volatility_feedback-agent-volatility_feedback-17",
    "action": "new",
    "side": "sell",
    "price": 65259.43502,
    "quantity": 0.03,
    "remaining_quantity": 0.03
  },
  {
    "event_id": "0d98a0c48b458472d1bbe31dbb6aff0b90172f487febd1eb8dd7816ebf52f239",
    "schema_version": "1.0.0",
    "event_type": "agent_order",
    "source": "synthetic_agent",
    "symbol": "BTCUSDT",
    "exchange": "binance_usdm",
    "timestamp": "2024-05-01T00:00:00.360000Z",
    "sequence": 18,
    "scenario_id": "scenario-347-volatility_feedback",
    "agent_id": "agent-volatility_feedback",
    "order_id": "scenario-347-volatility_feedback-agent-volatility_feedback-18",
    "action": "new",
    "side": "buy",
    "price": 65435.871920000005,
    "quantity": 0.04,
    "remaining_quantity": 0.04
  },
  {
    "event_id": "69830ce49376e8f698740013271317452d0342ca77cde179f0d8bfce8073dbe5",
    "schema_version": "1.0.0",
    "event_type": "agent_order",
    "source": "synthetic_agent",
    "symbol": "BTCUSDT",
    "exchange": "binance_usdm",
    "timestamp": "2024-05-01T00:00:00.380000Z",
    "sequence": 19,
    "scenario_id": "scenario-347-volatility_feedback",
    "agent_id": "agent-volatility_feedback",
    "order_id": "scenario-347-volatility_feedback-agent-volatility_feedback-19",
    "action": "new",
    "side": "sell",
    "price": 65256.82114,
    "quantity": 0.05,
    "remaining_quantity": 0.05
  },
  {
    "event_id": "e81a76b7afd73a6f91717041706cdd3ebad3a37dbb28863a0c5c6c77f88e53c3",
    "schema_version": "1.0.0",
    "event_type": "agent_order",
    "source": "synthetic_agent",
    "symbol": "BTCUSDT",
    "exchange": "binance_usdm",
    "timestamp": "2024-05-01T00:00:00.400000Z",
    "sequence": 20,
    "scenario_id": "scenario-347-volatility_feedback",
    "agent_id": "agent-volatility_feedback",
    "order_id": "scenario-347-volatility_feedback-agent-volatility_feedback-20",
    "action": "new",
    "side": "buy",
    "price": 65438.4858,
    "quantity": 0.02,
    "remaining_quantity": 0.02
  },
  {
    "event_id": "4739f976864dbe86bfcd926b95d7d48479490edb4afe41532c66e04d6176780f",
    "schema_version": "1.0.0",
    "event_type": "agent_order",
    "source": "synthetic_agent",
    "symbol": "BTCUSDT",
    "exchange": "binance_usdm",
    "timestamp": "2024-05-01T00:00:00.420000Z",
    "sequence": 21,
    "scenario_id": "scenario-347-volatility_feedback",
    "agent_id": "agent-volatility_feedback",
    "order_id": "scenario-347-volatility_feedback-agent-volatility_feedback-21",
    "action": "new",
    "side": "sell",
    "price": 65254.20726,
    "quantity": 0.03,
    "remaining_quantity": 0.03
  },
  {
    "event_id": "68f76310d3216b69f79f32c0673701e85c8adb6ffd87454b8bf77484c3d4117b",
    "schema_version": "1.0.0",
    "event_type": "agent_order",
    "source": "synthetic_agent",
    "symbol": "BTCUSDT",
    "exchange": "binance_usdm",
    "timestamp": "2024-05-01T00:00:00.440000Z",
    "sequence": 22,
    "scenario_id": "scenario-347-volatility_feedback",
    "agent_id": "agent-volatility_feedback",
    "order_id": "scenario-347-volatility_feedback-agent-volatility_feedback-22",
    "action": "new",
    "side": "buy",
    "price": 65441.09968000001,
    "quantity": 0.04,
    "remaining_quantity": 0.04
  },
  {
    "event_id": "eb5e2f5d6c8164ead481ed6e813991cc19880b3e397511e7575eb0fe8014bce1",
    "schema_version": "1.0.0",
    "event_type": "agent_order",
    "source": "synthetic_agent",
    "symbol": "BTCUSDT",
    "exchange": "binance_usdm",
    "timestamp": "2024-05-01T00:00:00.460000Z",
    "sequence": 23,
    "scenario_id": "scenario-347-volatility_feedback",
    "agent_id": "agent-volatility_feedback",
    "order_id": "scenario-347-volatility_feedback-agent-volatility_feedback-23",
    "action": "new",
    "side": "sell",
    "price": 65251.59338,
    "quantity": 0.05,
    "remaining_quantity": 0.05
  },
  {
    "event_id": "e4713657d7a89726a15ceaa6496ad561f71ed93cf4da356278e3a8fedfbb0ee8",
    "schema_version": "1.0.0",
    "event_type": "agent_order",
    "source": "synthetic_agent",
    "symbol": "BTCUSDT",
    "exchange": "binance_usdm",
    "timestamp": "2024-05-01T00:00:00.480000Z",
    "sequence": 24,
    "scenario_id": "scenario-347-volatility_feedback",
    "agent_id": "agent-volatility_feedback",
    "order_id": "scenario-347-volatility_feedback-agent-volatility_feedback-24",
    "action": "new",
    "side": "buy",
    "price": 65443.71356,
    "quantity": 0.02,
    "remaining_quantity": 0.02
  },
  {
    "event_id": "9ee9d906776696f4cda10cb2626637c0aad79a64790a52d3847c6265dab5082c",
    "schema_version": "1.0.0",
    "event_type": "agent_order",
    "source": "synthetic_agent",
    "symbol": "BTCUSDT",
    "exchange": "binance_usdm",
    "timestamp": "2024-05-01T00:00:00.500000Z",
    "sequence": 25,
    "scenario_id": "scenario-347-volatility_feedback",
    "agent_id": "agent-volatility_feedback",
    "order_id": "scenario-347-volatility_feedback-agent-volatility_feedback-25",
    "action": "new",
    "side": "sell",
    "price": 65248.9795,
    "quantity": 0.03,
    "remaining_quantity": 0.03
  },
  {
    "event_id": "7cf0c8a453d70d3de6ec899f605ae09a1f5120e451fc2b9c083a93bf1ad2e38f",
    "schema_version": "1.0.0",
    "event_type": "agent_order",
    "source": "synthetic_agent",
    "symbol": "BTCUSDT",
    "exchange": "binance_usdm",
    "timestamp": "2024-05-01T00:00:00.520000Z",
    "sequence": 26,
    "scenario_id": "scenario-347-volatility_feedback",
    "agent_id": "agent-volatility_feedback",
    "order_id": "scenario-347-volatility_feedback-agent-volatility_feedback-26",
    "action": "new",
    "side": "buy",
    "price": 65446.32744,
    "quantity": 0.04,
    "remaining_quantity": 0.04
  },
  {
    "event_id": "90d5183037a4005f90c4af172944000672924260deb05de504077288e9a02a4f",
    "schema_version": "1.0.0",
    "event_type": "agent_order",
    "source": "synthetic_agent",
    "symbol": "BTCUSDT",
    "exchange": "binance_usdm",
    "timestamp": "2024-05-01T00:00:00.540000Z",
    "sequence": 27,
    "scenario_id": "scenario-347-volatility_feedback",
    "agent_id": "agent-volatility_feedback",
    "order_id": "scenario-347-volatility_feedback-agent-volatility_feedback-27",
    "action": "new",
    "side": "sell",
    "price": 65246.365620000004,
    "quantity": 0.05,
    "remaining_quantity": 0.05
  },
  {
    "event_id": "0ef017e2f77f0e3f01ac64fb02d75c0578d2e46732512086f0d6b253e84d67e4",
    "schema_version": "1.0.0",
    "event_type": "agent_order",
    "source": "synthetic_agent",
    "symbol": "BTCUSDT",
    "exchange": "binance_usdm",
    "timestamp": "2024-05-01T00:00:00.560000Z",
    "sequence": 28,
    "scenario_id": "scenario-347-volatility_feedback",
    "agent_id": "agent-volatility_feedback",
    "order_id": "scenario-347-volatility_feedback-agent-volatility_feedback-28",
    "action": "new",
    "side": "buy",
    "price": 65448.94132,
    "quantity": 0.02,
    "remaining_quantity": 0.02
  },
  {
    "event_id": "dc48a1602d0c9ab5da082ffc2cc8252f5feb9b8d9b824757eba7c4db3ac25bbb",
    "schema_version": "1.0.0",
    "event_type": "agent_order",
    "source": "synthetic_agent",
    "symbol": "BTCUSDT",
    "exchange": "binance_usdm",
    "timestamp": "2024-05-01T00:00:00.580000Z",
    "sequence": 29,
    "scenario_id": "scenario-347-volatility_feedback",
    "agent_id": "agent-volatility_feedback",
    "order_id": "scenario-347-volatility_feedback-agent-volatility_feedback-29",
    "action": "new",
    "side": "sell",
    "price": 65243.75174,
    "quantity": 0.03,
    "remaining_quantity": 0.03
  }
]