[
  {
    "event_id": "853a86c7fbc0bb28183e64144854a49f6737df7e2b01c3e095f8812fc39306a8",
    "schema_version": "1.0.0",
    "event_type": "agent_order",
    "source": "synthetic_agent",
    "symbol": "BTCUSDT",
    "exchange": "binance_usdm",
    "timestamp": "2024-05-01T00:00:00Z",
    "sequence": 0,
    "scenario_id": "scenario-423-spoofing_layering",
    "agent_id": "agent-spoofing_layering",
    "order_id": "scenario-423-spoofing_layering-agent-spoofing_layering-0",
    "action": "new",
    "side": "sell",
    "price": 65455.7115,
    "quantity": 0.5,
    "remaining_quantity": 0.5
  },
  {
    "event_id": "33a7cd0213d8ce5c3b573976cec5b09f41a004c7bb3e6a079c73a04bebf5a56a",
    "schema_version": "1.0.0",
    "event_type": "agent_order",
    "source": "synthetic_agent",
    "symbol": "BTCUSDT",
    "exchange": "binance_usdm",
    "timestamp": "2024-05-01T00:00:00.050000Z",
    "sequence": 1,
    "scenario_id": "scenario-423-spoofing_layering",
    "agent_id": "agent-spoofing_layering",
    "order_id": "scenario-423-spoofing_layering-agent-spoofing_layering-1",
    "action": "new",
    "side": "sell",
    "price": 65456.36573,
    "quantity": 0.5,
    "remaining_quantity": 0.5
  },
  {
    "event_id": "a278e901affa598da94fef9898ed3cd741cce50f3e401f337dc381541db6ba95",
    "schema_version": "1.0.0",
    "event_type": "agent_order",
    "source": "synthetic_agent",
    "symbol": "BTCUSDT",
    "exchange": "binance_usdm",
    "timestamp": "2024-05-01T00:00:00.100000Z",
    "sequence": 2,
    "scenario_id": "scenario-423-spoofing_layering",
    "agent_id": "agent-spoofing_layering",
    "order_id": "scenario-423-spoofing_layering-agent-spoofing_layering-2",
    "action": "new",
    "side": "sell",
    "price": 65457.01995999999,
    "quantity": 0.5,
    "remaining_quantity": 0.5
  },
  {
    "event_id": "d1438a22ec496de581b2b03067176b7fcfe82265075269c6759ea28096f2911f",
    "schema_version": "1.0.0",
    "event_type": "agent_order",
    "source": "synthetic_agent",
    "symbol": "BTCUSDT",
    "exchange": "binance_usdm",
    "timestamp": "2024-05-01T00:00:00.150000Z",
    "sequence": 3,
    "scenario_id": "scenario-423-spoofing_layering",
    "agent_id": "agent-spoofing_layering",
    "order_id": "scenario-423-spoofing_layering-agent-spoofing_layering-3",
    "action": "new",
    "side": "sell",
    "price": 65457.67419,
    "quantity": 0.5,
    "remaining_quantity": 0.5
  },
  {
    "event_id": "92c5c6f943645240dd953691e4b5f2ddcecc9cfd07fa1988414005c8bf466cbe",
    "schema_version": "1.0.0",
    "event_type": "agent_order",
    "source": "synthetic_agent",
    "symbol": "BTCUSDT",
    "exchange": "binance_usdm",
    "timestamp": "2024-05-01T00:00:00.200000Z",
    "sequence": 4,
    "scenario_id": "scenario-423-spoofing_layering",
    "agent_id": "agent-spoofing_layering",
    "order_id": "scenario-423-spoofing_layering-agent-spoofing_layering-4",
    "action": "new",
    "side": "sell",
    "price": 65458.32842,
    "quantity": 0.5,
    "remaining_quantity": 0.5
  },
  {
    "event_id": "69b78ee2428831f9a9a1b131e8a295b78884c2be6e96992cbd3143f62506f1a5",
    "schema_version": "1.0.0",
    "event_type": "agent_order",
    "source": "synthetic_agent",
    "symbol": "BTCUSDT",
    "exchange": "binance_usdm",
    "timestamp": "2024-05-01T00:00:00.250000Z",
    "sequence": 5,
    "scenario_id": "scenario-423-spoofing_layering",
    "agent_id": "agent-spoofing_layering",
    "order_id": "scenario-423-spoofing_layering-agent-spoofing_layering-5",
    "action": "new",
    "side": "sell",
    "price": 65458.982650000005,
    "quantity": 0.5,
    "remaining_quantity": 0.5
  },
  {
    "event_id": "a58b29815d6d1670449ec14a3f182365f9cecd92a10af85eaaf7a7a9a709ebe5",
    "schema_version": "1.0.0",
    "event_type": "agent_order",
    "source": "synthetic_agent",
    "symbol": "BTCUSDT",
    "exchange": "binance_usdm",
    "timestamp": "2024-05-01T00:00:00.300000Z",
    "sequence": 6,
    "scenario_id": "scenario-423-spoofing_layering",
    "agent_id": "agent-spoofing_layering",
    "order_id": "scenario-423-spoofing_layering-agent-spoofing_layering-6",
    "action": "new",
    "side": "sell",
    "price": 65459.63687999999,
    "quantity": 0.5,
    "remaining_quantity": 0.5
  },
  {
    "event_id": "353a9a42cdba7bb949c8e60b848d23c97c9f6372e33bc50ddcde245887b91f25",
    "schema_version": "1.0.0",
    "event_type": "agent_order",
    "source": "synthetic_agent",
    "symbol": "BTCUSDT",
    "exchange": "binance_usdm",
    "timestamp": "2024-05-01T00:00:00.350000Z",
    "sequence": 7,
    "scenario_id": "scenario-423-spoofing_layering",
    "agent_id": "agent-spoofing_layering",
    "order_id": "scenario-423-spoofing_layering-agent-spoofing_layering-7",
    "action": "new",
    "side": "sell",
    "price": 65460.29111,
    "quantity": 0.5,
    "remaining_quantity": 0.5
  },
  {
    "event_id": "512260861f43128feb8515e11591963b1ad607bc59d9c1f91c2bed2b789894a4",
    "schema_version": "1.0.0",
    "event_type": "agent_order",
    "source": "synthetic_agent",
    "symbol": "BTCUSDT",
    "exchange": "binance_usdm",
    "timestamp": "2024-05-01T00:00:00.400000Z",
    "sequence": 8,
    "scenario_id": "scenario-423-spoofing_layering",
    "agent_id": "agent-spoofing_layering",
    "order_id": "scenario-423-spoofing_layering-agent-spoofing_layering-8",
    "action": "new",
    "side": "sell",
    "price": 65460.94534,
    "quantity": 0.5,
    "remaining_quantity": 0.5
  },
  {
    "event_id": "98449ca3406b61eb2cda21799380ca0fbc3afb7d4edb430f1da861c9f2afcef6",
    "schema_version": "1.0.0",
    "event_type": "agent_order",
    "source": "synthetic_agent",
    "symbol": "BTCUSDT",
    "exchange": "binance_usdm",
    "timestamp": "2024-05-01T00:00:00.450000Z",
    "sequence": 9,
    "scenario_id": "scenario-423-spoofing_layering",
    "agent_id": "agent-spoofing_layering",
    "order_id": "scenario-423-spoofing_layering-agent-spoofing_layering-9",
    "action": "new",
    "side": "sell",
    "price": 65461.59956999999,
    "quantity": 0.5,
    "remaining_quantity": 0.5
  },
  {
    "event_id": "144f59aeaa4882ec0f6e49a198e76b888dae628784afc82e990a59d468271430",
    "schema_version": "1.0.0",
    "event_type": "agent_order",
    "source": "synthetic_agent",
    "symbol": "BTCUSDT",
    "exchange": "binance_usdm",
    "timestamp": "2024-05-01T00:00:00.500000Z",
    "sequence": 10,
    "scenario_id": "scenario-423-spoofing_layering",
    "agent_id": "agent-spoofing_layering",
    "order_id": "scenario-423-spoofing_layering-agent-spoofing_layering-10",
    "action": "new",
    "side": "sell",
    "price": 65462.2538,
    "quantity": 0.5,
    "remaining_quantity": 0.5
  },
  {
    "event_id": "e2e6dfe00b728c49fdb9f3e43adc3733ac392fee0074ae4d047192313ef46cf0",
    "schema_version": "1.0.0",
    "event_type": "agent_order",
    "source": "synthetic_agent",
    "symbol": "BTCUSDT",
    "exchange": "binance_usdm",
    "timestamp": "2024-05-01T00:00:00.550000Z",
    "sequence": 11,
    "scenario_id": "scenario-423-spoofing_layering",
    "agent_id": "agent-spoofing_layering",
    "order_id": "scenario-423-spoofing_layering-agent-spoofing_layering-11",
    "action": "new",
    "side": "sell",
    "price": 65462.90803,
    "quantity": 0.5,
    "remaining_quantity": 0.5
  },
  {
    "event_id": "8b7ae712929655fdc2a4ffd7581ffc842e13e0d7390b01e6b46c0d3eb617277c",
    "schema_version": "1.0.0",
    "event_type": "agent_order",
    "source": "synthetic_agent",
    "symbol": "BTCUSDT",
    "exchange": "binance_usdm",
    "timestamp": "2024-05-01T00:00:00.600000Z",
    "sequence": 12,
    "scenario_id": "scenario-423-spoofing_layering",
    "agent_id": "agent-spoofing_layering",
    "order_id": "scenario-423-spoofing_layering-agent-spoofing_layering-12",
    "action": "new",
    "side": "sell",
    "price": 65463.56225999999,
    "quantity": 0.5,
    "remaining_quantity": 0.5
  },
  {
    "event_id": "61264fbaec9cc012d38559becc3c8928e4bf623d7e6e0df4bb021c1886ca9e26",
    "schema_version": "1.0.0",
    "event_type": "agent_order",
    "source": "synthetic_agent",
    "symbol": "BTCUSDT",
    "exchange": "binance_usdm",
    "timestamp": "2024-05-01T00:00:00.650000Z",
    "sequence": 13,
    "scenario_id": "scenario-423-spoofing_layering",
    "agent_id": "agent-spoofing_layering",
    "order_id": "scenario-423-spoofing_layering-agent-spoofing_layering-13",
    "action": "new",
    "side": "sell",
    "price": 65464.21648999999,
    "quantity": 0.5,
    "remaining_quantity": 0.5
  },
  {
    "event_id": "215f8cd0746119ee3363ecd3614608d19cc89066b7733b5d6ca2828dd2ca88a2",
    "schema_version": "1.0.0",
    "event_type": "agent_order",
    "source": "synthetic_agent",
    "symbol": "BTCUSDT",
    "exchange": "binance_usdm",
    "timestamp": "2024-05-01T00:00:00.700000Z",
    "sequence": 14,
    "scenario_id": "scenario-423-spoofing_layering",
    "agent_id": "agent-spoofing_layering",
    "order_id": "scenario-423-spoofing_layering-agent-spoofing_layering-14",
    "action": "new",
    "side": "sell",
    "price": 65464.87072,
    "quantity": 0.5,
    "remaining_quantity": 0.5
  },
  {
    "event_id": "ad1bcc178b7ddcc0d4dd05c519b9291c625f3b578f73ff6d2669b48a63cdd715",
    "schema_version": "1.0.0",
    "event_type": "agent_order",
    "source": "synthetic_agent",
    "symbol": "BTCUSDT",
    "exchange": "binance_usdm",
    "timestamp": "2024-05-01T00:00:00.750000Z",
    "sequence": 15,
    "scenario_id": "scenario-423-spoofing_layering",
    "agent_id": "agent-spoofing_layering",
    "order_id": "scenario-423-spoofing_layering-agent-spoofing_layering-15",
    "action": "new",
    "side": "sell",
    "price": 65465.52495,
    "quantity": 0.5,
    "remaining_quantity": 0.5
  },
  {
    "event_id": "f8c68d93d9c74f4333c44c9922189a44e62603e09758fe657cdb1060efecb927",
    "schema_version": "1.0.0",
    "event_type": "agent_order",
    "source": "synthetic_agent",
    "symbol": "BTCUSDT",
    "exchange": "binance_usdm",
    "timestamp": "2024-05-01T00:00:00.800000Z",
    "sequence": 16,
    "scenario_id": "scenario-423-spoofing_layering",
    "agent_id": "agent-spoofing_layering",
    "order_id": "scenario-423-spoofing_layering-agent-spoofing_layering-16",
    "action": "new",
    "side": "sell",
    "price": 65466.17917999999,
    "quantity": 0.5,
    "remaining_quantity": 0.5
  },
  {
    "event_id": "1bbb71d91e38db9eecd9e8f7886a188a57486da9c154613507034d923d13d4fa",
    "schema_version": "1.0.0",
    "event_type": "agent_order",
    "source": "synthetic_agent",
    "symbol": "BTCUSDT",
    "exchange": "binance_usdm",
    "timestamp": "2024-05-01T00:00:00.850000Z",
    "sequence": 17,
    "scenario_id": "scenario-423-spoofing_layering",
    "agent_id": "agent-spoofing_layering",
    "order_id": "scenario-423-spoofing_layering-agent-spoofing_layering-17",
    "action": "new",
    "side": "sell",
    "price": 65466.83341,
    "quantity": 0.5,
    "remaining_quantity": 0.5
  },
  {
    "event_id": "2a040b255ff04323595cf74c4ee3159ccd1b6dc6d93bc2f8329f75cbe7da8a71",
    "schema_version": "1.0.0",
    "event_type": "agent_order",
    "source": "synthetic_agent",
    "symbol": "BTCUSDT",
    "exchange": "binance_usdm",
    "timestamp": "2024-05-01T00:00:00.900000Z",
    "sequence": 18,
    "scenario_id": "scenario-423-spoofing_layering",
    "agent_id": "agent-spoofing_layering",
    "order_id": "scenario-423-spoofing_layering-agent-spoofing_layering-18",
    "action": "new",
    "side": "sell",
    "price": 65467.48764,
    "quantity": 0.5,
    "remaining_quantity": 0.5
  },
  {
    "event_id": "fe427e308ec285146822e42811b699e2eb51d0ba6f365e15406046ef790d9c39",
    "schema_version": "1.0.0",
    "event_type": "agent_order",
    "source": "synthetic_agent",
    "symbol": "BTCUSDT",
    "exchange": "binance_usdm",
    "timestamp": "2024-05-01T00:00:00.950000Z",
    "sequence": 19,
    "scenario_id": "scenario-423-spoofing_layering",
    "agent_id": "agent-spoofing_layering",
    "order_id": "scenario-423-spoofing_layering-agent-spoofing_layering-19",
    "action": "new",
    "side": "sell",
    "price": 65468.14186999999,
    "quantity": 0.5,
    "remaining_quantity": 0.5
  },
  {
    "event_id": "57d3b846c4f0a3b86ebb26b4bc83733be1e845da54a301dc15b2d2348aea607d",
    "schema_version": "1.0.0",
    "event_type": "agent_order",
    "source": "synthetic_agent",
    "symbol": "BTCUSDT",
    "exchange": "binance_usdm",
    "timestamp": "2024-05-01T00:00:01Z",
    "sequence": 20,
    "scenario_id": "scenario-423-spoofing_layering",
    "agent_id": "agent-spoofing_layering",
    "order_id": "scenario-423-spoofing_layering-agent-spoofing_layering-20",
    "action": "new",
    "side": "sell",
    "price": 65468.79609999999,
    "quantity": 0.5,
    "remaining_quantity": 0.5
  },
  {
    "event_id": "a205edda26309f33edb9be7cf07677ade1671c003ad1236e07a1ee9c8dd32406",
    "schema_version": "1.0.0",
    "event_type": "agent_order",
    "source": "synthetic_agent",
    "symbol": "BTCUSDT",
    "exchange": "binance_usdm",
    "timestamp": "2024-05-01T00:00:01.050000Z",
    "sequence": 21,
    "scenario_id": "scenario-423-spoofing_layering",
    "agent_id": "agent-spoofing_layering",
    "order_id": "scenario-423-spoofing_layering-agent-spoofing_layering-21",
    "action": "new",
    "side": "sell",
    "price": 65469.45033,
    "quantity": 0.5,
    "remaining_quantity": 0.5
  },
  {
    "event_id": "a4792802daa1942697fb8c1baf2a652b68108d9f08754ec9f859f125c8ec2fca",
    "schema_version": "1.0.0",
    "event_type": "agent_order",
    "source": "synthetic_agent",
    "symbol": "BTCUSDT",
    "exchange": "binance_usdm",
    "timestamp": "2024-05-01T00:00:01.100000Z",
    "sequence": 22,
    "scenario_id": "scenario-423-spoofing_layering",
    "agent_id": "agent-spoofing_layering",
    "order_id": "scenario-423-spoofing_layering-agent-spoofing_layering-22",
    "action": "new",
    "side": "sell",
    "price": 65470.10456000001,
    "quantity": 0.5,
    "remaining_quantity": 0.5
  },
  {
    "event_id": "584034c3fa30eaefeb285ee0f8c5e9ed7b73cf6ac694e72b2d1adeb060de9ca3",
    "schema_version": "1.0.0",
    "event_type": "agent_order",
    "source": "synthetic_agent",
    "symbol": "BTCUSDT",
    "exchange": "binance_usdm",
    "timestamp": "2024-05-01T00:00:01.150000Z",
    "sequence": 23,
    "scenario_id": "scenario-423-spoofing_layering",
    "agent_id": "agent-spoofing_layering",
    "order_id": "scenario-423-spoofing_layering-agent-spoofing_layering-23",
    "action": "new",
    "side": "sell",
    "price": 65470.75878999999,
    "quantity": 0.5,
    "remaining_quantity": 0.5
  },
  {
    "event_id": "e24f51297bd1571ecbc1f80ba53f88346a4def5cdde97dba7cadf54e67cb0f03",
    "schema_version": "1.0.0",
    "event_type": "agent_order",
    "source": "synthetic_agent",
    "symbol": "BTCUSDT",
    "exchange": "binance_usdm",
    "timestamp": "2024-05-01T00:00:01.200000Z",
    "sequence": 24,
    "scenario_id": "scenario-423-spoofing_layering",
    "agent_id": "agent-spoofing_layering",
    "order_id": "scenario-423-spoofing_layering-agent-spoofing_layering-24",
    "action": "new",
    "side": "sell",
    "price": 65471.41302,
    "quantity": 0.5,
    "remaining_quantity": 0.5
  },
  {
    "event_id": "42959cd241cca75575d455819c489b28b6d1096c26b5dded09f366bebe7ed530",
    "schema_version": "1.0.0",
    "event_type": "agent_order",
    "source": "synthetic_agent",
    "symbol": "BTCUSDT",
    "exchange": "binance_usdm",
    "timestamp": "2024-05-01T00:00:01.250000Z",
    "sequence": 25,
    "scenario_id": "scenario-423-spoofing_layering",
    "agent_id": "agent-spoofing_layering",
    "order_id": "scenario-423-spoofing_layering-agent-spoofing_layering-25",
    "action": "new",
    "side": "sell",
    "price": 65472.06725,
    "quantity": 0.5,
    "remaining_quantity": 0.5
  },
  {
    "event_id": "37f2739830c5524cd4b154699169ea35257c6d294815f2e11b432ed8b1a317d4",
    "schema_version": "1.0.0",
    "event_type": "agent_order",
    "source": "synthetic_agent",
    "symbol": "BTCUSDT",
    "exchange": "binance_usdm",
    "timestamp": "2024-05-01T00:00:01.300000Z",
    "sequence": 26,
    "scenario_id": "scenario-423-spoofing_layering",
    "agent_id": "agent-spoofing_layering",
    "order_id": "scenario-423-spoofing_layering-agent-spoofing_layering-26",
    "action": "new",
    "side": "sell",
    "price": 65472.72147999999,
    "quantity": 0.5,
    "remaining_quantity": 0.5
  },
  {
    "event_id": "1dadefa35e5e8be1c883e1e32342619fadfd997132ca1334985017e45321422a",
    "schema_version": "1.0.0",
    "event_type": "agent_order",
    "source": "synthetic_agent",
    "symbol": "BTCUSDT",
    "exchange": "binance_usdm",
    "timestamp": "2024-05-01T00:00:01.350000Z",
    "sequence": 27,
    "scenario_id": "scenario-423-spoofing_layering",
    "agent_id": "agent-spoofing_layering",
    "order_id": "scenario-423-spoofing_layering-agent-spoofing_layering-27",
    "action": "new",
    "side": "sell",
    "price": 65473.37570999999,
    "quantity": 0.5,
    "remaining_quantity": 0.5
  },
  {
    "event_id": "7303b80ef9c8ea491ce8831a16b0ca95a7d9f3b3931b567c30b2379670c7d5e5",
    "schema_version": "1.0.0",
    "event_type": "agent_order",
    "source": "synthetic_agent",
    "symbol": "BTCUSDT",
    "exchange": "binance_usdm",
    "timestamp": "2024-05-01T00:00:01.400000Z",
    "sequence": 28,
    "scenario_id": "scenario-423-spoofing_layering",
    "agent_id": "agent-spoofing_layering",
    "order_id": "scenario-423-spoofing_layering-agent-spoofing_layering-28",
    "action": "new",
    "side": "sell",
    "price": 65474.02994,
    "quantity": 0.5,
    "remaining_quantity": 0.5
  },
  {
    "event_id": "86aeeb955881c1551c77437f9691cce59db938b5aaaa6e3f3cecb1e2db775c5c",
    "schema_version": "1.0.0",
    "event_type": "agent_order",
    "source": "synthetic_agent",
    "symbol": "BTCUSDT",
    "exchange": "binance_usdm",
    "timestamp": "2024-05-01T00:00:01.450000Z",
    "sequence": 29,
    "scenario_id": "scenario-423-spoofing_layering",
    "agent_id": "agent-spoofing_layering",
    "order_id": "scenario-423-spoofing_layering-agent-spoofing_layering-29",
    "action": "new",
    "side": "sell",
    "price": 65474.68416999999,
    "quantity": 0.5,
    "remaining_quantity": 0.5
  }
]