[
  {
    "event_id": "afd7f3306f677a131515239392f7c3586b79b5aa13746fa0d9c570191b47c22e",
    "schema_version": "1.0.0",
    "event_type": "agent_order",
    "source": "synthetic_agent",
    "symbol": "BTCUSDT",
    "exchange": "binance_usdm",
    "timestamp": "2024-05-01T00:00:00Z",
    "sequence": 0,
    "scenario_id": "scenario-428-latency_edge",
    "agent_id": "agent-latency_edge",
    "order_id": "scenario-428-latency_edge-agent-latency_edge-0",
    "action": "new",
    "side": "buy",
    "price": 65467.256799999996,
    "quantity": 0.006,
    "remaining_quantity": 0.006
  },
  {
    "event_id": "73440806881add0e1b83798d9ad2bd71c7b246afd8abf17755a37551f981624a",
    "schema_version": "1.0.0",
    "event_type": "agent_order",
    "source": "synthetic_agent",
    "symbol": "BTCUSDT",
    "exchange": "binance_usdm",
    "timestamp": "2024-05-01T00:00:00.008000Z",
    "sequence": 1,
    "scenario_id": "scenario-428-latency_edge",
    "agent_id": "agent-latency_edge",
    "order_id": "scenario-428-latency_edge-agent-latency_edge-1",
    "action": "new",
    "side": "buy",
    "price": 65467.256799999996,
    "quantity": 0.006,
    "remaining_quantity": 0.006
  },
  {
    "event_id": "f0476263c1ca1624ea2deb5e2e26e2a82136b86640a92571b8aad26db0e4e369",
    "schema_version": "1.0.0",
    "event_type": "agent_order",
    "source": "synthetic_agent",
    "symbol": "BTCUSDT",
    "exchange": "binance_usdm",
    "timestamp": "2024-05-01T00:00:00.016000Z",
    "sequence": 2,
    "scenario_id": "scenario-428-latency_edge",
    "agent_id": "agent-latency_edge",
    "order_id": "scenario-428-latency_edge-agent-latency_edge-2",
    "action": "new",
    "side": "sell",
    "price": 65388.7432,
    "quantity": 0.006,
    "remaining_quantity": 0.006
  },
  {
    "event_id": "a296f6ad29ead60ffd4d9f1c2bd05f57ea054bc5563951c466433ea72cc89dfe",
    "schema_version": "1.0.0",
    "event_type": "agent_order",
    "source": "synthetic_agent",
    "symbol": "BTCUSDT",
    "exchange": "binance_usdm",
    "timestamp": "2024-05-01T00:00:00.024000Z",
    "sequence": 3,
    "scenario_id": "scenario-428-latency_edge",
    "agent_id": "agent-latency_edge",
    "order_id": "scenario-428-latency_edge-agent-latency_edge-3",
    "action": "new",
    "side": "sell",
    "price": 65388.7432,
    "quantity": 0.006,
    "remaining_quantity": 0.006
  },
  {
    "event_id": "65ce615f6a632f7cebbc48c9e04329039234ccd98fdf6d7f1a134eb99b40df7e",
    "schema_version": "1.0.0",
    "event_type": "agent_order",
    "source": "synthetic_agent",
    "symbol": "BTCUSDT",
    "exchange": "binance_usdm",
    "timestamp": "2024-05-01T00:00:00.032000Z",
    "sequence": 4,
    "scenario_id": "scenario-428-latency_edge",
    "agent_id": "agent-latency_edge",
    "order_id": "scenario-428-latency_edge-agent-latency_edge-4",
    "action": "new",
    "side": "buy",
    "price": 65467.256799999996,
    "quantity": 0.006,
    "remaining_quantity": 0.006
  },
  {
    "event_id": "e0c330959ae73b10bfd2c9620ffe8d95e1b97ad8afd93471349f1fc15a7f7fc3",
    "schema_version": "1.0.0",
    "event_type": "agent_order",
    "source": "synthetic_agent",
    "symbol": "BTCUSDT",
    "exchange": "binance_usdm",
    "timestamp": "2024-05-01T00:00:00.040000Z",
    "sequence": 5,
    "scenario_id": "scenario-428-latency_edge",
    "agent_id": "agent-latency_edge",
    "order_id": "scenario-428-latency_edge-agent-latency_edge-5",
    "action": "new",
    "side": "buy",
    "price": 65467.256799999996,
    "quantity": 0.006,
    "remaining_quantity": 0.006
  },
  {
    "event_id": "15a093ed17dfdc943f7c721c0ab2c7a8cfa0d32b3ee171c4c9b57974fb54b3ed",
    "schema_version": "1.0.0",
    "event_type": "agent_order",
    "source": "synthetic_agent",
    "symbol": "BTCUSDT",
    "exchange": "binance_usdm",
    "timestamp": "2024-05-01T00:00:00.048000Z",
    "sequence": 6,
    "scenario_id": "scenario-428-latency_edge",
    "agent_id": "agent-latency_edge",
    "order_id": "scenario-428-latency_edge-agent-latency_edge-6",
    "action": "new",
    "side": "sell",
    "price": 65388.7432,
    "quantity": 0.006,
    "remaining_quantity": 0.006
  },
  {
    "event_id": "044cd3fd06fe00b4c2511ef4e97824a60bc0ce52641ef2462ef3c1858061bc7d",
    "schema_version": "1.0.0",
    "event_type": "agent_order",
    "source": "synthetic_agent",
    "symbol": "BTCUSDT",
    "exchange": "binance_usdm",
    "timestamp": "2024-05-01T00:00:00.056000Z",
    "sequence": 7,
    "scenario_id": "scenario-428-latency_edge",
    "agent_id": "agent-latency_edge",
    "order_id": "scenario-428-latency_edge-agent-latency_edge-7",
    "action": "new",
    "side": "sell",
    "price": 65388.7432,
    "quantity": 0.006,
    "remaining_quantity": 0.006
  },
  {
    "event_id": "6f94828e2b73a2edcba829544691dfb24fe573deead454f17946e174e4fbc465",
    "schema_version": "1.0.0",
    "event_type": "agent_order",
    "source": "synthetic_agent",
    "symbol": "BTCUSDT",
    "exchange": "binance_usdm",
    "timestamp": "2024-05-01T00:00:00.064000Z",
    "sequence": 8,
    "scenario_id": "scenario-428-latency_edge",
    "agent_id": "agent-latency_edge",
    "order_id": "scenario-428-latency_edge-agent-latency_edge-8",
    "action": "new",
    "side": "buy",
    "price": 65467.256799999996,
    "quantity": 0.006,
    "remaining_quantity": 0.006
  },
  {
    "event_id": "b2f5528cf4e8d554de0da3bdeb4fe254af07337aed1bdb008f028deb0d485514",
    "schema_version": "1.0.0",
    "event_type": "agent_order",
    "source": "synthetic_agent",
    "symbol": "BTCUSDT",
    "exchange": "binance_usdm",
    "timestamp": "2024-05-01T00:00:00.072000Z",
    "sequence": 9,
    "scenario_id": "scenario-428-latency_edge",
    "agent_id": "agent-latency_edge",
    "order_id": "scenario-428-latency_edge-agent-latency_edge-9",
    "action": "new",
    "side": "buy",
    "price": 65467.256799999996,
    "quantity": 0.006,
    "remaining_quantity": 0.006
  },
  {
    "event_id": "16cd5ea791c4ac0d2f40c2272b9a2dd1a7976eb07bd3628f6f87c412dfeee720",
    "schema_version": "1.0.0",
    "event_type": "agent_order",
    "source": "synthetic_agent",
    "symbol": "BTCUSDT",
    "exchange": "binance_usdm",
    "timestamp": "2024-05-01T00:00:00.080000Z",
    "sequence": 10,
    "scenario_id": "scenario-428-latency_edge",
    "agent_id": "agent-latency_edge",
    "order_id": "scenario-428-latency_edge-agent-latency_edge-10",
    "action": "new",
    "side": "sell",
    "price": 65388.7432,
    "quantity": 0.006,
    "remaining_quantity": 0.006
  },
  {
    "event_id": "b0d075a8ce384d62076493d56108437c3fb8af145b05b25244a5ce75c7107348",
    "schema_version": "1.0.0",
    "event_type": "agent_order",
    "source": "synthetic_agent",
    "symbol": "BTCUSDT",
    "exchange": "binance_usdm",
    "timestamp": "2024-05-01T00:00:00.088000Z",
    "sequence": 11,
    "scenario_id": "scenario-428-latency_edge",
    "agent_id": "agent-latency_edge",
    "order_id": "scenario-428-latency_edge-agent-latency_edge-11",
    "action": "new",
    "side": "sell",
    "price": 65388.7432,
    "quantity": 0.006,
    "remaining_quantity": 0.006
  },
  {
    "event_id": "9d5afac6e2f23ef179c9945e8be8ee0442daa8da42110069a14059a34944686a",
    "schema_version": "1.0.0",
    "event_type": "agent_order",
    "source": "synthetic_agent",
    "symbol": "BTCUSDT",
    "exchange": "binance_usdm",
    "timestamp": "2024-05-01T00:00:00.096000Z",
    "sequence": 12,
    "scenario_id": "scenario-428-latency_edge",
    "agent_id": "agent-latency_edge",
    "order_id": "scenario-428-latency_edge-agent-latency_edge-12",
    "action": "new",
    "side": "buy",
    "price": 65467.256799999996,
    "quantity": 0.006,
    "remaining_quantity": 0.006
  },
  {
    "event_id": "b74504aa314db94102b7d320a097243b1eb47ff6007df4b536fc14b1ed09bfd3",
    "schema_version": "1.0.0",
    "event_type": "agent_order",
    "source": "synthetic_agent",
    "symbol": "BTCUSDT",
    "exchange": "binance_usdm",
    "timestamp": "2024-05-01T00:00:00.104000Z",
    "sequence": 13,
    "scenario_id": "scenario-428-latency_edge",
    "agent_id": "agent-latency_edge",
    "order_id": "scenario-428-latency_edge-agent-latency_edge-13",
    "action": "new",
    "side": "buy",
    "price": 65467.256799999996,
    "quantity": 0.006,
    "remaining_quantity": 0.006
  },
  {
    "event_id": "7b155a4a09f26d495899365ee7507d510727af30122e064624afb0f24357bc62",
    "schema_version": "1.0.0",
    "event_type": "agent_order",
    "source": "synthetic_agent",
    "symbol": "BTCUSDT",
    "exchange": "binance_usdm",
    "timestamp": "2024-05-01T00:00:00.112000Z",
    "sequence": 14,
    "scenario_id": "scenario-428-latency_edge",
    "agent_id": "agent-latency_edge",
    "order_id": "scenario-428-latency_edge-agent-latency_edge-14",
    "action": "new",
    "side": "sell",
    "price": 65388.7432,
    "quantity": 0.006,
    "remaining_quantity": 0.006
  },
  {
    "event_id": "94aee70de09bafb610ae1379f8ee125bb61da33006d4e4977e5d710cdeb19ad4",
    "schema_version": "1.0.0",
    "event_type": "agent_order",
    "source": "synthetic_agent",
    "symbol": "BTCUSDT",
    "exchange": "binance_usdm",
    "timestamp": "2024-05-01T00:00:00.120000Z",
    "sequence": 15,
    "scenario_id": "scenario-428-latency_edge",
    "agent_id": "agent-latency_edge",
    "order_id": "scenario-428-latency_edge-agent-latency_edge-15",
    "action": "new",
    "side": "sell",
    "price": 65388.7432,
    "quantity": 0.006,
    "remaining_quantity": 0.006
  },
  {
    "event_id": "b52a2444e3bc50d80422c5ba39cfd8753701295015824f39fb0b38055688eed8",
    "schema_version": "1.0.0",
    "event_type": "agent_order",
    "source": "synthetic_agent",
    "symbol": "BTCUSDT",
    "exchange": "binance_usdm",
    "timestamp": "2024-05-01T00:00:00.128000Z",
    "sequence": 16,
    "scenario_id": "scenario-428-latency_edge",
    "agent_id": "agent-latency_edge",
    "order_id": "scenario-428-latency_edge-agent-latency_edge-16",
    "action": "new",
    "side": "buy",
    "price": 65467.256799999996,
    "quantity": 0.006,
    "remaining_quantity": 0.006
  },
  {
    "event_id": "011bf837f8e1d3018bc42a321a9a86037997ee611df727c9f484909e7c67c67f",
    "schema_version": "1.0.0",
    "event_type": "agent_order",
    "source": "synthetic_agent",
    "symbol": "BTCUSDT",
    "exchange": "binance_usdm",
    "timestamp": "2024-05-01T00:00:00.136000Z",
    "sequence": 17,
    "scenario_id": "scenario-428-latency_edge",
    "agent_id": "agent-latency_edge",
    "order_id": "scenario-428-latency_edge-agent-latency_edge-17",
    "action": "new",
    "side": "buy",
    "price": 65467.256799999996,
    "quantity": 0.006,
    "remaining_quantity": 0.006
  },
  {
    "event_id": "20038d1df45dff7a5eef36edb483ce3c91f40d999a8c4d45861daba9eb092025",
    "schema_version": "1.0.0",
    "event_type": "agent_order",
    "source": "synthetic_agent",
    "symbol": "BTCUSDT",
    "exchange": "binance_usdm",
    "timestamp": "2024-05-01T00:00:00.144000Z",
    "sequence": 18,
    "scenario_id": "scenario-428-latency_edge",
    "agent_id": "agent-latency_edge",
    "order_id": "scenario-428-latency_edge-agent-latency_edge-18",
    "action": "new",
    "side": "sell",
    "price": 65388.7432,
    "quantity": 0.006,
    "remaining_quantity": 0.006
  },
  {
    "event_id": "3a20cfa4a06a6212b7272dc018740574ae5710001f841462c6cc3e0aef9378a7",
    "schema_version": "1.0.0",
    "event_type": "agent_order",
    "source": "synthetic_agent",
    "symbol": "BTCUSDT",
    "exchange": "binance_usdm",
    "timestamp": "2024-05-01T00:00:00.152000Z",
    "sequence": 19,
    "scenario_id": "scenario-428-latency_edge",
    "agent_id": "agent-latency_edge",
    "order_id": "scenario-428-latency_edge-agent-latency_edge-19",
    "action": "new",
    "side": "sell",
    "price": 65388.7432,
    "quantity": 0.006,
    "remaining_quantity": 0.006
  },
  {
    "event_id": "3501dd06a13972936c2493d25fcadd4fcf7e16cb0417941577e55e2ba95b5bfd",
    "schema_version": "1.0.0",
    "event_type": "agent_order",
    "source": "synthetic_agent",
    "symbol": "BTCUSDT",
    "exchange": "binance_usdm",
    "timestamp": "2024-05-01T00:00:00.160000Z",
    "sequence": 20,
    "scenario_id": "scenario-428-latency_edge",
    "agent_id": "agent-latency_edge",
    "order_id": "scenario-428-latency_edge-agent-latency_edge-20",
    "action": "new",
    "side": "buy",
    "price": 65467.256799999996,
    "quantity": 0.006,
    "remaining_quantity": 0.006
  },
  {
    "event_id": "77a0a5d34fdf530d903a7a1f5e178fa9a5eb6b53ad321220c3648777c18ff80f",
    "schema_version": "1.0.0",
    "event_type": "agent_order",
    "source": "synthetic_agent",
    "symbol": "BTCUSDT",
    "exchange": "binance_usdm",
    "timestamp": "2024-05-01T00:00:00.168000Z",
    "sequence": 21,
    "scenario_id": "scenario-428-latency_edge",
    "agent_id": "agent-latency_edge",
    "order_id": "scenario-428-latency_edge-agent-latency_edge-21",
    "action": "new",
    "side": "buy",
    "price": 65467.256799999996,
    "quantity": 0.006,
    "remaining_quantity": 0.006
  },
  {
    "event_id": "4f610150663db55058409b708d76b7ebe698db0d1c62bb245f1c71fedbf81b08",
    "schema_version": "1.0.0",
    "event_type": "agent_order",
    "source": "synthetic_agent",
    "symbol": "BTCUSDT",
    "exchange": "binance_usdm",
    "timestamp": "2024-05-01T00:00:00.176000Z",
    "sequence": 22,
    "scenario_id": "scenario-428-latency_edge",
    "agent_id": "agent-latency_edge",
    "order_id": "scenario-428-latency_edge-agent-latency_edge-22",
    "action": "new",
    "side": "sell",
    "price": 65388.7432,
    "quantity": 0.006,
    "remaining_quantity": 0.006
  },
  {
    "event_id": "6c57e46dabed907749a8889612ef4ff8126dd3ca78e8a96e4f22faf6cdad2fe1",
    "schema_version": "1.0.0",
    "event_type": "agent_order",
    "source": "synthetic_agent",
    "symbol": "BTCUSDT",
    "exchange": "binance_usdm",
    "timestamp": "2024-05-01T00:00:00.184000Z",
    "sequence": 23,
    "scenario_id": "scenario-428-latency_edge",
    "agent_id": "agent-latency_edge",
    "order_id": "scenario-428-latency_edge-agent-latency_edge-23",
    "action": "new",
    "side": "sell",
    "price": 65388.7432,
    "quantity": 0.006,
    "remaining_quantity": 0.006
  },
  {
    "event_id": "95b8595b13021d1fd2776e5b39a8a6bd388c4e595c46e65d63cfe772b0073e27",
    "schema_version": "1.0.0",
    "event_type": "agent_order",
    "source": "synthetic_agent",
    "symbol": "BTCUSDT",
    "exchange": "binance_usdm",
    "timestamp": "2024-05-01T00:00:00.192000Z",
    "sequence": 24,
    "scenario_id": "scenario-428-latency_edge",
    "agent_id": "agent-latency_edge",
    "order_id": "scenario-428-latency_edge-agent-latency_edge-24",
    "action": "new",
    "side": "buy",
    "price": 65467.256799999996,
    "quantity": 0.006,
    "remaining_quantity": 0.006
  },
  {
    "event_id": "fb79ba401edcacb215e716b33ef72719051e18f6d9722fc05a4aa1ca27bee674",
    "schema_version": "1.0.0",
    "event_type": "agent_order",
    "source": "synthetic_agent",
    "symbol": "BTCUSDT",
    "exchange": "binance_usdm",
    "timestamp": "2024-05-01T00:00:00.200000Z",
    "sequence": 25,
    "scenario_id": "scenario-428-latency_edge",
    "agent_id": "agent-latency_edge",
    "order_id": "scenario-428-latency_edge-agent-latency_edge-25",
    "action": "new",
    "side": "buy",
    "price": 65467.256799999996,
    "quantity": 0.006,
    "remaining_quantity": 0.006
  },
  {
    "event_id": "bbc85c1551274d561269002a48484c2c368c43686e9900d34dc7dda8a7baf387",
    "schema_version": "1.0.0",
    "event_type": "agent_order",
    "source": "synthetic_agent",
    "symbol": "BTCUSDT",
    "exchange": "binance_usdm",
    "timestamp": "2024-05-01T00:00:00.208000Z",
    "sequence": 26,
    "scenario_id": "scenario-428-latency_edge",
    "agent_id": "agent-latency_edge",
    "order_id": "scenario-428-latency_edge-agent-latency_edge-26",
    "action": "new",
    "side": "sell",
    "price": 65388.7432,
    "quantity": 0.006,
    "remaining_quantity": 0.006
  },
  {
    "event_id": "ee20890dc28b279694a0c2a331ee339882dd016a895ef7cd84eacee916a83d64",
    "schema_version": "1.0.0",
    "event_type": "agent_order",
    "source": "synthetic_agent",
    "symbol": "BTCUSDT",
    "exchange": "binance_usdm",
    "timestamp": "2024-05-01T00:00:00.216000Z",
    "sequence": 27,
    "scenario_id": "scenario-428-latency_edge",
    "agent_id": "agent-latency_edge",
    "order_id": "scenario-428-latency_edge-agent-latency_edge-27",
    "action": "new",
    "side": "sell",
    "price": 65388.7432,
    "quantity": 0.006,
    "remaining_quantity": 0.006
  },
  {
    "event_id": "064e82c8373045edfbf34e559d206d38f1def3f2af08ce41794ac65e20175101",
    "schema_version": "1.0.0",
    "event_type": "agent_order",
    "source": "synthetic_agent",
    "symbol": "BTCUSDT",
    "exchange": "binance_usdm",
    "timestamp": "2024-05-01T00:00:00.224000Z",
    "sequence": 28,
    "scenario_id": "scenario-428-latency_edge",
    "agent_id": "agent-latency_edge",
    "order_id": "scenario-428-latency_edge-agent-latency_edge-28",
    "action": "new",
    "side": "buy",
    "price": 65467.256799999996,
    "quantity": 0.006,
    "remaining_quantity": 0.006
  },
  {
    "event_id": "3247fe3a011e6700d5e60cabea7a0803a95e2acb53aef8a131d3dad6885c6ead",
    "schema_version": "1.0.0",
    "event_type": "agent_order",
    "source": "synthetic_agent",
    "symbol": "BTCUSDT",
    "exchange": "binance_usdm",
    "timestamp": "2024-05-01T00:00:00.232000Z",
    "sequence": 29,
    "scenario_id": "scenario-428-latency_edge",
    "agent_id": "agent-latency_edge",
    "order_id": "scenario-428-latency_edge-agent-latency_edge-29",
    "action": "new",
    "side": "buy",
    "price": 65467.256799999996,
    "quantity": 0.006,
    "remaining_quantity": 0.006
  }
]