[
  {
    "event_id": "ae48375b10835272a595fcb8588d77055d3a873a63e6d56139d23522484ba08c",
    "schema_version": "1.0.0",
    "event_type": "agent_order",
    "source": "synthetic_agent",
    "symbol": "BTCUSDT",
    "exchange": "binance_usdm",
    "timestamp": "2024-05-01T00:00:00Z",
    "sequence": 0,
    "scenario_id": "scenario-536-latency_edge",
    "agent_id": "agent-latency_edge",
    "order_id": "scenario-536-latency_edge-agent-latency_edge-0",
    "action": "new",
    "side": "buy",
    "price": 65575.3216,
    "quantity": 0.006,
    "remaining_quantity": 0.006
  },
  {
    "event_id": "40de79f2681522b662a6c31d60dd0b1c72311327439bc558ebed32924f6fdff1",
    "schema_version": "1.0.0",
    "event_type": "agent_order",
    "source": "synthetic_agent",
    "symbol": "BTCUSDT",
    "exchange": "binance_usdm",
    "timestamp": "2024-05-01T00:00:00.008000Z",
    "sequence": 1,
    "scenario_id": "scenario-536-latency_edge",
    "agent_id": "agent-latency_edge",
    "order_id": "scenario-536-latency_edge-agent-latency_edge-1",
    "action": "new",
    "side": "buy",
    "price": 65575.3216,
    "quantity": 0.006,
    "remaining_quantity": 0.006
  },
  {
    "event_id": "18cb31b4c0ed8ee25c59438914e5d533b66926a7f2421a75ff0f5be0159014a4",
    "schema_version": "1.0.0",
    "event_type": "agent_order",
    "source": "synthetic_agent",
    "symbol": "BTCUSDT",
    "exchange": "binance_usdm",
    "timestamp": "2024-05-01T00:00:00.016000Z",
    "sequence": 2,
    "scenario_id": "scenario-536-latency_edge",
    "agent_id": "agent-latency_edge",
    "order_id": "scenario-536-latency_edge-agent-latency_edge-2",
    "action": "new",
    "side": "sell",
    "price": 65496.6784,
    "quantity": 0.006,
    "remaining_quantity": 0.006
  },
  {
    "event_id": "ef0331cdd555aa36ddf1ad39a0908d7ac79fd2c6588f11866ff72bb59602486d",
    "schema_version": "1.0.0",
    "event_type": "agent_order",
    "source": "synthetic_agent",
    "symbol": "BTCUSDT",
    "exchange": "binance_usdm",
    "timestamp": "2024-05-01T00:00:00.024000Z",
    "sequence": 3,
    "scenario_id": "scenario-536-latency_edge",
    "agent_id": "agent-latency_edge",
    "order_id": "scenario-536-latency_edge-agent-latency_edge-3",
    "action": "new",
    "side": "sell",
    "price": 65496.6784,
    "quantity": 0.006,
    "remaining_quantity": 0.006
  },
  {
    "event_id": "bddc91efbf264c6cb64ef79535ac70225455b95623b5016ff1fe42470c77fb8d",
    "schema_version": "1.0.0",
    "event_type": "agent_order",
    "source": "synthetic_agent",
    "symbol": "BTCUSDT",
    "exchange": "binance_usdm",
    "timestamp": "2024-05-01T00:00:00.032000Z",
    "sequence": 4,
    "scenario_id": "scenario-536-latency_edge",
    "agent_id": "agent-latency_edge",
    "order_id": "scenario-536-latency_edge-agent-latency_edge-4",
    "action": "new",
    "side": "buy",
    "price": 65575.3216,
    "quantity": 0.006,
    "remaining_quantity": 0.006
  },
  {
    "event_id": "3b2297f34e794d0c0d1c9d1135d6c1594a974801e3ee1f20a9b77c2c295658bc",
    "schema_version": "1.0.0",
    "event_type": "agent_order",
    "source": "synthetic_agent",
    "symbol": "BTCUSDT",
    "exchange": "binance_usdm",
    "timestamp": "2024-05-01T00:00:00.040000Z",
    "sequence": 5,
    "scenario_id": "scenario-536-latency_edge",
    "agent_id": "agent-latency_edge",
    "order_id": "scenario-536-latency_edge-agent-latency_edge-5",
    "action": "new",
    "side": "buy",
    "price": 65575.3216,
    "quantity": 0.006,
    "remaining_quantity": 0.006
  },
  {
    "event_id": "e55ad52ab835c3a8296c28af333e102dddccbfc725d617ae62b32ea0efb6767b",
    "schema_version": "1.0.0",
    "event_type": "agent_order",
    "source": "synthetic_agent",
    "symbol": "BTCUSDT",
    "exchange": "binance_usdm",
    "timestamp": "2024-05-01T00:00:00.048000Z",
    "sequence": 6,
    "scenario_id": "scenario-536-latency_edge",
    "agent_id": "agent-latency_edge",
    "order_id": "scenario-536-latency_edge-agent-latency_edge-6",
    "action": "new",
    "side": "sell",
    "price": 65496.6784,
    "quantity": 0.006,
    "remaining_quantity": 0.006
  },
  {
    "event_id": "35c4947ab5477a254f191e0156663562fb3443e9d80567e35518e868ce260184",
    "schema_version": "1.0.0",
    "event_type": "agent_order",
    "source": "synthetic_agent",
    "symbol": "BTCUSDT",
    "exchange": "binance_usdm",
    "timestamp": "2024-05-01T00:00:00.056000Z",
    "sequence": 7,
    "scenario_id": "scenario-536-latency_edge",
    "agent_id": "agent-latency_edge",
    "order_id": "scenario-536-latency_edge-agent-latency_edge-7",
    "action": "new",
    "side": "sell",
    "price": 65496.6784,
    "quantity": 0.006,
    "remaining_quantity": 0.006
  },
  {
    "event_id": "98f6e73ad83e35412c22d1ff7aab5c8e9b05dcd75f5ae6f2bf656207bd422ac6",
    "schema_version": "1.0.0",
    "event_type": "agent_order",
    "source": "synthetic_agent",
    "symbol": "BTCUSDT",
    "exchange": "binance_usdm",
    "timestamp": "2024-05-01T00:00:00.064000Z",
    "sequence": 8,
    "scenario_id": "scenario-536-latency_edge",
    "agent_id": "agent-latency_edge",
    "order_id": "scenario-536-latency_edge-agent-latency_edge-8",
    "action": "new",
    "side": "buy",
    "price": 65575.3216,
    "quantity": 0.006,
    "remaining_quantity": 0.006
  },
  {
    "event_id": "9bfa7714dd9665e7bdf3dee0dd50631c22e340d4a0c0c4b2ad09753d0ca644df",
    "schema_version": "1.0.0",
    "event_type": "agent_order",
    "source": "synthetic_agent",
    "symbol": "BTCUSDT",
    "exchange": "binance_usdm",
    "timestamp": "2024-05-01T00:00:00.072000Z",
    "sequence": 9,
    "scenario_id": "scenario-536-latency_edge",
    "agent_id": "agent-latency_edge",
    "order_id": "scenario-536-latency_edge-agent-latency_edge-9",
    "action": "new",
    "side": "buy",
    "price": 65575.3216,
    "quantity": 0.006,
    "remaining_quantity": 0.006
  },
  {
    "event_id": "a96f94732000dd93bf1e28353fb1441f5749160a7bc0fbd996726c879bb202f1",
    "schema_version": "1.0.0",
    "event_type": "agent_order",
    "source": "synthetic_agent",
    "symbol": "BTCUSDT",
    "exchange": "binance_usdm",
    "timestamp": "2024-05-01T00:00:00.080000Z",
    "sequence": 10,
    "scenario_id": "scenario-536-latency_edge",
    "agent_id": "agent-latency_edge",
    "order_id": "scenario-536-latency_edge-agent-latency_edge-10",
    "action": "new",
    "side": "sell",
    "price": 65496.6784,
    "quantity": 0.006,
    "remaining_quantity": 0.006
  },
  {
    "event_id": "1b162c45506a76c502e46dbe137d0f310928425bd321c72e7a407075460cb48e",
    "schema_version": "1.0.0",
    "event_type": "agent_order",
    "source": "synthetic_agent",
    "symbol": "BTCUSDT",
    "exchange": "binance_usdm",
    "timestamp": "2024-05-01T00:00:00.088000Z",
    "sequence": 11,
    "scenario_id": "scenario-536-latency_edge",
    "agent_id": "agent-latency_edge",
    "order_id": "scenario-536-latency_edge-agent-latency_edge-11",
    "action": "new",
    "side": "sell",
    "price": 65496.6784,
    "quantity": 0.006,
    "remaining_quantity": 0.006
  },
  {
    "event_id": "9bd521865f53b08a9da8e8410dc73c1dfe76a2bfa7d63ba6130e123d3eb7e5f6",
    "schema_version": "1.0.0",
    "event_type": "agent_order",
    "source": "synthetic_agent",
    "symbol": "BTCUSDT",
    "exchange": "binance_usdm",
    "timestamp": "2024-05-01T00:00:00.096000Z",
    "sequence": 12,
    "scenario_id": "scenario-536-latency_edge",
    "agent_id": "agent-latency_edge",
    "order_id": "scenario-536-latency_edge-agent-latency_edge-12",
    "action": "new",
    "side": "buy",
    "price": 65575.3216,
    "quantity": 0.006,
    "remaining_quantity": 0.006
  },
  {
    "event_id": "af082713082c266b2eb2c74bddbd3c1cafd3b1f7ccd7a8ad1c709891aa7c8d4d",
    "schema_version": "1.0.0",
    "event_type": "agent_order",
    "source": "synthetic_agent",
    "symbol": "BTCUSDT",
    "exchange": "binance_usdm",
    "timestamp": "2024-05-01T00:00:00.104000Z",
    "sequence": 13,
    "scenario_id": "scenario-536-latency_edge",
    "agent_id": "agent-latency_edge",
    "order_id": "scenario-536-latency_edge-agent-latency_edge-13",
    "action": "new",
    "side": "buy",
    "price": 65575.3216,
    "quantity": 0.006,
    "remaining_quantity": 0.006
  },
  {
    "event_id": "dc4598ae1ef9a1582bad17939911386d7cd9f08b2253dcfc29f6aa269985d5f2",
    "schema_version": "1.0.0",
    "event_type": "agent_order",
    "source": "synthetic_agent",
    "symbol": "BTCUSDT",
    "exchange": "binance_usdm",
    "timestamp": "2024-05-01T00:00:00.112000Z",
    "sequence": 14,
    "scenario_id": "scenario-536-latency_edge",
    "agent_id": "agent-latency_edge",
    "order_id": "scenario-536-latency_edge-agent-latency_edge-14",
    "action": "new",
    "side": "sell",
    "price": 65496.6784,
    "quantity": 0.006,
    "remaining_quantity": 0.006
  },
  {
    "event_id": "f98f28a3599aac778b8ce1594cc06d37d6c737b0cfc8b1a6f7eb7bd8bd50233e",
    "schema_version": "1.0.0",
    "event_type": "agent_order",
    "source": "synthetic_agent",
    "symbol": "BTCUSDT",
    "exchange": "binance_usdm",
    "timestamp": "2024-05-01T00:00:00.120000Z",
    "sequence": 15,
    "scenario_id": "scenario-536-latency_edge",
    "agent_id": "agent-latency_edge",
    "order_id": "scenario-536-latency_edge-agent-latency_edge-15",
    "action": "new",
    "side": "sell",
    "price": 65496.6784,
    "quantity": 0.006,
    "remaining_quantity": 0.006
  },
  {
    "event_id": "f103c6275ee4368568b060c0aa613969ce076f48615884cce3edea11738b1f1b",
    "schema_version": "1.0.0",
    "event_type": "agent_order",
    "source": "synthetic_agent",
    "symbol": "BTCUSDT",
    "exchange": "binance_usdm",
    "timestamp": "2024-05-01T00:00:00.128000Z",
    "sequence": 16,
    "scenario_id": "scenario-536-latency_edge",
    "agent_id": "agent-latency_edge",
    "order_id": "scenario-536-latency_edge-agent-latency_edge-16",
    "action": "new",
    "side": "buy",
    "price": 65575.3216,
    "quantity": 0.006,
    "remaining_quantity": 0.006
  },
  {
    "event_id": "215194804dbc65713feb0f9b5991506687b55f0696c31137c570db406dc5dc75",
    "schema_version": "1.0.0",
    "event_type": "agent_order",
    "source": "synthetic_agent",
    "symbol": "BTCUSDT",
    "exchange": "binance_usdm",
    "timestamp": "2024-05-01T00:00:00.136000Z",
    "sequence": 17,
    "scenario_id": "scenario-536-latency_edge",
    "agent_id": "agent-latency_edge",
    "order_id": "scenario-536-latency_edge-agent-latency_edge-17",
    "action": "new",
    "side": "buy",
    "price": 65575.3216,
    "quantity": 0.006,
    "remaining_quantity": 0.006
  },
  {
    "event_id": "fc43d565044b3607d0ca1881dba0f3352b9e12b476fba0068234df538fc28f63",
    "schema_version": "1.0.0",
    "event_type": "agent_order",
    "source": "synthetic_agent",
    "symbol": "BTCUSDT",
    "exchange": "binance_usdm",
    "timestamp": "2024-05-01T00:00:00.144000Z",
    "sequence": 18,
    "scenario_id": "scenario-536-latency_edge",
    "agent_id": "agent-latency_edge",
    "order_id": "scenario-536-latency_edge-agent-latency_edge-18",
    "action": "new",
    "side": "sell",
    "price": 65496.6784,
    "quantity": 0.006,
    "remaining_quantity": 0.006
  },
  {
    "event_id": "0cd8ada9a7aa891d8b49eb6713dfbbbfce3e0ae5c85605b50544096df9febbd5",
    "schema_version": "1.0.0",
    "event_type": "agent_order",
    "source": "synthetic_agent",
    "symbol": "BTCUSDT",
    "exchange": "binance_usdm",
    "timestamp": "2024-05-01T00:00:00.152000Z",
    "sequence": 19,
    "scenario_id": "scenario-536-latency_edge",
    "agent_id": "agent-latency_edge",
    "order_id": "scenario-536-latency_edge-agent-latency_edge-19",
    "action": "new",
    "side": "sell",
    "price": 65496.6784,
    "quantity": 0.006,
    "remaining_quantity": 0.006
  },
  {
    "event_id": "b7bab07f2c86c80e558db91e56e4bc145e565cdd7ca456caaa0c7da3dab32bd5",
    "schema_version": "1.0.0",
    "event_type": "agent_order",
    "source": "synthetic_agent",
    "symbol": "BTCUSDT",
    "exchange": "binance_usdm",
    "timestamp": "2024-05-01T00:00:00.160000Z",
    "sequence": 20,
    "scenario_id": "scenario-536-latency_edge",
    "agent_id": "agent-latency_edge",
    "order_id": "scenario-536-latency_edge-agent-latency_edge-20",
    "action": "new",
    "side": "buy",
    "price": 65575.3216,
    "quantity": 0.006,
    "remaining_quantity": 0.006
  },
  {
    "event_id": "1e1c8d4aaa40d403234a465b50769d04c8a9417e92ffc485dfe8280704a121ad",
    "schema_version": "1.0.0",
    "event_type": "agent_order",
    "source": "synthetic_agent",
    "symbol": "BTCUSDT",
    "exchange": "binance_usdm",
    "timestamp": "2024-05-01T00:00:00.168000Z",
    "sequence": 21,
    "scenario_id": "scenario-536-latency_edge",
    "agent_id": "agent-latency_edge",
    "order_id": "scenario-536-latency_edge-agent-latency_edge-21",
    "action": "new",
    "side": "buy",
    "price": 65575.3216,
    "quantity": 0.006,
    "remaining_quantity": 0.006
  },
  {
    "event_id": "2fb56d761ec24828d286dd030475bf85df457c290327074ce08d8248715424b6",
    "schema_version": "1.0.0",
    "event_type": "agent_order",
    "source": "synthetic_agent",
    "symbol": "BTCUSDT",
    "exchange": "binance_usdm",
    "timestamp": "2024-05-01T00:00:00.176000Z",
    "sequence": 22,
    "scenario_id": "scenario-536-latency_edge",
    "agent_id": "agent-latency_edge",
    "order_id": "scenario-536-latency_edge-agent-latency_edge-22",
    "action": "new",
    "side": "sell",
    "price": 65496.6784,
    "quantity": 0.006,
    "remaining_quantity": 0.006
  },
  {
    "event_id": "2c770c612e45f58f4e3f9715a7c510a06bc719946355326294ae25297eb3cd79",
    "schema_version": "1.0.0",
    "event_type": "agent_order",
    "source": "synthetic_agent",
    "symbol": "BTCUSDT",
    "exchange": "binance_usdm",
    "timestamp": "2024-05-01T00:00:00.184000Z",
    "sequence": 23,
    "scenario_id": "scenario-536-latency_edge",
    "agent_id": "agent-latency_edge",
    "order_id": "scenario-536-latency_edge-agent-latency_edge-23",
    "action": "new",
    "side": "sell",
    "price": 65496.6784,
    "quantity": 0.006,
    "remaining_quantity": 0.006
  },
  {
    "event_id": "bd15967b34981a239c8fae7a2da1876114bdc1de0abfa77db22e5c89d78ee5ce",
    "schema_version": "1.0.0",
    "event_type": "agent_order",
    "source": "synthetic_agent",
    "symbol": "BTCUSDT",
    "exchange": "binance_usdm",
    "timestamp": "2024-05-01T00:00:00.192000Z",
    "sequence": 24,
    "scenario_id": "scenario-536-latency_edge",
    "agent_id": "agent-latency_edge",
    "order_id": "scenario-536-latency_edge-agent-latency_edge-24",
    "action": "new",
    "side": "buy",
    "price": 65575.3216,
    "quantity": 0.006,
    "remaining_quantity": 0.006
  },
  {
    "event_id": "1f4541375de5f6f6768654a10dd6438c49b1ce98924c8b3a48eb364a69e8fbbf",
    "schema_version": "1.0.0",
    "event_type": "agent_order",
    "source": "synthetic_agent",
    "symbol": "BTCUSDT",
    "exchange": "binance_usdm",
    "timestamp": "2024-05-01T00:00:00.200000Z",
    "sequence": 25,
    "scenario_id": "scenario-536-latency_edge",
    "agent_id": "agent-latency_edge",
    "order_id": "scenario-536-latency_edge-agent-latency_edge-25",
    "action": "new",
    "side": "buy",
    "price": 65575.3216,
    "quantity": 0.006,
    "remaining_quantity": 0.006
  },
  {
    "event_id": "3a6485f8906435240bdb04195f2ef09ae55b4e30f3acd03eb458235552c67e60",
    "schema_version": "1.0.0",
    "event_type": "agent_order",
    "source": "synthetic_agent",
    "symbol": "BTCUSDT",
    "exchange": "binance_usdm",
    "timestamp": "2024-05-01T00:00:00.208000Z",
    "sequence": 26,
    "scenario_id": "scenario-536-latency_edge",
    "agent_id": "agent-latency_edge",
    "order_id": "scenario-536-latency_edge-agent-latency_edge-26",
    "action": "new",
    "side": "sell",
    "price": 65496.6784,
    "quantity": 0.006,
    "remaining_quantity": 0.006
  },
  {
    "event_id": "bdf67c7d01f3242a1a76b3c39e07cc7fe38bfdd663d17c43e6e4d06686920b0f",
    "schema_version": "1.0.0",
    "event_type": "agent_order",
    "source": "synthetic_agent",
    "symbol": "BTCUSDT",
    "exchange": "binance_usdm",
    "timestamp": "2024-05-01T00:00:00.216000Z",
    "sequence": 27,
    "scenario_id": "scenario-536-latency_edge",
    "agent_id": "agent-latency_edge",
    "order_id": "scenario-536-latency_edge-agent-latency_edge-27",
    "action": "new",
    "side": "sell",
    "price": 65496.6784,
    "quantity": 0.006,
    "remaining_quantity": 0.006
  },
  {
    "event_id": "0bf4489a4ce6eb34a0545c17611ae4d0265e8ee4f921972806fbc91f925ed2b2",
    "schema_version": "1.0.0",
    "event_type": "agent_order",
    "source": "synthetic_agent",
    "symbol": "BTCUSDT",
    "exchange": "binance_usdm",
    "timestamp": "2024-05-01T00:00:00.224000Z",
    "sequence": 28,
    "scenario_id": "scenario-536-latency_edge",
    "agent_id": "agent-latency_edge",
    "order_id": "scenario-536-latency_edge-agent-latency_edge-28",
    "action": "new",
    "side": "buy",
    "price": 65575.3216,
    "quantity": 0.006,
    "remaining_quantity": 0.006
  },
  {
    "event_id": "f8af35b9745f5579daef7f51ae6f6070370fdfae0d43c2c4a2bfdab3ccf522d4",
    "schema_version": "1.0.0",
    "event_type": "agent_order",
    "source": "synthetic_agent",
    "symbol": "BTCUSDT",
    "exchange": "binance_usdm",
    "timestamp": "2024-05-01T00:00:00.232000Z",
    "sequence": 29,
    "scenario_id": "scenario-536-latency_edge",
    "agent_id": "agent-latency_edge",
    "order_id": "scenario-536-latency_edge-agent-latency_edge-29",
    "action": "new",
    "side": "buy",
    "price": 65575.3216,
    "quantity": 0.006,
    "remaining_quantity": 0.006
  }
]