[
  {
    "event_id": "f08dd4afa0ee74d139858313b0d7f5889ba4d50ebf1273f5d466b3c0e1c31b3f",
    "schema_version": "1.0.0",
    "event_type": "agent_order",
    "source": "synthetic_agent",
    "symbol": "BTCUSDT",
    "exchange": "binance_usdm",
    "timestamp": "2024-05-01T00:00:00Z",
    "sequence": 0,
    "scenario_id": "scenario-103-coordinated_burst",
    "agent_id": "agent-coordinated_burst-0",
    "order_id": "scenario-103-coordinated_burst-agent-coordinated_burst-0-0",
    "action": "new",
    "side": "buy",
    "price": 65116.020599999996,
    "quantity": 0.04,
    "remaining_quantity": 0.04
  },
  {
    "event_id": "99958916ab04fde74445d6e4ea12340a5eb7644c005e55a2baabe34646e8eec6",
    "schema_version": "1.0.0",
    "event_type": "agent_order",
    "source": "synthetic_agent",
    "symbol": "BTCUSDT",
    "exchange": "binance_usdm",
    "timestamp": "2024-05-01T00:00:00.012000Z",
    "sequence": 1,
    "scenario_id": "scenario-103-coordinated_burst",
    "agent_id": "agent-coordinated_burst-1",
    "order_id": "scenario-103-coordinated_burst-agent-coordinated_burst-1-1",
    "action": "new",
    "side": "sell",
    "price": 65089.979400000004,
    "quantity": 0.04,
    "remaining_quantity": 0.04
  },
  {
    "event_id": "4c0400122500a1c638c657878c68db0fe2f7335e07921358ac4a1991039f538d",
    "schema_version": "1.0.0",
    "event_type": "agent_order",
    "source": "synthetic_agent",
    "symbol": "BTCUSDT",
    "exchange": "binance_usdm",
    "timestamp": "2024-05-01T00:00:00.024000Z",
    "sequence": 2,
    "scenario_id": "scenario-103-coordinated_burst",
    "agent_id": "agent-coordinated_burst-2",
    "order_id": "scenario-103-coordinated_burst-agent-coordinated_burst-2-2",
    "action": "new",
    "side": "sell",
    "price": 65089.979400000004,
    "quantity": 0.04,
    "remaining_quantity": 0.04
  },
  {
    "event_id": "50586add7e9d2d7db88cabee247bbdc0d0b7bbec36fdc0c1ebb181cedfde9572",
    "schema_version": "1.0.0",
    "event_type": "agent_order",
    "source": "synthetic_agent",
    "symbol": "BTCUSDT",
    "exchange": "binance_usdm",
    "timestamp": "2024-05-01T00:00:00.036000Z",
    "sequence": 3,
    "scenario_id": "scenario-103-coordinated_burst",
    "agent_id": "agent-coordinated_burst-0",
    "order_id": "scenario-103-coordinated_burst-agent-coordinated_burst-0-3",
    "action": "new",
    "side": "buy",
    "price": 65116.020599999996,
    "quantity": 0.04,
    "remaining_quantity": 0.04
  },
  {
    "event_id": "811267a8e71a07f14c4d5f930a54f99042cc114b7ff8a61169164c101c3e3f7e",
    "schema_version": "1.0.0",
    "event_type": "agent_order",
    "source": "synthetic_agent",
    "symbol": "BTCUSDT",
    "exchange": "binance_usdm",
    "timestamp": "2024-05-01T00:00:00.048000Z",
    "sequence": 4,
    "scenario_id": "scenario-103-coordinated_burst",
    "agent_id": "agent-coordinated_burst-1",
    "order_id": "scenario-103-coordinated_burst-agent-coordinated_burst-1-4",
    "action": "new",
    "side": "sell",
    "price": 65089.979400000004,
    "quantity": 0.04,
    "remaining_quantity": 0.04
  },
  {
    "event_id": "50dee0dc7e88a4878ce02dd72b791525e686745f76b6a96fcf4c7953b510ccce",
    "schema_version": "1.0.0",
    "event_type": "agent_order",
    "source": "synthetic_agent",
    "symbol": "BTCUSDT",
    "exchange": "binance_usdm",
    "timestamp": "2024-05-01T00:00:00.600000Z",
    "sequence": 5,
    "scenario_id": "scenario-103-coordinated_burst",
    "agent_id": "agent-coordinated_burst-2",
    "order_id": "scenario-103-coordinated_burst-agent-coordinated_burst-2-5",
    "action": "new",
    "side": "sell",
    "price": 65089.979400000004,
    "quantity": 0.04,
    "remaining_quantity": 0.04
  },
  {
    "event_id": "feb3e4b0017f3fdcc962624c5a8549fe3a85b2e8e3c2c7b11a3eb1348a3ae1da",
    "schema_version": "1.0.0",
    "event_type": "agent_order",
    "source": "synthetic_agent",
    "symbol": "BTCUSDT",
    "exchange": "binance_usdm",
    "timestamp": "2024-05-01T00:00:00.072000Z",
    "sequence": 6,
    "scenario_id": "scenario-103-coordinated_burst",
    "agent_id": "agent-coordinated_burst-0",
    "order_id": "scenario-103-coordinated_burst-agent-coordinated_burst-0-6",
    "action": "new",
    "side": "buy",
    "price": 65116.020599999996,
    "quantity": 0.04,
    "remaining_quantity": 0.04
  },
  {
    "event_id": "79c71004ad0307793cfef645c657d3c40b63c7014557423f09a289126003bba1",
    "schema_version": "1.0.0",
    "event_type": "agent_order",
    "source": "synthetic_agent",
    "symbol": "BTCUSDT",
    "exchange": "binance_usdm",
    "timestamp": "2024-05-01T00:00:00.084000Z",
    "sequence": 7,
    "scenario_id": "scenario-103-coordinated_burst",
    "agent_id": "agent-coordinated_burst-1",
    "order_id": "scenario-103-coordinated_burst-agent-coordinated_burst-1-7",
    "action": "new",
    "side": "sell",
    "price": 65089.979400000004,
    "quantity": 0.04,
    "remaining_quantity": 0.04
  },
  {
    "event_id": "711f8ae804946e1870a2511a5b0bf908298db7326c2e966bf60a492868bc1900",
    "schema_version": "1.0.0",
    "event_type": "agent_order",
    "source": "synthetic_agent",
    "symbol": "BTCUSDT",
    "exchange": "binance_usdm",
    "timestamp": "2024-05-01T00:00:00.096000Z",
    "sequence": 8,
    "scenario_id": "scenario-103-coordinated_burst",
    "agent_id": "agent-coordinated_burst-2",
    "order_id": "scenario-103-coordinated_burst-agent-coordinated_burst-2-8",
    "action": "new",
    "side": "sell",
    "price": 65089.979400000004,
    "quantity": 0.04,
    "remaining_quantity": 0.04
  },
  {
    "event_id": "a5633eeb4393d31e5c9868d763ae56a6fbc3812d6bb2b4b568ef57a63092a69b",
    "schema_version": "1.0.0",
    "event_type": "agent_order",
    "source": "synthetic_agent",
    "symbol": "BTCUSDT",
    "exchange": "binance_usdm",
    "timestamp": "2024-05-01T00:00:00.108000Z",
    "sequence": 9,
    "scenario_id": "scenario-103-coordinated_burst",
    "agent_id": "agent-coordinated_burst-0",
    "order_id": "scenario-103-coordinated_burst-agent-coordinated_burst-0-9",
    "action": "new",
    "side": "buy",
    "price": 65116.020599999996,
    "quantity": 0.04,
    "remaining_quantity": 0.04
  },
  {
    "event_id": "ac341b421707253405c7e2088fa7cca72c95991dc7718a276cdf594a80f91e1b",
    "schema_version": "1.0.0",
    "event_type": "agent_order",
    "source": "synthetic_agent",
    "symbol": "BTCUSDT",
    "exchange": "binance_usdm",
    "timestamp": "2024-05-01T00:00:01.200000Z",
    "sequence": 10,
    "scenario_id": "scenario-103-coordinated_burst",
    "agent_id": "agent-coordinated_burst-1",
    "order_id": "scenario-103-coordinated_burst-agent-coordinated_burst-1-10",
    "action": "new",
    "side": "sell",
    "price": 65089.979400000004,
    "quantity": 0.04,
    "remaining_quantity": 0.04
  },
  {
    "event_id": "7acd42c37556d1042fcdd3b20d1728c6455d4a06418185729f2bf80b3b812af4",
    "schema_version": "1.0.0",
    "event_type": "agent_order",
    "source": "synthetic_agent",
    "symbol": "BTCUSDT",
    "exchange": "binance_usdm",
    "timestamp": "2024-05-01T00:00:00.132000Z",
    "sequence": 11,
    "scenario_id": "scenario-103-coordinated_burst",
    "agent_id": "agent-coordinated_burst-2",
    "order_id": "scenario-103-coordinated_burst-agent-coordinated_burst-2-11",
    "action": "new",
    "side": "sell",
    "price": 65089.979400000004,
    "quantity": 0.04,
    "remaining_quantity": 0.04
  },
  {
    "event_id": "f709232fe103803e28ff6fae7878b77491d4b7346988dba3306b5a617d239a2e",
    "schema_version": "1.0.0",
    "event_type": "agent_order",
    "source": "synthetic_agent",
    "symbol": "BTCUSDT",
    "exchange": "binance_usdm",
    "timestamp": "2024-05-01T00:00:00.144000Z",
    "sequence": 12,
    "scenario_id": "scenario-103-coordinated_burst",
    "agent_id": "agent-coordinated_burst-0",
    "order_id": "scenario-103-coordinated_burst-agent-coordinated_burst-0-12",
    "action": "new",
    "side": "buy",
    "price": 65116.020599999996,
    "quantity": 0.04,
    "remaining_quantity": 0.04
  },
  {
    "event_id": "966dffbb5fe28a07b98cfad5a7234f9127ace7eef632df6af8169ac001771c39",
    "schema_version": "1.0.0",
    "event_type": "agent_order",
    "source": "synthetic_agent",
    "symbol": "BTCUSDT",
    "exchange": "binance_usdm",
    "timestamp": "2024-05-01T00:00:00.156000Z",
    "sequence": 13,
    "scenario_id": "scenario-103-coordinated_burst",
    "agent_id": "agent-coordinated_burst-1",
    "order_id": "scenario-103-coordinated_burst-agent-coordinated_burst-1-13",
    "action": "new",
    "side": "sell",
    "price": 65089.979400000004,
    "quantity": 0.04,
    "remaining_quantity": 0.04
  },
  {
    "event_id": "4c94ed1ab3007be8002531901c6f4e78c99154c391df77cbd18f3f3f8f8a892d",
    "schema_version": "1.0.0",
    "event_type": "agent_order",
    "source": "synthetic_agent",
    "symbol": "BTCUSDT",
    "exchange": "binance_usdm",
    "timestamp": "2024-05-01T00:00:00.168000Z",
    "sequence": 14,
    "scenario_id": "scenario-103-coordinated_burst",
    "agent_id": "agent-coordinated_burst-2",
    "order_id": "scenario-103-coordinated_burst-agent-coordinated_burst-2-14",
    "action": "new",
    "side": "sell",
    "price": 65089.979400000004,
    "quantity": 0.04,
    "remaining_quantity": 0.04
  },
  {
    "event_id": "7df3d6fe7829aea20e848aed7224966bfb09a6d93541852ef1b36e4852eff47b",
    "schema_version": "1.0.0",
    "event_type": "agent_order",
    "source": "synthetic_agent",
    "symbol": "BTCUSDT",
    "exchange": "binance_usdm",
    "timestamp": "2024-05-01T00:00:01.800000Z",
    "sequence": 15,
    "scenario_id": "scenario-103-coordinated_burst",
    "agent_id": "agent-coordinated_burst-0",
    "order_id": "scenario-103-coordinated_burst-agent-coordinated_burst-0-15",
    "action": "new",
    "side": "buy",
    "price": 65116.020599999996,
    "quantity": 0.04,
    "remaining_quantity": 0.04
  },
  {
    "event_id": "c56eed4fddc441cbecb8af82d9f422504653d8a1fe84b4482e1eaef6b7be87ca",
    "schema_version": "1.0.0",
    "event_type": "agent_order",
    "source": "synthetic_agent",
    "symbol": "BTCUSDT",
    "exchange": "binance_usdm",
    "timestamp": "2024-05-01T00:00:00.192000Z",
    "sequence": 16,
    "scenario_id": "scenario-103-coordinated_burst",
    "agent_id": "agent-coordinated_burst-1",
    "order_id": "scenario-103-coordinated_burst-agent-coordinated_burst-1-16",
    "action": "new",
    "side": "sell",
    "price": 65089.979400000004,
    "quantity": 0.04,
    "remaining_quantity": 0.04
  },
  {
    "event_id": "11d96d09c1506834c119b1aa4659244b5d028f075ac475b05fe43c5d8c91d6f6",
    "schema_version": "1.0.0",
    "event_type": "agent_order",
    "source": "synthetic_agent",
    "symbol": "BTCUSDT",
    "exchange": "binance_usdm",
    "timestamp": "2024-05-01T00:00:00.204000Z",
    "sequence": 17,
    "scenario_id": "scenario-103-coordinated_burst",
    "agent_id": "agent-coordinated_burst-2",
    "order_id": "scenario-103-coordinated_burst-agent-coordinated_burst-2-17",
    "action": "new",
    "side": "sell",
    "price": 65089.979400000004,
    "quantity": 0.04,
    "remaining_quantity": 0.04
  },
  {
    "event_id": "6b5e567aaa700bb94de03d47de0c9a8bc26545711bc042536a04f809063cf69c",
    "schema_version": "1.0.0",
    "event_type": "agent_order",
    "source": "synthetic_agent",
    "symbol": "BTCUSDT",
    "exchange": "binance_usdm",
    "timestamp": "2024-05-01T00:00:00.216000Z",
    "sequence": 18,
    "scenario_id": "scenario-103-coordinated_burst",
    "agent_id": "agent-coordinated_burst-0",
    "order_id": "scenario-103-coordinated_burst-agent-coordinated_burst-0-18",
    "action": "new",
    "side": "buy",
    "price": 65116.020599999996,
    "quantity": 0.04,
    "remaining_quantity": 0.04
  },
  {
    "event_id": "82ac3493d8e123f05e262b6fba33ec5b7d6b6ae7979719e1cc728f7b8238edd7",
    "schema_version": "1.0.0",
    "event_type": "agent_order",
    "source": "synthetic_agent",
    "symbol": "BTCUSDT",
    "exchange": "binance_usdm",
    "timestamp": "2024-05-01T00:00:00.228000Z",
    "sequence": 19,
    "scenario_id": "scenario-103-coordinated_burst",
    "agent_id": "agent-coordinated_burst-1",
    "order_id": "scenario-103-coordinated_burst-agent-coordinated_burst-1-19",
    "action": "new",
    "side": "sell",
    "price": 65089.979400000004,
    "quantity": 0.04,
    "remaining_quantity": 0.04
  },
  {
    "event_id": "e97197f99fa90feab3feaebbf026dda314b34cb49c7c8eba767703e8e8721f07",
    "schema_version": "1.0.0",
    "event_type": "agent_order",
    "source": "synthetic_agent",
    "symbol": "BTCUSDT",
    "exchange": "binance_usdm",
    "timestamp": "2024-05-01T00:00:02.400000Z",
    "sequence": 20,
    "scenario_id": "scenario-103-coordinated_burst",
    "agent_id": "agent-coordinated_burst-2",
    "order_id": "scenario-103-coordinated_burst-agent-coordinated_burst-2-20",
    "action": "new",
    "side": "sell",
    "price": 65089.979400000004,
    "quantity": 0.04,
    "remaining_quantity": 0.04
  },
  {
    "event_id": "4acde0e80a0653d1afe523ae3634259df663bcdd904dd60bd0cc6f8a759d3c78",
    "schema_version": "1.0.0",
    "event_type": "agent_order",
    "source": "synthetic_agent",
    "symbol": "BTCUSDT",
    "exchange": "binance_usdm",
    "timestamp": "2024-05-01T00:00:00.252000Z",
    "sequence": 21,
    "scenario_id": "scenario-103-coordinated_burst",
    "agent_id": "agent-coordinated_burst-0",
    "order_id": "scenario-103-coordinated_burst-agent-coordinated_burst-0-21",
    "action": "new",
    "side": "buy",
    "price": 65116.020599999996,
    "quantity": 0.04,
    "remaining_quantity": 0.04
  },
  {
    "event_id": "9148212f9f1f53b7fc7955ea9104910d37b35c64e8fee4629116366db0a477d6",
    "schema_version": "1.0.0",
    "event_type": "agent_order",
    "source": "synthetic_agent",
    "symbol": "BTCUSDT",
    "exchange": "binance_usdm",
    "timestamp": "2024-05-01T00:00:00.264000Z",
    "sequence": 22,
    "scenario_id": "scenario-103-coordinated_burst",
    "agent_id": "agent-coordinated_burst-1",
    "order_id": "scenario-103-coordinated_burst-agent-coordinated_burst-1-22",
    "action": "new",
    "side": "sell",
    "price": 65089.979400000004,
    "quantity": 0.04,
    "remaining_quantity": 0.04
  },
  {
    "event_id": "2bee73b7f45bdd0b0d95b5c7ba04e4ee33c12a7d8206accd138b2d3e0d6aee54",
    "schema_version": "1.0.0",
    "event_type": "agent_order",
    "source": "synthetic_agent",
    "symbol": "BTCUSDT",
    "exchange": "binance_usdm",
    "timestamp": "2024-05-01T00:00:00.276000Z",
    "sequence": 23,
    "scenario_id": "scenario-103-coordinated_burst",
    "agent_id": "agent-coordinated_burst-2",
    "order_id": "scenario-103-coordinated_burst-agent-coordinated_burst-2-23",
    "action": "new",
    "side": "sell",
    "price": 65089.979400000004,
    "quantity": 0.04,
    "remaining_quantity": 0.04
  },
  {
    "event_id": "591ca45be25a61e7d42a2cb3c3c8b835d8ce5925becd14b90707eb7090b34714",
    "schema_version": "1.0.0",
    "event_type": "agent_order",
    "source": "synthetic_agent",
    "symbol": "BTCUSDT",
    "exchange": "binance_usdm",
    "timestamp": "2024-05-01T00:00:00.288000Z",
    "sequence": 24,
    "scenario_id": "scenario-103-coordinated_burst",
    "agent_id": "agent-coordinated_burst-0",
    "order_id": "scenario-103-coordinated_burst-agent-coordinated_burst-0-24",
    "action": "new",
    "side": "buy",
    "price": 65116.020599999996,
    "quantity": 0.04,
    "remaining_quantity": 0.04
  },
  {
    "event_id": "5dfb312601abe565d91d18fc6a34a3799d723b9aa980eb95fd415ee8eb580758",
    "schema_version": "1.0.0",
    "event_type": "agent_order",
    "source": "synthetic_agent",
    "symbol": "BTCUSDT",
    "exchange": "binance_usdm",
    "timestamp": "2024-05-01T00:00:03Z",
    "sequence": 25,
    "scenario_id": "scenario-103-coordinated_burst",
    "agent_id": "agent-coordinated_burst-1",
    "order_id": "scenario-103-coordinated_burst-agent-coordinated_burst-1-25",
    "action": "new",
    "side": "sell",
    "price": 65089.979400000004,
    "quantity": 0.04,
    "remaining_quantity": 0.04
  },
  {
    "event_id": "1293aea8890c86e73ffe6d087a40e870f4c9f7ded7575f9d4cb5188248e8ef1d",
    "schema_version": "1.0.0",
    "event_type": "agent_order",
    "source": "synthetic_agent",
    "symbol": "BTCUSDT",
    "exchange": "binance_usdm",
    "timestamp": "2024-05-01T00:00:00.312000Z",
    "sequence": 26,
    "scenario_id": "scenario-103-coordinated_burst",
    "agent_id": "agent-coordinated_burst-2",
    "order_id": "scenario-103-coordinated_burst-agent-coordinated_burst-2-26",
    "action": "new",
    "side": "sell",
    "price": 65089.979400000004,
    "quantity": 0.04,
    "remaining_quantity": 0.04
  },
  {
    "event_id": "77f0c1e20f3a8846c8c956965ad873a516cd632fb493705e9ac3fb220bbc4425",
    "schema_version": "1.0.0",
    "event_type": "agent_order",
    "source": "synthetic_agent",
    "symbol": "BTCUSDT",
    "exchange": "binance_usdm",
    "timestamp": "2024-05-01T00:00:00.324000Z",
    "sequence": 27,
    "scenario_id": "scenario-103-coordinated_burst",
    "agent_id": "agent-coordinated_burst-0",
    "order_id": "scenario-103-coordinated_burst-agent-coordinated_burst-0-27",
    "action": "new",
    "side": "buy",
    "price": 65116.020599999996,
    "quantity": 0.04,
    "remaining_quantity": 0.04
  },
  {
    "event_id": "3eda8d42fa5c909e85f9b305e8ede12cf6c9d185f119a1acf673e6d9d19ad562",
    "schema_version": "1.0.0",
    "event_type": "agent_order",
    "source": "synthetic_agent",
    "symbol": "BTCUSDT",
    "exchange": "binance_usdm",
    "timestamp": "2024-05-01T00:00:00.336000Z",
    "sequence": 28,
    "scenario_id": "scenario-103-coordinated_burst",
    "agent_id": "agent-coordinated_burst-1",
    "order_id": "scenario-103-coordinated_burst-agent-coordinated_burst-1-28",
    "action": "new",
    "side": "sell",
    "price": 65089.979400000004,
    "quantity": 0.04,
    "remaining_quantity": 0.04
  },
  {
    "event_id": "2137fcd24c4747d29fdd4ea2302652cb049020ab7eef991c02d890373c14bcff",
    "schema_version": "1.0.0",
    "event_type": "agent_order",
    "source": "synthetic_agent",
    "symbol": "BTCUSDT",
    "exchange": "binance_usdm",
    "timestamp": "2024-05-01T00:00:00.348000Z",
    "sequence": 29,
    "scenario_id": "scenario-103-coordinated_burst",
    "agent_id": "agent-coordinated_burst-2",
    "order_id": "scenario-103-coordinated_burst-agent-coordinated_burst-2-29",
    "action": "new",
    "side": "sell",
    "price": 65089.979400000004,
    "quantity": 0.04,
    "remaining_quantity": 0.04
  }
]