[
  {
    "event_id": "948db97ce177e402abbdee13ef91ea14287d3d1cd5e0c77f78780309a9fb3641",
    "schema_version": "1.0.0",
    "event_type": "agent_order",
    "source": "synthetic_agent",
    "symbol": "BTCUSDT",
    "exchange": "binance_usdm",
    "timestamp": "2024-05-01T00:00:00Z",
    "sequence": 0,
    "scenario_id": "scenario-416-latency_edge",
    "agent_id": "agent-latency_edge",
    "order_id": "scenario-416-latency_edge-agent-latency_edge-0",
    "action": "new",
    "side": "buy",
    "price": 65455.249599999996,
    "quantity": 0.006,
    "remaining_quantity": 0.006
  },
  {
    "event_id": "97b261a8681dde06d41a8176af4fa13cc90034dd3c9d43ca059a1e76974fd03d",
    "schema_version": "1.0.0",
    "event_type": "agent_order",
    "source": "synthetic_agent",
    "symbol": "BTCUSDT",
    "exchange": "binance_usdm",
    "timestamp": "2024-05-01T00:00:00.008000Z",
    "sequence": 1,
    "scenario_id": "scenario-416-latency_edge",
    "agent_id": "agent-latency_edge",
    "order_id": "scenario-416-latency_edge-agent-latency_edge-1",
    "action": "new",
    "side": "buy",
    "price": 65455.249599999996,
    "quantity": 0.006,
    "remaining_quantity": 0.006
  },
  {
    "event_id": "bf9ff4949a3bfa2743b95c3d26cd353af1444a2f50f0cbccc7447978aefdb5da",
    "schema_version": "1.0.0",
    "event_type": "agent_order",
    "source": "synthetic_agent",
    "symbol": "BTCUSDT",
    "exchange": "binance_usdm",
    "timestamp": "2024-05-01T00:00:00.016000Z",
    "sequence": 2,
    "scenario_id": "scenario-416-latency_edge",
    "agent_id": "agent-latency_edge",
    "order_id": "scenario-416-latency_edge-agent-latency_edge-2",
    "action": "new",
    "side": "sell",
    "price": 65376.7504,
    "quantity": 0.006,
    "remaining_quantity": 0.006
  },
  {
    "event_id": "5bf677c03f41bf5cba41f642bada1bbb260d656a3ae34081ff811772a32c8ef8",
    "schema_version": "1.0.0",
    "event_type": "agent_order",
    "source": "synthetic_agent",
    "symbol": "BTCUSDT",
    "exchange": "binance_usdm",
    "timestamp": "2024-05-01T00:00:00.024000Z",
    "sequence": 3,
    "scenario_id": "scenario-416-latency_edge",
    "agent_id": "agent-latency_edge",
    "order_id": "scenario-416-latency_edge-agent-latency_edge-3",
    "action": "new",
    "side": "sell",
    "price": 65376.7504,
    "quantity": 0.006,
    "remaining_quantity": 0.006
  },
  {
    "event_id": "f589075485a7a9d635147cda69e05d2f1ae5a7a23025c123c7ff9b9f9028ec1b",
    "schema_version": "1.0.0",
    "event_type": "agent_order",
    "source": "synthetic_agent",
    "symbol": "BTCUSDT",
    "exchange": "binance_usdm",
    "timestamp": "2024-05-01T00:00:00.032000Z",
    "sequence": 4,
    "scenario_id": "scenario-416-latency_edge",
    "agent_id": "agent-latency_edge",
    "order_id": "scenario-416-latency_edge-agent-latency_edge-4",
    "action": "new",
    "side": "buy",
    "price": 65455.249599999996,
    "quantity": 0.006,
    "remaining_quantity": 0.006
  },
  {
    "event_id": "816a8439fe64e09afb2fda2abb668020af93b6b31ecf8a1284f86d059c420ab0",
    "schema_version": "1.0.0",
    "event_type": "agent_order",
    "source": "synthetic_agent",
    "symbol": "BTCUSDT",
    "exchange": "binance_usdm",
    "timestamp": "2024-05-01T00:00:00.040000Z",
    "sequence": 5,
    "scenario_id": "scenario-416-latency_edge",
    "agent_id": "agent-latency_edge",
    "order_id": "scenario-416-latency_edge-agent-latency_edge-5",
    "action": "new",
    "side": "buy",
    "price": 65455.249599999996,
    "quantity": 0.006,
    "remaining_quantity": 0.006
  },
  {
    "event_id": "eed3e2fa62c2b3c573313fd1498d530a8542fd8ab56fe4476b675b60c2236fdb",
    "schema_version": "1.0.0",
    "event_type": "agent_order",
    "source": "synthetic_agent",
    "symbol": "BTCUSDT",
    "exchange": "binance_usdm",
    "timestamp": "2024-05-01T00:00:00.048000Z",
    "sequence": 6,
    "scenario_id": "scenario-416-latency_edge",
    "agent_id": "agent-latency_edge",
    "order_id": "scenario-416-latency_edge-agent-latency_edge-6",
    "action": "new",
    "side": "sell",
    "price": 65376.7504,
    "quantity": 0.006,
    "remaining_quantity": 0.006
  },
  {
    "event_id": "69057fe722dfca4531638904c31e3cc4a3cecae09c390501b6189a8190c5e850",
    "schema_version": "1.0.0",
    "event_type": "agent_order",
    "source": "synthetic_agent",
    "symbol": "BTCUSDT",
    "exchange": "binance_usdm",
    "timestamp": "2024-05-01T00:00:00.056000Z",
    "sequence": 7,
    "scenario_id": "scenario-416-latency_edge",
    "agent_id": "agent-latency_edge",
    "order_id": "scenario-416-latency_edge-agent-latency_edge-7",
    "action": "new",
    "side": "sell",
    "price": 65376.7504,
    "quantity": 0.006,
    "remaining_quantity": 0.006
  },
  {
    "event_id": "97a7246ad118da778acd9592b4db5bac53c4e2f3e8d566b8d30f2240ff1ef6f4",
    "schema_version": "1.0.0",
    "event_type": "agent_order",
    "source": "synthetic_agent",
    "symbol": "BTCUSDT",
    "exchange": "binance_usdm",
    "timestamp": "2024-05-01T00:00:00.064000Z",
    "sequence": 8,
    "scenario_id": "scenario-416-latency_edge",
    "agent_id": "agent-latency_edge",
    "order_id": "scenario-416-latency_edge-agent-latency_edge-8",
    "action": "new",
    "side": "buy",
    "price": 65455.249599999996,
    "quantity": 0.006,
    "remaining_quantity": 0.006
  },
  {
    "event_id": "a9e977abc52ba6e63594676ed1fd2ac2c6ddba56718611eb2bdbccae2aa52472",
    "schema_version": "1.0.0",
    "event_type": "agent_order",
    "source": "synthetic_agent",
    "symbol": "BTCUSDT",
    "exchange": "binance_usdm",
    "timestamp": "2024-05-01T00:00:00.072000Z",
    "sequence": 9,
    "scenario_id": "scenario-416-latency_edge",
    "agent_id": "agent-latency_edge",
    "order_id": "scenario-416-latency_edge-agent-latency_edge-9",
    "action": "new",
    "side": "buy",
    "price": 65455.249599999996,
    "quantity": 0.006,
    "remaining_quantity": 0.006
  },
  {
    "event_id": "2cfec4409acc4b8bb836f9d90ee8d3edacd6dfcc5ed82c7f4f7433689256316e",
    "schema_version": "1.0.0",
    "event_type": "agent_order",
    "source": "synthetic_agent",
    "symbol": "BTCUSDT",
    "exchange": "binance_usdm",
    "timestamp": "2024-05-01T00:00:00.080000Z",
    "sequence": 10,
    "scenario_id": "scenario-416-latency_edge",
    "agent_id": "agent-latency_edge",
    "order_id": "scenario-416-latency_edge-agent-latency_edge-10",
    "action": "new",
    "side": "sell",
    "price": 65376.7504,
    "quantity": 0.006,
    "remaining_quantity": 0.006
  },
  {
    "event_id": "df67c9e804239c89c69c652e356318c5b3c675e16ae2c13fca66936b45bb6553",
    "schema_version": "1.0.0",
    "event_type": "agent_order",
    "source": "synthetic_agent",
    "symbol": "BTCUSDT",
    "exchange": "binance_usdm",
    "timestamp": "2024-05-01T00:00:00.088000Z",
    "sequence": 11,
    "scenario_id": "scenario-416-latency_edge",
    "agent_id": "agent-latency_edge",
    "order_id": "scenario-416-latency_edge-agent-latency_edge-11",
    "action": "new",
    "side": "sell",
    "price": 65376.7504,
    "quantity": 0.006,
    "remaining_quantity": 0.006
  },
  {
    "event_id": "2c769a165010426e1a0b0f79022e7f220d050e1f9a4df7171da4b33f9530354c",
    "schema_version": "1.0.0",
    "event_type": "agent_order",
    "source": "synthetic_agent",
    "symbol": "BTCUSDT",
    "exchange": "binance_usdm",
    "timestamp": "2024-05-01T00:00:00.096000Z",
    "sequence": 12,
    "scenario_id": "scenario-416-latency_edge",
    "agent_id": "agent-latency_edge",
    "order_id": "scenario-416-latency_edge-agent-latency_edge-12",
    "action": "new",
    "side": "buy",
    "price": 65455.249599999996,
    "quantity": 0.006,
    "remaining_quantity": 0.006
  },
  {
    "event_id": "c7b1c02add43f2f9551b49c263cfa4399ec9b51594b3b68322b8f4b2ffd7ac1e",
    "schema_version": "1.0.0",
    "event_type": "agent_order",
    "source": "synthetic_agent",
    "symbol": "BTCUSDT",
    "exchange": "binance_usdm",
    "timestamp": "2024-05-01T00:00:00.104000Z",
    "sequence": 13,
    "scenario_id": "scenario-416-latency_edge",
    "agent_id": "agent-latency_edge",
    "order_id": "scenario-416-latency_edge-agent-latency_edge-13",
    "action": "new",
    "side": "buy",
    "price": 65455.249599999996,
    "quantity": 0.006,
    "remaining_quantity": 0.006
  },
  {
    "event_id": "45adc457b928a94eb9d7b24517f9a4c28f7d4d2ebaefcaeda0f55ee701b0072b",
    "schema_version": "1.0.0",
    "event_type": "agent_order",
    "source": "synthetic_agent",
    "symbol": "BTCUSDT",
    "exchange": "binance_usdm",
    "timestamp": "2024-05-01T00:00:00.112000Z",
    "sequence": 14,
    "scenario_id": "scenario-416-latency_edge",
    "agent_id": "agent-latency_edge",
    "order_id": "scenario-416-latency_edge-agent-latency_edge-14",
    "action": "new",
    "side": "sell",
    "price": 65376.7504,
    "quantity": 0.006,
    "remaining_quantity": 0.006
  },
  {
    "event_id": "37a8706ac79a69cc1746b08909966f2c0ace65f5aae485c2ebabe6c1b4c0cc7d",
    "schema_version": "1.0.0",
    "event_type": "agent_order",
    "source": "synthetic_agent",
    "symbol": "BTCUSDT",
    "exchange": "binance_usdm",
    "timestamp": "2024-05-01T00:00:00.120000Z",
    "sequence": 15,
    "scenario_id": "scenario-416-latency_edge",
    "agent_id": "agent-latency_edge",
    "order_id": "scenario-416-latency_edge-agent-latency_edge-15",
    "action": "new",
    "side": "sell",
    "price": 65376.7504,
    "quantity": 0.006,
    "remaining_quantity": 0.006
  },
  {
    "event_id": "20a28e62ee82e057f217d234187f34dcfeeaa32334c75b2b29cdbd0af7d35b15",
    "schema_version": "1.0.0",
    "event_type": "agent_order",
    "source": "synthetic_agent",
    "symbol": "BTCUSDT",
    "exchange": "binance_usdm",
    "timestamp": "2024-05-01T00:00:00.128000Z",
    "sequence": 16,
    "scenario_id": "scenario-416-latency_edge",
    "agent_id": "agent-latency_edge",
    "order_id": "scenario-416-latency_edge-agent-latency_edge-16",
    "action": "new",
    "side": "buy",
    "price": 65455.249599999996,
    "quantity": 0.006,
    "remaining_quantity": 0.006
  },
  {
    "event_id": "b909045605fa84803924fb06faafd221208a791076621cc62c2237d6eba46114",
    "schema_version": "1.0.0",
    "event_type": "agent_order",
    "source": "synthetic_agent",
    "symbol": "BTCUSDT",
    "exchange": "binance_usdm",
    "timestamp": "2024-05-01T00:00:00.136000Z",
    "sequence": 17,
    "scenario_id": "scenario-416-latency_edge",
    "agent_id": "agent-latency_edge",
    "order_id": "scenario-416-latency_edge-agent-latency_edge-17",
    "action": "new",
    "side": "buy",
    "price": 65455.249599999996,
    "quantity": 0.006,
    "remaining_quantity": 0.006
  },
  {
    "event_id": "f795a4c8f56e6913a405efa550d7cf0f8384c15029c8323c7e3b965ab1f9b46e",
    "schema_version": "1.0.0",
    "event_type": "agent_order",
    "source": "synthetic_agent",
    "symbol": "BTCUSDT",
    "exchange": "binance_usdm",
    "timestamp": "2024-05-01T00:00:00.144000Z",
    "sequence": 18,
    "scenario_id": "scenario-416-latency_edge",
    "agent_id": "agent-latency_edge",
    "order_id": "scenario-416-latency_edge-agent-latency_edge-18",
    "action": "new",
    "side": "sell",
    "price": 65376.7504,
    "quantity": 0.006,
    "remaining_quantity": 0.006
  },
  {
    "event_id": "008a0cfd628418b84843743f57608bfb49c469a6e7a902f3c52e70ce0d43423a",
    "schema_version": "1.0.0",
    "event_type": "agent_order",
    "source": "synthetic_agent",
    "symbol": "BTCUSDT",
    "exchange": "binance_usdm",
    "timestamp": "2024-05-01T00:00:00.152000Z",
    "sequence": 19,
    "scenario_id": "scenario-416-latency_edge",
    "agent_id": "agent-latency_edge",
    "order_id": "scenario-416-latency_edge-agent-latency_edge-19",
    "action": "new",
    "side": "sell",
    "price": 65376.7504,
    "quantity": 0.006,
    "remaining_quantity": 0.006
  },
  {
    "event_id": "82927a076a32e99af47ec6c1e6db54d22c16d33aadec575b3ba46250c799fe60",
    "schema_version": "1.0.0",
    "event_type": "agent_order",
    "source": "synthetic_agent",
    "symbol": "BTCUSDT",
    "exchange": "binance_usdm",
    "timestamp": "2024-05-01T00:00:00.160000Z",
    "sequence": 20,
    "scenario_id": "scenario-416-latency_edge",
    "agent_id": "agent-latency_edge",
    "order_id": "scenario-416-latency_edge-agent-latency_edge-20",
    "action": "new",
    "side": "buy",
    "price": 65455.249599999996,
    "quantity": 0.006,
    "remaining_quantity": 0.006
  },
  {
    "event_id": "260e2e6cdb30c993d2ae7cef9eb415ed74e7b7f0d96d84c6447fb2ebd351e3e2",
    "schema_version": "1.0.0",
    "event_type": "agent_order",
    "source": "synthetic_agent",
    "symbol": "BTCUSDT",
    "exchange": "binance_usdm",
    "timestamp": "2024-05-01T00:00:00.168000Z",
    "sequence": 21,
    "scenario_id": "scenario-416-latency_edge",
    "agent_id": "agent-latency_edge",
    "order_id": "scenario-416-latency_edge-agent-latency_edge-21",
    "action": "new",
    "side": "buy",
    "price": 65455.249599999996,
    "quantity": 0.006,
    "remaining_quantity": 0.006
  },
  {
    "event_id": "ddbb2ebfa065dddb2a43a4430fc23bab2e4fa849a4639a21e551e3506471e066",
    "schema_version": "1.0.0",
    "event_type": "agent_order",
    "source": "synthetic_agent",
    "symbol": "BTCUSDT",
    "exchange": "binance_usdm",
    "timestamp": "2024-05-01T00:00:00.176000Z",
    "sequence": 22,
    "scenario_id": "scenario-416-latency_edge",
    "agent_id": "agent-latency_edge",
    "order_id": "scenario-416-latency_edge-agent-latency_edge-22",
    "action": "new",
    "side": "sell",
    "price": 65376.7504,
    "quantity": 0.006,
    "remaining_quantity": 0.006
  },
  {
    "event_id": "afcdf91ac2b2f10a9cb90a32711da673b1d21e6c105c3c24ddb75f21a7290878",
    "schema_version": "1.0.0",
    "event_type": "agent_order",
    "source": "synthetic_agent",
    "symbol": "BTCUSDT",
    "exchange": "binance_usdm",
    "timestamp": "2024-05-01T00:00:00.184000Z",
    "sequence": 23,
    "scenario_id": "scenario-416-latency_edge",
    "agent_id": "agent-latency_edge",
    "order_id": "scenario-416-latency_edge-agent-latency_edge-23",
    "action": "new",
    "side": "sell",
    "price": 65376.7504,
    "quantity": 0.006,
    "remaining_quantity": 0.006
  },
  {
    "event_id": "82c3f4d119bacca177274895a41fac289b04cb44fef3d7433d550dcb6d30b9c7",
    "schema_version": "1.0.0",
    "event_type": "agent_order",
    "source": "synthetic_agent",
    "symbol": "BTCUSDT",
    "exchange": "binance_usdm",
    "timestamp": "2024-05-01T00:00:00.192000Z",
    "sequence": 24,
    "scenario_id": "scenario-416-latency_edge",
    "agent_id": "agent-latency_edge",
    "order_id": "scenario-416-latency_edge-agent-latency_edge-24",
    "action": "new",
    "side": "buy",
    "price": 65455.249599999996,
    "quantity": 0.006,
    "remaining_quantity": 0.006
  },
  {
    "event_id": "8292fe0f2b615aa39441ebfbad011df38359dc93d78fb1e67f1cfa8d010da453",
    "schema_version": "1.0.0",
    "event_type": "agent_order",
    "source": "synthetic_agent",
    "symbol": "BTCUSDT",
    "exchange": "binance_usdm",
    "timestamp": "2024-05-01T00:00:00.200000Z",
    "sequence": 25,
    "scenario_id": "scenario-416-latency_edge",
    "agent_id": "agent-latency_edge",
    "order_id": "scenario-416-latency_edge-agent-latency_edge-25",
    "action": "new",
    "side": "buy",
    "price": 65455.249599999996,
    "quantity": 0.006,
    "remaining_quantity": 0.006
  },
  {
    "event_id": "07a882b775cfa1dbbf90b681222d715c855cae8d1b49421d5eb3078cc3992ff3",
    "schema_version": "1.0.0",
    "event_type": "agent_order",
    "source": "synthetic_agent",
    "symbol": "BTCUSDT",
    "exchange": "binance_usdm",
    "timestamp": "2024-05-01T00:00:00.208000Z",
    "sequence": 26,
    "scenario_id": "scenario-416-latency_edge",
    "agent_id": "agent-latency_edge",
    "order_id": "scenario-416-latency_edge-agent-latency_edge-26",
    "action": "new",
    "side": "sell",
    "price": 65376.7504,
    "quantity": 0.006,
    "remaining_quantity": 0.006
  },
  {
    "event_id": "1589d772d4eb3e974829dc6bc0781d10f07a167777f2fa60ffe832bd4f546f50",
    "schema_version": "1.0.0",
    "event_type": "agent_order",
    "source": "synthetic_agent",
    "symbol": "BTCUSDT",
    "exchange": "binance_usdm",
    "timestamp": "2024-05-01T00:00:00.216000Z",
    "sequence": 27,
    "scenario_id": "scenario-416-latency_edge",
    "agent_id": "agent-latency_edge",
    "order_id": "scenario-416-latency_edge-agent-latency_edge-27",
    "action": "new",
    "side": "sell",
    "price": 65376.7504,
    "quantity": 0.006,
    "remaining_quantity": 0.006
  },
  {
    "event_id": "57ef917a057551b35c3105ae9656395be01ca11edc401bc30e70ae42bf517422",
    "schema_version": "1.0.0",
    "event_type": "agent_order",
    "source": "synthetic_agent",
    "symbol": "BTCUSDT",
    "exchange": "binance_usdm",
    "timestamp": "2024-05-01T00:00:00.224000Z",
    "sequence": 28,
    "scenario_id": "scenario-416-latency_edge",
    "agent_id": "agent-latency_edge",
    "order_id": "scenario-416-latency_edge-agent-latency_edge-28",
    "action": "new",
    "side": "buy",
    "price": 65455.249599999996,
    "quantity": 0.006,
    "remaining_quantity": 0.006
  },
  {
    "event_id": "54013b3d2724f54bcd84a99d243d6b9a3170252396d5473477e13848fc607c97",
    "schema_version": "1.0.0",
    "event_type": "agent_order",
    "source": "synthetic_agent",
    "symbol": "BTCUSDT",
    "exchange": "binance_usdm",
    "timestamp": "2024-05-01T00:00:00.232000Z",
    "sequence": 29,
    "scenario_id": "scenario-416-latency_edge",
    "agent_id": "agent-latency_edge",
    "order_id": "scenario-416-latency_edge-agent-latency_edge-29",
    "action": "new",
    "side": "buy",
    "price": 65455.249599999996,
    "quantity": 0.006,
    "remaining_quantity": 0.006
  }
]