[
  {
    "event_id": "d72f3a787ac9405d5488dab30c3aae25c4ea7e43805850e5468bb394f4d6403b",
    "schema_version": "1.0.0",
    "event_type": "agent_order",
    "source": "synthetic_agent",
    "symbol": "BTCUSDT",
    "exchange": "binance_usdm",
    "timestamp": "2024-05-01T00:00:00Z",
    "sequence": 0,
    "scenario_id": "scenario-283-coordinated_burst",
    "agent_id": "agent-coordinated_burst-0",
    "order_id": "scenario-283-coordinated_burst-agent-coordinated_burst-0-0",
    "action": "new",
    "side": "buy",
    "price": 65296.056599999996,
    "quantity": 0.04,
    "remaining_quantity": 0.04
  },
  {
    "event_id": "1480cd3afaa06ced5afd1584896c5cff9e8083a16ff75f81943efd0795c590f5",
    "schema_version": "1.0.0",
    "event_type": "agent_order",
    "source": "synthetic_agent",
    "symbol": "BTCUSDT",
    "exchange": "binance_usdm",
    "timestamp": "2024-05-01T00:00:00.012000Z",
    "sequence": 1,
    "scenario_id": "scenario-283-coordinated_burst",
    "agent_id": "agent-coordinated_burst-1",
    "order_id": "scenario-283-coordinated_burst-agent-coordinated_burst-1-1",
    "action": "new",
    "side": "sell",
    "price": 65269.943400000004,
    "quantity": 0.04,
    "remaining_quantity": 0.04
  },
  {
    "event_id": "fff624900c6073bb9a2802e07c30e974369df50fed2653355cd539f33357b6b9",
    "schema_version": "1.0.0",
    "event_type": "agent_order",
    "source": "synthetic_agent",
    "symbol": "BTCUSDT",
    "exchange": "binance_usdm",
    "timestamp": "2024-05-01T00:00:00.024000Z",
    "sequence": 2,
    "scenario_id": "scenario-283-coordinated_burst",
    "agent_id": "agent-coordinated_burst-2",
    "order_id": "scenario-283-coordinated_burst-agent-coordinated_burst-2-2",
    "action": "new",
    "side": "sell",
    "price": 65269.943400000004,
    "quantity": 0.04,
    "remaining_quantity": 0.04
  },
  {
    "event_id": "db0440ce283a32b562218aa2cfe90e515abbcfbeac8509959ad988cfe6c506af",
    "schema_version": "1.0.0",
    "event_type": "agent_order",
    "source": "synthetic_agent",
    "symbol": "BTCUSDT",
    "exchange": "binance_usdm",
    "timestamp": "2024-05-01T00:00:00.036000Z",
    "sequence": 3,
    "scenario_id": "scenario-283-coordinated_burst",
    "agent_id": "agent-coordinated_burst-0",
    "order_id": "scenario-283-coordinated_burst-agent-coordinated_burst-0-3",
    "action": "new",
    "side": "buy",
    "price": 65296.056599999996,
    "quantity": 0.04,
    "remaining_quantity": 0.04
  },
  {
    "event_id": "b2bf9809f7e6415034b3e19ae4cb304195dfadd6fcbc8c96b6190d033b07b564",
    "schema_version": "1.0.0",
    "event_type": "agent_order",
    "source": "synthetic_agent",
    "symbol": "BTCUSDT",
    "exchange": "binance_usdm",
    "timestamp": "2024-05-01T00:00:00.048000Z",
    "sequence": 4,
    "scenario_id": "scenario-283-coordinated_burst",
    "agent_id": "agent-coordinated_burst-1",
    "order_id": "scenario-283-coordinated_burst-agent-coordinated_burst-1-4",
    "action": "new",
    "side": "sell",
    "price": 65269.943400000004,
    "quantity": 0.04,
    "remaining_quantity": 0.04
  },
  {
    "event_id": "d70dd314177bc7237d77e23fed4036441eddb5dbdc2267ae382be82b1e22be75",
    "schema_version": "1.0.0",
    "event_type": "agent_order",
    "source": "synthetic_agent",
    "symbol": "BTCUSDT",
    "exchange": "binance_usdm",
    "timestamp": "2024-05-01T00:00:00.600000Z",
    "sequence": 5,
    "scenario_id": "scenario-283-coordinated_burst",
    "agent_id": "agent-coordinated_burst-2",
    "order_id": "scenario-283-coordinated_burst-agent-coordinated_burst-2-5",
    "action": "new",
    "side": "sell",
    "price": 65269.943400000004,
    "quantity": 0.04,
    "remaining_quantity": 0.04
  },
  {
    "event_id": "3536b302415cd3b67f7b403b18f5dfd6772421b1c2b6b8376eb1f46d95e29b99",
    "schema_version": "1.0.0",
    "event_type": "agent_order",
    "source": "synthetic_agent",
    "symbol": "BTCUSDT",
    "exchange": "binance_usdm",
    "timestamp": "2024-05-01T00:00:00.072000Z",
    "sequence": 6,
    "scenario_id": "scenario-283-coordinated_burst",
    "agent_id": "agent-coordinated_burst-0",
    "order_id": "scenario-283-coordinated_burst-agent-coordinated_burst-0-6",
    "action": "new",
    "side": "buy",
    "price": 65296.056599999996,
    "quantity": 0.04,
    "remaining_quantity": 0.04
  },
  {
    "event_id": "abff02fafb6d361f23f29bdc7ae01b3390db64d44317031863d30f15d33596f5",
    "schema_version": "1.0.0",
    "event_type": "agent_order",
    "source": "synthetic_agent",
    "symbol": "BTCUSDT",
    "exchange": "binance_usdm",
    "timestamp": "2024-05-01T00:00:00.084000Z",
    "sequence": 7,
    "scenario_id": "scenario-283-coordinated_burst",
    "agent_id": "agent-coordinated_burst-1",
    "order_id": "scenario-283-coordinated_burst-agent-coordinated_burst-1-7",
    "action": "new",
    "side": "sell",
    "price": 65269.943400000004,
    "quantity": 0.04,
    "remaining_quantity": 0.04
  },
  {
    "event_id": "819500ee99ca32c22d820a2a3c301f2a8c180a4a8fd8c8b4c6b7252e296d8bbf",
    "schema_version": "1.0.0",
    "event_type": "agent_order",
    "source": "synthetic_agent",
    "symbol": "BTCUSDT",
    "exchange": "binance_usdm",
    "timestamp": "2024-05-01T00:00:00.096000Z",
    "sequence": 8,
    "scenario_id": "scenario-283-coordinated_burst",
    "agent_id": "agent-coordinated_burst-2",
    "order_id": "scenario-283-coordinated_burst-agent-coordinated_burst-2-8",
    "action": "new",
    "side": "sell",
    "price": 65269.943400000004,
    "quantity": 0.04,
    "remaining_quantity": 0.04
  },
  {
    "event_id": "ba71b0d489580bf3c0a0ad78547c357e491ba596a9bf4c6891822603c4a31005",
    "schema_version": "1.0.0",
    "event_type": "agent_order",
    "source": "synthetic_agent",
    "symbol": "BTCUSDT",
    "exchange": "binance_usdm",
    "timestamp": "2024-05-01T00:00:00.108000Z",
    "sequence": 9,
    "scenario_id": "scenario-283-coordinated_burst",
    "agent_id": "agent-coordinated_burst-0",
    "order_id": "scenario-283-coordinated_burst-agent-coordinated_burst-0-9",
    "action": "new",
    "side": "buy",
    "price": 65296.056599999996,
    "quantity": 0.04,
    "remaining_quantity": 0.04
  },
  {
    "event_id": "452c96e8a8bfd1067dc85fe2877ac4e67f7b150ccd3eee2bf989f3a445e68a25",
    "schema_version": "1.0.0",
    "event_type": "agent_order",
    "source": "synthetic_agent",
    "symbol": "BTCUSDT",
    "exchange": "binance_usdm",
    "timestamp": "2024-05-01T00:00:01.200000Z",
    "sequence": 10,
    "scenario_id": "scenario-283-coordinated_burst",
    "agent_id": "agent-coordinated_burst-1",
    "order_id": "scenario-283-coordinated_burst-agent-coordinated_burst-1-10",
    "action": "new",
    "side": "sell",
    "price": 65269.943400000004,
    "quantity": 0.04,
    "remaining_quantity": 0.04
  },
  {
    "event_id": "7b5aa04b08f0a4836a0616d08bf12b73ea5a9528244167f0c41f16ac80d0dcb2",
    "schema_version": "1.0.0",
    "event_type": "agent_order",
    "source": "synthetic_agent",
    "symbol": "BTCUSDT",
    "exchange": "binance_usdm",
    "timestamp": "2024-05-01T00:00:00.132000Z",
    "sequence": 11,
    "scenario_id": "scenario-283-coordinated_burst",
    "agent_id": "agent-coordinated_burst-2",
    "order_id": "scenario-283-coordinated_burst-agent-coordinated_burst-2-11",
    "action": "new",
    "side": "sell",
    "price": 65269.943400000004,
    "quantity": 0.04,
    "remaining_quantity": 0.04
  },
  {
    "event_id": "52c605a9e230f309ec604a8c126b781bf24f4637fb031b8ea50439959f1d1f9b",
    "schema_version": "1.0.0",
    "event_type": "agent_order",
    "source": "synthetic_agent",
    "symbol": "BTCUSDT",
    "exchange": "binance_usdm",
    "timestamp": "2024-05-01T00:00:00.144000Z",
    "sequence": 12,
    "scenario_id": "scenario-283-coordinated_burst",
    "agent_id": "agent-coordinated_burst-0",
    "order_id": "scenario-283-coordinated_burst-agent-coordinated_burst-0-12",
    "action": "new",
    "side": "buy",
    "price": 65296.056599999996,
    "quantity": 0.04,
    "remaining_quantity": 0.04
  },
  {
    "event_id": "ce96ba11497065ef5ef4eca2c9baf980042ea1b8e9c1d031594a2b06cccfec1d",
    "schema_version": "1.0.0",
    "event_type": "agent_order",
    "source": "synthetic_agent",
    "symbol": "BTCUSDT",
    "exchange": "binance_usdm",
    "timestamp": "2024-05-01T00:00:00.156000Z",
    "sequence": 13,
    "scenario_id": "scenario-283-coordinated_burst",
    "agent_id": "agent-coordinated_burst-1",
    "order_id": "scenario-283-coordinated_burst-agent-coordinated_burst-1-13",
    "action": "new",
    "side": "sell",
    "price": 65269.943400000004,
    "quantity": 0.04,
    "remaining_quantity": 0.04
  },
  {
    "event_id": "f0df890f61023c851866b4b72794135527aae13f6ff469d472529e4175a23792",
    "schema_version": "1.0.0",
    "event_type": "agent_order",
    "source": "synthetic_agent",
    "symbol": "BTCUSDT",
    "exchange": "binance_usdm",
    "timestamp": "2024-05-01T00:00:00.168000Z",
    "sequence": 14,
    "scenario_id": "scenario-283-coordinated_burst",
    "agent_id": "agent-coordinated_burst-2",
    "order_id": "scenario-283-coordinated_burst-agent-coordinated_burst-2-14",
    "action": "new",
    "side": "sell",
    "price": 65269.943400000004,
    "quantity": 0.04,
    "remaining_quantity": 0.04
  },
  {
    "event_id": "2df45c2dabd6df93ae7b63fe4c451c37ad6e159441a5ec3212b94b8412b942b0",
    "schema_version": "1.0.0",
    "event_type": "agent_order",
    "source": "synthetic_agent",
    "symbol": "BTCUSDT",
    "exchange": "binance_usdm",
    "timestamp": "2024-05-01T00:00:01.800000Z",
    "sequence": 15,
    "scenario_id": "scenario-283-coordinated_burst",
    "agent_id": "agent-coordinated_burst-0",
    "order_id": "scenario-283-coordinated_burst-agent-coordinated_burst-0-15",
    "action": "new",
    "side": "buy",
    "price": 65296.056599999996,
    "quantity": 0.04,
    "remaining_quantity": 0.04
  },
  {
    "event_id": "5d1611df614716464a955d36c3a220f008379fd77b40bc4c8650587716336bf5",
    "schema_version": "1.0.0",
    "event_type": "agent_order",
    "source": "synthetic_agent",
    "symbol": "BTCUSDT",
    "exchange": "binance_usdm",
    "timestamp": "2024-05-01T00:00:00.192000Z",
    "sequence": 16,
    "scenario_id": "scenario-283-coordinated_burst",
    "agent_id": "agent-coordinated_burst-1",
    "order_id": "scenario-283-coordinated_burst-agent-coordinated_burst-1-16",
    "action": "new",
    "side": "sell",
    "price": 65269.943400000004,
    "quantity": 0.04,
    "remaining_quantity": 0.04
  },
  {
    "event_id": "63ce2b052f5a98c6b6cc665a7a1073061e43aa4211cbaa6c4c38b5794d377de5",
    "schema_version": "1.0.0",
    "event_type": "agent_order",
    "source": "synthetic_agent",
    "symbol": "BTCUSDT",
    "exchange": "binance_usdm",
    "timestamp": "2024-05-01T00:00:00.204000Z",
    "sequence": 17,
    "scenario_id": "scenario-283-coordinated_burst",
    "agent_id": "agent-coordinated_burst-2",
    "order_id": "scenario-283-coordinated_burst-agent-coordinated_burst-2-17",
    "action": "new",
    "side": "sell",
    "price": 65269.943400000004,
    "quantity": 0.04,
    "remaining_quantity": 0.04
  },
  {
    "event_id": "5d9fce2a87d41bf8bc8216f633d30cc3daa4316a4f75427e6dd506eb3d2c9bdb",
    "schema_version": "1.0.0",
    "event_type": "agent_order",
    "source": "synthetic_agent",
    "symbol": "BTCUSDT",
    "exchange": "binance_usdm",
    "timestamp": "2024-05-01T00:00:00.216000Z",
    "sequence": 18,
    "scenario_id": "scenario-283-coordinated_burst",
    "agent_id": "agent-coordinated_burst-0",
    "order_id": "scenario-283-coordinated_burst-agent-coordinated_burst-0-18",
    "action": "new",
    "side": "buy",
    "price": 65296.056599999996,
    "quantity": 0.04,
    "remaining_quantity": 0.04
  },
  {
    "event_id": "c6763fceb86f768d2be92c961803b32c2013aafd736444cb735aa565c95e2c81",
    "schema_version": "1.0.0",
    "event_type": "agent_order",
    "source": "synthetic_agent",
    "symbol": "BTCUSDT",
    "exchange": "binance_usdm",
    "timestamp": "2024-05-01T00:00:00.228000Z",
    "sequence": 19,
    "scenario_id": "scenario-283-coordinated_burst",
    "agent_id": "agent-coordinated_burst-1",
    "order_id": "scenario-283-coordinated_burst-agent-coordinated_burst-1-19",
    "action": "new",
    "side": "sell",
    "price": 65269.943400000004,
    "quantity": 0.04,
    "remaining_quantity": 0.04
  },
  {
    "event_id": "173bb9182ecd1ea132d3cc95a1c29b20d00ed85705f19e1db1e4ad6c1ce1207d",
    "schema_version": "1.0.0",
    "event_type": "agent_order",
    "source": "synthetic_agent",
    "symbol": "BTCUSDT",
    "exchange": "binance_usdm",
    "timestamp": "2024-05-01T00:00:02.400000Z",
    "sequence": 20,
    "scenario_id": "scenario-283-coordinated_burst",
    "agent_id": "agent-coordinated_burst-2",
    "order_id": "scenario-283-coordinated_burst-agent-coordinated_burst-2-20",
    "action": "new",
    "side": "sell",
    "price": 65269.943400000004,
    "quantity": 0.04,
    "remaining_quantity": 0.04
  },
  {
    "event_id": "28facd8b2e195d2ae25f4fde923dcd94a813c0a8ab0155a71efaf2b43d030d84",
    "schema_version": "1.0.0",
    "event_type": "agent_order",
    "source": "synthetic_agent",
    "symbol": "BTCUSDT",
    "exchange": "binance_usdm",
    "timestamp": "2024-05-01T00:00:00.252000Z",
    "sequence": 21,
    "scenario_id": "scenario-283-coordinated_burst",
    "agent_id": "agent-coordinated_burst-0",
    "order_id": "scenario-283-coordinated_burst-agent-coordinated_burst-0-21",
    "action": "new",
    "side": "buy",
    "price": 65296.056599999996,
    "quantity": 0.04,
    "remaining_quantity": 0.04
  },
  {
    "event_id": "ac8b327c7d9ea79d8a463d46161edd35bd7257d378f0a034ee39dbac4cff32bb",
    "schema_version": "1.0.0",
    "event_type": "agent_order",
    "source": "synthetic_agent",
    "symbol": "BTCUSDT",
    "exchange": "binance_usdm",
    "timestamp": "2024-05-01T00:00:00.264000Z",
    "sequence": 22,
    "scenario_id": "scenario-283-coordinated_burst",
    "agent_id": "agent-coordinated_burst-1",
    "order_id": "scenario-283-coordinated_burst-agent-coordinated_burst-1-22",
    "action": "new",
    "side": "sell",
    "price": 65269.943400000004,
    "quantity": 0.04,
    "remaining_quantity": 0.04
  },
  {
    "event_id": "76122479d127408db4a01c81553abe161dc30e89c6c433c77c5d2302d829b58b",
    "schema_version": "1.0.0",
    "event_type": "agent_order",
    "source": "synthetic_agent",
    "symbol": "BTCUSDT",
    "exchange": "binance_usdm",
    "timestamp": "2024-05-01T00:00:00.276000Z",
    "sequence": 23,
    "scenario_id": "scenario-283-coordinated_burst",
    "agent_id": "agent-coordinated_burst-2",
    "order_id": "scenario-283-coordinated_burst-agent-coordinated_burst-2-23",
    "action": "new",
    "side": "sell",
    "price": 65269.943400000004,
    "quantity": 0.04,
    "remaining_quantity": 0.04
  },
  {
    "event_id": "270a02993bdc2c5e86529da962604c742da04ce85b9985de147c1b63afc5d463",
    "schema_version": "1.0.0",
    "event_type": "agent_order",
    "source": "synthetic_agent",
    "symbol": "BTCUSDT",
    "exchange": "binance_usdm",
    "timestamp": "2024-05-01T00:00:00.288000Z",
    "sequence": 24,
    "scenario_id": "scenario-283-coordinated_burst",
    "agent_id": "agent-coordinated_burst-0",
    "order_id": "scenario-283-coordinated_burst-agent-coordinated_burst-0-24",
    "action": "new",
    "side": "buy",
    "price": 65296.056599999996,
    "quantity": 0.04,
    "remaining_quantity": 0.04
  },
  {
    "event_id": "585a5e1db321f900c07aa5159db7ed43839743750359de156b8eb917b8b93574",
    "schema_version": "1.0.0",
    "event_type": "agent_order",
    "source": "synthetic_agent",
    "symbol": "BTCUSDT",
    "exchange": "binance_usdm",
    "timestamp": "2024-05-01T00:00:03Z",
    "sequence": 25,
    "scenario_id": "scenario-283-coordinated_burst",
    "agent_id": "agent-coordinated_burst-1",
    "order_id": "scenario-283-coordinated_burst-agent-coordinated_burst-1-25",
    "action": "new",
    "side": "sell",
    "price": 65269.943400000004,
    "quantity": 0.04,
    "remaining_quantity": 0.04
  },
  {
    "event_id": "dc0d4245de9772dfc7b9dced2b3bbbadf4684f02e90eacf0bc806f5d467cf18d",
    "schema_version": "1.0.0",
    "event_type": "agent_order",
    "source": "synthetic_agent",
    "symbol": "BTCUSDT",
    "exchange": "binance_usdm",
    "timestamp": "2024-05-01T00:00:00.312000Z",
    "sequence": 26,
    "scenario_id": "scenario-283-coordinated_burst",
    "agent_id": "agent-coordinated_burst-2",
    "order_id": "scenario-283-coordinated_burst-agent-coordinated_burst-2-26",
    "action": "new",
    "side": "sell",
    "price": 65269.943400000004,
    "quantity": 0.04,
    "remaining_quantity": 0.04
  },
  {
    "event_id": "ac30636d934b30d2060cb8f4140a6e525b53807712642250e2529ac771bbd86f",
    "schema_version": "1.0.0",
    "event_type": "agent_order",
    "source": "synthetic_agent",
    "symbol": "BTCUSDT",
    "exchange": "binance_usdm",
    "timestamp": "2024-05-01T00:00:00.324000Z",
    "sequence": 27,
    "scenario_id": "scenario-283-coordinated_burst",
    "agent_id": "agent-coordinated_burst-0",
    "order_id": "scenario-283-coordinated_burst-agent-coordinated_burst-0-27",
    "action": "new",
    "side": "buy",
    "price": 65296.056599999996,
    "quantity": 0.04,
    "remaining_quantity": 0.04
  },
  {
    "event_id": "4af6999bb5ac52a1a5f46bcb4910b047a9d9f7425bebca95d787026be08d535c",
    "schema_version": "1.0.0",
    "event_type": "agent_order",
    "source": "synthetic_agent",
    "symbol": "BTCUSDT",
    "exchange": "binance_usdm",
    "timestamp": "2024-05-01T00:00:00.336000Z",
    "sequence": 28,
    "scenario_id": "scenario-283-coordinated_burst",
    "agent_id": "agent-coordinated_burst-1",
    "order_id": "scenario-283-coordinated_burst-agent-coordinated_burst-1-28",
    "action": "new",
    "side": "sell",
    "price": 65269.943400000004,
    "quantity": 0.04,
    "remaining_quantity": 0.04
  },
  {
    "event_id": "8691b10992b439833cd418832c33955aac2d0749282aa9cfbb8eeb2e4b051b88",
    "schema_version": "1.0.0",
    "event_type": "agent_order",
    "source": "synthetic_agent",
    "symbol": "BTCUSDT",
    "exchange": "binance_usdm",
    "timestamp": "2024-05-01T00:00:00.348000Z",
    "sequence": 29,
    "scenario_id": "scenario-283-coordinated_burst",
    "agent_id": "agent-coordinated_burst-2",
    "order_id": "scenario-283-coordinated_burst-agent-coordinated_burst-2-29",
    "action": "new",
    "side": "sell",
    "price": 65269.943400000004,
    "quantity": 0.04,
    "remaining_quantity": 0.04
  }
]