[
  {
    "event_id": "de2a311b49363388fa46123564100ac4cc694f8157530ddcf2fa2f5294dff6e7",
    "schema_version": "1.0.0",
    "event_type": "agent_order",
    "source": "synthetic_agent",
    "symbol": "BTCUSDT",
    "exchange": "binance_usdm",
    "timestamp": "2024-05-01T00:00:00Z",
    "sequence": 0,
    "scenario_id": "scenario-239-volatility_feedback",
    "agent_id": "agent-volatility_feedback",
    "order_id": "scenario-239-volatility_feedback-agent-volatility_feedback-0",
    "action": "new",
    "side": "buy",
    "price": 65304.238999999994,
    "quantity": 0.02,
    "remaining_quantity": 0.02
  },
  {
    "event_id": "07143022db00d6f0e62d4df72581b64c3c21f54b76f38d20a25606309520ef58",
    "schema_version": "1.0.0",
    "event_type": "agent_order",
    "source": "synthetic_agent",
    "symbol": "BTCUSDT",
    "exchange": "binance_usdm",
    "timestamp": "2024-05-01T00:00:00.020000Z",
    "sequence": 1,
    "scenario_id": "scenario-239-volatility_feedback",
    "agent_id": "agent-volatility_feedback",
    "order_id": "scenario-239-volatility_feedback-agent-volatility_feedback-1",
    "action": "new",
    "side": "sell",
    "price": 65172.45622,
    "quantity": 0.03,
    "remaining_quantity": 0.03
  },
  {
    "event_id": "e9126ce9be7ee757e91d8eeaf56e546ddadb2555b6e68f51fbb237865817823f",
    "schema_version": "1.0.0",
    "event_type": "agent_order",
    "source": "synthetic_agent",
    "symbol": "BTCUSDT",
    "exchange": "binance_usdm",
    "timestamp": "2024-05-01T00:00:00.040000Z",
    "sequence": 2,
    "scenario_id": "scenario-239-volatility_feedback",
    "agent_id": "agent-volatility_feedback",
    "order_id": "scenario-239-volatility_feedback-agent-volatility_feedback-2",
    "action": "new",
    "side": "buy",
    "price": 65306.84856,
    "quantity": 0.04,
    "remaining_quantity": 0.04
  },
  {
    "event_id": "074922265b2e5989039df0a9529cf567e20c91c2acd4b50b0c507f5f1c667407",
    "schema_version": "1.0.0",
    "event_type": "agent_order",
    "source": "synthetic_agent",
    "symbol": "BTCUSDT",
    "exchange": "binance_usdm",
    "timestamp": "2024-05-01T00:00:00.060000Z",
    "sequence": 3,
    "scenario_id": "scenario-239-volatility_feedback",
    "agent_id": "agent-volatility_feedback",
    "order_id": "scenario-239-volatility_feedback-agent-volatility_feedback-3",
    "action": "new",
    "side": "sell",
    "price": 65169.84666,
    "quantity": 0.05,
    "remaining_quantity": 0.05
  },
  {
    "event_id": "2cd52e7e3e5d8deab4bbb0e98862ecc5e9911cd7afaf6707545d565ccc28f983",
    "schema_version": "1.0.0",
    "event_type": "agent_order",
    "source": "synthetic_agent",
    "symbol": "BTCUSDT",
    "exchange": "binance_usdm",
    "timestamp": "2024-05-01T00:00:00.080000Z",
    "sequence": 4,
    "scenario_id": "scenario-239-volatility_feedback",
    "agent_id": "agent-volatility_feedback",
    "order_id": "scenario-239-volatility_feedback-agent-volatility_feedback-4",
    "action": "new",
    "side": "buy",
    "price": 65309.458119999996,
    "quantity": 0.02,
    "remaining_quantity": 0.02
  },
  {
    "event_id": "958ecda4102e9a5bd04df020c4a5b28aca848ff8a0ebfe05fc44d1d39cc11cec",
    "schema_version": "1.0.0",
    "event_type": "agent_order",
    "source": "synthetic_agent",
    "symbol": "BTCUSDT",
    "exchange": "binance_usdm",
    "timestamp": "2024-05-01T00:00:00.100000Z",
    "sequence": 5,
    "scenario_id": "scenario-239-volatility_feedback",
    "agent_id": "agent-volatility_feedback",
    "order_id": "scenario-239-volatility_feedback-agent-volatility_feedback-5",
    "action": "new",
    "side": "sell",
    "price": 65167.2371,
    "quantity": 0.03,
    "remaining_quantity": 0.03
  },
  {
    "event_id": "90bba4d3436db71c416871008cffc6b2a1505e0fe1b0bf7a5f07b83e57c69bd8",
    "schema_version": "1.0.0",
    "event_type": "agent_order",
    "source": "synthetic_agent",
    "symbol": "BTCUSDT",
    "exchange": "binance_usdm",
    "timestamp": "2024-05-01T00:00:00.120000Z",
    "sequence": 6,
    "scenario_id": "scenario-239-volatility_feedback",
    "agent_id": "agent-volatility_feedback",
    "order_id": "scenario-239-volatility_feedback-agent-volatility_feedback-6",
    "action": "new",
    "side": "buy",
    "price": 65312.06768,
    "quantity": 0.04,
    "remaining_quantity": 0.04
  },
  {
    "event_id": "1e81f1a5e0a3a3fbd423713553f8d75e5cda8740758436c6c3998908f16ec880",
    "schema_version": "1.0.0",
    "event_type": "agent_order",
    "source": "synthetic_agent",
    "symbol": "BTCUSDT",
    "exchange": "binance_usdm",
    "timestamp": "2024-05-01T00:00:00.140000Z",
    "sequence": 7,
    "scenario_id": "scenario-239-volatility_feedback",
    "agent_id": "agent-volatility_feedback",
    "order_id": "scenario-239-volatility_feedback-agent-volatility_feedback-7",
    "action": "new",
    "side": "sell",
    "price": 65164.62754,
    "quantity": 0.05,
    "remaining_quantity": 0.05
  },
  {
    "event_id": "e04f42c9c9850168ed027ee7c2927d834888bf8c4fbebe05386148811bb90b5b",
    "schema_version": "1.0.0",
    "event_type": "agent_order",
    "source": "synthetic_agent",
    "symbol": "BTCUSDT",
    "exchange": "binance_usdm",
    "timestamp": "2024-05-01T00:00:00.160000Z",
    "sequence": 8,
    "scenario_id": "scenario-239-volatility_feedback",
    "agent_id": "agent-volatility_feedback",
    "order_id": "scenario-239-volatility_feedback-agent-volatility_feedback-8",
    "action": "new",
    "side": "buy",
    "price": 65314.677240000005,
    "quantity": 0.02,
    "remaining_quantity": 0.02
  },
  {
    "event_id": "2f454eb562fdde1067ee63ccaca54ef7b90318c7bd562e765e16a9d7f844d7d6",
    "schema_version": "1.0.0",
    "event_type": "agent_order",
    "source": "synthetic_agent",
    "symbol": "BTCUSDT",
    "exchange": "binance_usdm",
    "timestamp": "2024-05-01T00:00:00.180000Z",
    "sequence": 9,
    "scenario_id": "scenario-239-volatility_feedback",
    "agent_id": "agent-volatility_feedback",
    "order_id": "scenario-239-volatility_feedback-agent-volatility_feedback-9",
    "action": "new",
    "side": "sell",
    "price": 65162.017980000004,
    "quantity": 0.03,
    "remaining_quantity": 0.03
  },
  {
    "event_id": "3b3acf9a5dc29cda81c59a401bb70e41806a639201960a33094c0a312834ef2d",
    "schema_version": "1.0.0",
    "event_type": "agent_order",
    "source": "synthetic_agent",
    "symbol": "BTCUSDT",
    "exchange": "binance_usdm",
    "timestamp": "2024-05-01T00:00:00.200000Z",
    "sequence": 10,
    "scenario_id": "scenario-239-volatility_feedback",
    "agent_id": "agent-volatility_feedback",
    "order_id": "scenario-239-volatility_feedback-agent-volatility_feedback-10",
    "action": "new",
    "side": "buy",
    "price": 65317.28680000001,
    "quantity": 0.04,
    "remaining_quantity": 0.04
  },
  {
    "event_id": "64acb15c17d58794ce7fff0609c7376a53faab09fed0023691c4fa72f7c72c15",
    "schema_version": "1.0.0",
    "event_type": "agent_order",
    "source": "synthetic_agent",
    "symbol": "BTCUSDT",
    "exchange": "binance_usdm",
    "timestamp": "2024-05-01T00:00:00.220000Z",
    "sequence": 11,
    "scenario_id": "scenario-239-volatility_feedback",
    "agent_id": "agent-volatility_feedback",
    "order_id": "scenario-239-volatility_feedback-agent-volatility_feedback-11",
    "action": "new",
    "side": "sell",
    "price": 65159.40842,
    "quantity": 0.05,
    "remaining_quantity": 0.05
  },
  {
    "event_id": "e75cd11bbba690420810bebef166fbab71070b558fcea28f6e85c2167844c26f",
    "schema_version": "1.0.0",
    "event_type": "agent_order",
    "source": "synthetic_agent",
    "symbol": "BTCUSDT",
    "exchange": "binance_usdm",
    "timestamp": "2024-05-01T00:00:00.240000Z",
    "sequence": 12,
    "scenario_id": "scenario-239-volatility_feedback",
    "agent_id": "agent-volatility_feedback",
    "order_id": "scenario-239-volatility_feedback-agent-volatility_feedback-12",
    "action": "new",
    "side": "buy",
    "price": 65319.89635999999,
    "quantity": 0.02,
    "remaining_quantity": 0.02
  },
  {
    "event_id": "22f24d13849ea0d527dab56ce4862e0421c7a81d86916851eef2b8853b05df8b",
    "schema_version": "1.0.0",
    "event_type": "agent_order",
    "source": "synthetic_agent",
    "symbol": "BTCUSDT",
    "exchange": "binance_usdm",
    "timestamp": "2024-05-01T00:00:00.260000Z",
    "sequence": 13,
    "scenario_id": "scenario-239-volatility_feedback",
    "agent_id": "agent-volatility_feedback",
    "order_id": "scenario-239-volatility_feedback-agent-volatility_feedback-13",
    "action": "new",
    "side": "sell",
    "price": 65156.798859999995,
    "quantity": 0.03,
    "remaining_quantity": 0.03
  },
  {
    "event_id": "6e74dea2027852b45ecb2b054cf3761c761627161eb9fe7f94abb259763eb61f",
    "schema_version": "1.0.0",
    "event_type": "agent_order",
    "source": "synthetic_agent",
    "symbol": "BTCUSDT",
    "exchange": "binance_usdm",
    "timestamp": "2024-05-01T00:00:00.280000Z",
    "sequence": 14,
    "scenario_id": "scenario-239-volatility_feedback",
    "agent_id": "agent-volatility_feedback",
    "order_id": "scenario-239-volatility_feedback-agent-volatility_feedback-14",
    "action": "new",
    "side": "buy",
    "price": 65322.505919999996,
    "quantity": 0.04,
    "remaining_quantity": 0.04
  },
  {
    "event_id": "27c256038867e45c23f0cfbfa4be10605490e35ce46c42599751123b0d37a321",
    "schema_version": "1.0.0",
    "event_type": "agent_order",
    "source": "synthetic_agent",
    "symbol": "BTCUSDT",
    "exchange": "binance_usdm",
    "timestamp": "2024-05-01T00:00:00.300000Z",
    "sequence": 15,
    "scenario_id": "scenario-239-volatility_feedback",
    "agent_id": "agent-volatility_feedback",
    "order_id": "scenario-239-volatility_feedback-agent-volatility_feedback-15",
    "action": "new",
    "side": "sell",
    "price": 65154.189300000005,
    "quantity": 0.05,
    "remaining_quantity": 0.05
  },
  {
    "event_id": "fe83df70034eaffe8accc45e525c3659abc56261ba68b09f34ea09ab5cf44b7e",
    "schema_version": "1.0.0",
    "event_type": "agent_order",
    "source": "synthetic_agent",
    "symbol": "BTCUSDT",
    "exchange": "binance_usdm",
    "timestamp": "2024-05-01T00:00:00.320000Z",
    "sequence": 16,
    "scenario_id": "scenario-239-volatility_feedback",
    "agent_id": "agent-volatility_feedback",
    "order_id": "scenario-239-volatility_feedback-agent-volatility_feedback-16",
    "action": "new",
    "side": "buy",
    "price": 65325.11548,
    "quantity": 0.02,
    "remaining_quantity": 0.02
  },
  {
    "event_id": "9aab9425f0957609e62e4b33b693f6b2174698f878f93e6087d26f1ada118039",
    "schema_version": "1.0.0",
    "event_type": "agent_order",
    "source": "synthetic_agent",
    "symbol": "BTCUSDT",
    "exchange": "binance_usdm",
    "timestamp": "2024-05-01T00:00:00.340000Z",
    "sequence": 17,
    "scenario_id": "scenario-239-volatility_feedback",
    "agent_id": "agent-volatility_feedback",
    "order_id": "scenario-239-volatility_feedback-agent-volatility_feedback-17",
    "action": "new",
    "side": "sell",
    "price": 65151.57974,
    "quantity": 0.03,
    "remaining_quantity": 0.03
  },
  {
    "event_id": "f926389611c5e59f079862104616b4e9fbf3668446aedb3323d3c8a97c0a2aa4",
    "schema_version": "1.0.0",
    "event_type": "agent_order",
    "source": "synthetic_agent",
    "symbol": "BTCUSDT",
    "exchange": "binance_usdm",
    "timestamp": "2024-05-01T00:00:00.360000Z",
    "sequence": 18,
    "scenario_id": "scenario-239-volatility_feedback",
    "agent_id": "agent-volatility_feedback",
    "order_id": "scenario-239-volatility_feedback-agent-volatility_feedback-18",
    "action": "new",
    "side": "buy",
    "price": 65327.725040000005,
    "quantity": 0.04,
    "remaining_quantity": 0.04
  },
  {
    "event_id": "07e0fd7cc299f959255b86798cc1114856719e7d364bd17d5977594aaaa623a5",
    "schema_version": "1.0.0",
    "event_type": "agent_order",
    "source": "synthetic_agent",
    "symbol": "BTCUSDT",
    "exchange": "binance_usdm",
    "timestamp": "2024-05-01T00:00:00.380000Z",
    "sequence": 19,
    "scenario_id": "scenario-239-volatility_feedback",
    "agent_id": "agent-volatility_feedback",
    "order_id": "scenario-239-volatility_feedback-agent-volatility_feedback-19",
    "action": "new",
    "side": "sell",
    "price": 65148.97018,
    "quantity": 0.05,
    "remaining_quantity": 0.05
  },
  {
    "event_id": "db978681f2bb995b9c4728ca217cc42a810e81f6ae1f4f65cfa24a96a4366d75",
    "schema_version": "1.0.0",
    "event_type": "agent_order",
    "source": "synthetic_agent",
    "symbol": "BTCUSDT",
    "exchange": "binance_usdm",
    "timestamp": "2024-05-01T00:00:00.400000Z",
    "sequence": 20,
    "scenario_id": "scenario-239-volatility_feedback",
    "agent_id": "agent-volatility_feedback",
    "order_id": "scenario-239-volatility_feedback-agent-volatility_feedback-20",
    "action": "new",
    "side": "buy",
    "price": 65330.3346,
    "quantity": 0.02,
    "remaining_quantity": 0.02
  },
  {
    "event_id": "fde0916b9efc8b317cb213ad462fee9b4de7287686971da10a3adddf8824387c",
    "schema_version": "1.0.0",
    "event_type": "agent_order",
    "source": "synthetic_agent",
    "symbol": "BTCUSDT",
    "exchange": "binance_usdm",
    "timestamp": "2024-05-01T00:00:00.420000Z",
    "sequence": 21,
    "scenario_id": "scenario-239-volatility_feedback",
    "agent_id": "agent-volatility_feedback",
    "order_id": "scenario-239-volatility_feedback-agent-volatility_feedback-21",
    "action": "new",
    "side": "sell",
    "price": 65146.36062,
    "quantity": 0.03,
    "remaining_quantity": 0.03
  },
  {
    "event_id": "bd28ebf66f61ed5ddf69e8d32251163e56dfbbb125233ffc09925c0af75835b9",
    "schema_version": "1.0.0",
    "event_type": "agent_order",
    "source": "synthetic_agent",
    "symbol": "BTCUSDT",
    "exchange": "binance_usdm",
    "timestamp": "2024-05-01T00:00:00.440000Z",
    "sequence": 22,
    "scenario_id": "scenario-239-volatility_feedback",
    "agent_id": "agent-volatility_feedback",
    "order_id": "scenario-239-volatility_feedback-agent-volatility_feedback-22",
    "action": "new",
    "side": "buy",
    "price": 65332.94416000001,
    "quantity": 0.04,
    "remaining_quantity": 0.04
  },
  {
    "event_id": "26dd58e0d4dcf5df456f50e70902efe3c6fc263e17a489fa402ddbb7a50e841d",
    "schema_version": "1.0.0",
    "event_type": "agent_order",
    "source": "synthetic_agent",
    "symbol": "BTCUSDT",
    "exchange": "binance_usdm",
    "timestamp": "2024-05-01T00:00:00.460000Z",
    "sequence": 23,
    "scenario_id": "scenario-239-volatility_feedback",
    "agent_id": "agent-volatility_feedback",
    "order_id": "scenario-239-volatility_feedback-agent-volatility_feedback-23",
    "action": "new",
    "side": "sell",
    "price": 65143.75106,
    "quantity": 0.05,
    "remaining_quantity": 0.05
  },
  {
    "event_id": "c89b0cbee8209166a743cfdafdeb2b8d84250e2783b165084db6b2c3bd1d56a0",
    "schema_version": "1.0.0",
    "event_type": "agent_order",
    "source": "synthetic_agent",
    "symbol": "BTCUSDT",
    "exchange": "binance_usdm",
    "timestamp": "2024-05-01T00:00:00.480000Z",
    "sequence": 24,
    "scenario_id": "scenario-239-volatility_feedback",
    "agent_id": "agent-volatility_feedback",
    "order_id": "scenario-239-volatility_feedback-agent-volatility_feedback-24",
    "action": "new",
    "side": "buy",
    "price": 65335.553719999996,
    "quantity": 0.02,
    "remaining_quantity": 0.02
  },
  {
    "event_id": "f9fefb2cf5f4be52ea8abc0a0a98adb6a5277caddb54e4b7e7898efcc27eb93c",
    "schema_version": "1.0.0",
    "event_type": "agent_order",
    "source": "synthetic_agent",
    "symbol": "BTCUSDT",
    "exchange": "binance_usdm",
    "timestamp": "2024-05-01T00:00:00.500000Z",
    "sequence": 25,
    "scenario_id": "scenario-239-volatility_feedback",
    "agent_id": "agent-volatility_feedback",
    "order_id": "scenario-239-volatility_feedback-agent-volatility_feedback-25",
    "action": "new",
    "side": "sell",
    "price": 65141.141500000005,
    "quantity": 0.03,
    "remaining_quantity": 0.03
  },
  {
    "event_id": "e46833904773d4495260741afd7b4c5fc43ce2f4a0af5a37b3d2427408a23351",
    "schema_version": "1.0.0",
    "event_type": "agent_order",
    "source": "synthetic_agent",
    "symbol": "BTCUSDT",
    "exchange": "binance_usdm",
    "timestamp": "2024-05-01T00:00:00.520000Z",
    "sequence": 26,
    "scenario_id": "scenario-239-volatility_feedback",
    "agent_id": "agent-volatility_feedback",
    "order_id": "scenario-239-volatility_feedback-agent-volatility_feedback-26",
    "action": "new",
    "side": "buy",
    "price": 65338.16328,
    "quantity": 0.04,
    "remaining_quantity": 0.04
  },
  {
    "event_id": "32b4e16811154e952b4cdc21b4f74e799c34d3f1ce0334165788be8ebcc578ce",
    "schema_version": "1.0.0",
    "event_type": "agent_order",
    "source": "synthetic_agent",
    "symbol": "BTCUSDT",
    "exchange": "binance_usdm",
    "timestamp": "2024-05-01T00:00:00.540000Z",
    "sequence": 27,
    "scenario_id": "scenario-239-volatility_feedback",
    "agent_id": "agent-volatility_feedback",
    "order_id": "scenario-239-volatility_feedback-agent-volatility_feedback-27",
    "action": "new",
    "side": "sell",
    "price": 65138.53194,
    "quantity": 0.05,
    "remaining_quantity": 0.05
  },
  {
    "event_id": "f2a1d874939b8c45eb7ffe525a15bf0f7109dae369225e7c05148bea3821b174",
    "schema_version": "1.0.0",
    "event_type": "agent_order",
    "source": "synthetic_agent",
    "symbol": "BTCUSDT",
    "exchange": "binance_usdm",
    "timestamp": "2024-05-01T00:00:00.560000Z",
    "sequence": 28,
    "scenario_id": "scenario-239-volatility_feedback",
    "agent_id": "agent-volatility_feedback",
    "order_id": "scenario-239-volatility_feedback-agent-volatility_feedback-28",
    "action": "new",
    "side": "buy",
    "price": 65340.77284,
    "quantity": 0.02,
    "remaining_quantity": 0.02
  },
  {
    "event_id": "e2da5adeb59533a7152832f87d5514f29c70d9011405ad82dfe8b9f6d32bab71",
    "schema_version": "1.0.0",
    "event_type": "agent_order",
    "source": "synthetic_agent",
    "symbol": "BTCUSDT",
    "exchange": "binance_usdm",
    "timestamp": "2024-05-01T00:00:00.580000Z",
    "sequence": 29,
    "scenario_id": "scenario-239-volatility_feedback",
    "agent_id": "agent-volatility_feedback",
    "order_id": "scenario-239-volatility_feedback-agent-volatility_feedback-29",
    "action": "new",
    "side": "sell",
    "price": 65135.922379999996,
    "quantity": 0.03,
    "remaining_quantity": 0.03
  }
]