[
  {
    "event_id": "d1445168e8a6b5f21b286de0668fa98a4ce5ab32204e6a652b7c1755a588f108",
    "schema_version": "1.0.0",
    "event_type": "agent_order",
    "source": "synthetic_agent",
    "symbol": "BTCUSDT",
    "exchange": "binance_usdm",
    "timestamp": "2024-05-01T00:00:00Z",
    "sequence": 0,
    "scenario_id": "scenario-584-latency_edge",
    "agent_id": "agent-latency_edge",
    "order_id": "scenario-584-latency_edge-agent-latency_edge-0",
    "action": "new",
    "side": "buy",
    "price": 65623.3504,
    "quantity": 0.006,
    "remaining_quantity": 0.006
  },
  {
    "event_id": "b14f6457a513718eda95b769f6d9ed97cd363c5b1fdcc75a601a42a5e0ec5da0",
    "schema_version": "1.0.0",
    "event_type": "agent_order",
    "source": "synthetic_agent",
    "symbol": "BTCUSDT",
    "exchange": "binance_usdm",
    "timestamp": "2024-05-01T00:00:00.008000Z",
    "sequence": 1,
    "scenario_id": "scenario-584-latency_edge",
    "agent_id": "agent-latency_edge",
    "order_id": "scenario-584-latency_edge-agent-latency_edge-1",
    "action": "new",
    "side": "buy",
    "price": 65623.3504,
    "quantity": 0.006,
    "remaining_quantity": 0.006
  },
  {
    "event_id": "6697b4818142f3dd97a30ea8c48740118da2510775ade2faa15c58c61a61ebac",
    "schema_version": "1.0.0",
    "event_type": "agent_order",
    "source": "synthetic_agent",
    "symbol": "BTCUSDT",
    "exchange": "binance_usdm",
    "timestamp": "2024-05-01T00:00:00.016000Z",
    "sequence": 2,
    "scenario_id": "scenario-584-latency_edge",
    "agent_id": "agent-latency_edge",
    "order_id": "scenario-584-latency_edge-agent-latency_edge-2",
    "action": "new",
    "side": "sell",
    "price": 65544.6496,
    "quantity": 0.006,
    "remaining_quantity": 0.006
  },
  {
    "event_id": "4ffa3e8885e5b0b6f0ee23dd13c989a96b18fdaf76438bf84cba302373484556",
    "schema_version": "1.0.0",
    "event_type": "agent_order",
    "source": "synthetic_agent",
    "symbol": "BTCUSDT",
    "exchange": "binance_usdm",
    "timestamp": "2024-05-01T00:00:00.024000Z",
    "sequence": 3,
    "scenario_id": "scenario-584-latency_edge",
    "agent_id": "agent-latency_edge",
    "order_id": "scenario-584-latency_edge-agent-latency_edge-3",
    "action": "new",
    "side": "sell",
    "price": 65544.6496,
    "quantity": 0.006,
    "remaining_quantity": 0.006
  },
  {
    "event_id": "11547d7df174bb111cb0f6993a9ba46d764b86a3c3b413e06f75d06c4d12d1ee",
    "schema_version": "1.0.0",
    "event_type": "agent_order",
    "source": "synthetic_agent",
    "symbol": "BTCUSDT",
    "exchange": "binance_usdm",
    "timestamp": "2024-05-01T00:00:00.032000Z",
    "sequence": 4,
    "scenario_id": "scenario-584-latency_edge",
    "agent_id": "agent-latency_edge",
    "order_id": "scenario-584-latency_edge-agent-latency_edge-4",
    "action": "new",
    "side": "buy",
    "price": 65623.3504,
    "quantity": 0.006,
    "remaining_quantity": 0.006
  },
  {
    "event_id": "6cf27f587a147254f4c773baa8596c98ab29a3ecce1a3541883732e1136fcc94",
    "schema_version": "1.0.0",
    "event_type": "agent_order",
    "source": "synthetic_agent",
    "symbol": "BTCUSDT",
    "exchange": "binance_usdm",
    "timestamp": "2024-05-01T00:00:00.040000Z",
    "sequence": 5,
    "scenario_id": "scenario-584-latency_edge",
    "agent_id": "agent-latency_edge",
    "order_id": "scenario-584-latency_edge-agent-latency_edge-5",
    "action": "new",
    "side": "buy",
    "price": 65623.3504,
    "quantity": 0.006,
    "remaining_quantity": 0.006
  },
  {
    "event_id": "8bd9854fd55cdd2560574800496744529d2cd8fdb1fd86d711b51dc79a523ecc",
    "schema_version": "1.0.0",
    "event_type": "agent_order",
    "source": "synthetic_agent",
    "symbol": "BTCUSDT",
    "exchange": "binance_usdm",
    "timestamp": "2024-05-01T00:00:00.048000Z",
    "sequence": 6,
    "scenario_id": "scenario-584-latency_edge",
    "agent_id": "agent-latency_edge",
    "order_id": "scenario-584-latency_edge-agent-latency_edge-6",
    "action": "new",
    "side": "sell",
    "price": 65544.6496,
    "quantity": 0.006,
    "remaining_quantity": 0.006
  },
  {
    "event_id": "eb710a95136e9cbff45c875f63db975e09952b21540b54543f8cb4de71758054",
    "schema_version": "1.0.0",
    "event_type": "agent_order",
    "source": "synthetic_agent",
    "symbol": "BTCUSDT",
    "exchange": "binance_usdm",
    "timestamp": "2024-05-01T00:00:00.056000Z",
    "sequence": 7,
    "scenario_id": "scenario-584-latency_edge",
    "agent_id": "agent-latency_edge",
    "order_id": "scenario-584-latency_edge-agent-latency_edge-7",
    "action": "new",
    "side": "sell",
    "price": 65544.6496,
    "quantity": 0.006,
    "remaining_quantity": 0.006
  },
  {
    "event_id": "91a853f5b541c89e5ad195505666f690b4766d6aadc8cf8c1ec96ecbade22343",
    "schema_version": "1.0.0",
    "event_type": "agent_order",
    "source": "synthetic_agent",
    "symbol": "BTCUSDT",
    "exchange": "binance_usdm",
    "timestamp": "2024-05-01T00:00:00.064000Z",
    "sequence": 8,
    "scenario_id": "scenario-584-latency_edge",
    "agent_id": "agent-latency_edge",
    "order_id": "scenario-584-latency_edge-agent-latency_edge-8",
    "action": "new",
    "side": "buy",
    "price": 65623.3504,
    "quantity": 0.006,
    "remaining_quantity": 0.006
  },
  {
    "event_id": "adba0b015506c1f889dc51f93435e4eabd30fb12d0ed06d6840512434b4e3bed",
    "schema_version": "1.0.0",
    "event_type": "agent_order",
    "source": "synthetic_agent",
    "symbol": "BTCUSDT",
    "exchange": "binance_usdm",
    "timestamp": "2024-05-01T00:00:00.072000Z",
    "sequence": 9,
    "scenario_id": "scenario-584-latency_edge",
    "agent_id": "agent-latency_edge",
    "order_id": "scenario-584-latency_edge-agent-latency_edge-9",
    "action": "new",
    "side": "buy",
    "price": 65623.3504,
    "quantity": 0.006,
    "remaining_quantity": 0.006
  },
  {
    "event_id": "f03ea083e15c183244d8d76fce9264b37641fe67f0fd8126d9f082dd825c6e68",
    "schema_version": "1.0.0",
    "event_type": "agent_order",
    "source": "synthetic_agent",
    "symbol": "BTCUSDT",
    "exchange": "binance_usdm",
    "timestamp": "2024-05-01T00:00:00.080000Z",
    "sequence": 10,
    "scenario_id": "scenario-584-latency_edge",
    "agent_id": "agent-latency_edge",
    "order_id": "scenario-584-latency_edge-agent-latency_edge-10",
    "action": "new",
    "side": "sell",
    "price": 65544.6496,
    "quantity": 0.006,
    "remaining_quantity": 0.006
  },
  {
    "event_id": "fee75ea73cd0bc1868db8a8fa7e210bfaab05a0883f1c1e9d066ea9d5a6b1c62",
    "schema_version": "1.0.0",
    "event_type": "agent_order",
    "source": "synthetic_agent",
    "symbol": "BTCUSDT",
    "exchange": "binance_usdm",
    "timestamp": "2024-05-01T00:00:00.088000Z",
    "sequence": 11,
    "scenario_id": "scenario-584-latency_edge",
    "agent_id": "agent-latency_edge",
    "order_id": "scenario-584-latency_edge-agent-latency_edge-11",
    "action": "new",
    "side": "sell",
    "price": 65544.6496,
    "quantity": 0.006,
    "remaining_quantity": 0.006
  },
  {
    "event_id": "02ba5759848f40ff97179946e8c08cdf94991b555d94a3ea1c6751ed3508206e",
    "schema_version": "1.0.0",
    "event_type": "agent_order",
    "source": "synthetic_agent",
    "symbol": "BTCUSDT",
    "exchange": "binance_usdm",
    "timestamp": "2024-05-01T00:00:00.096000Z",
    "sequence": 12,
    "scenario_id": "scenario-584-latency_edge",
    "agent_id": "agent-latency_edge",
    "order_id": "scenario-584-latency_edge-agent-latency_edge-12",
    "action": "new",
    "side": "buy",
    "price": 65623.3504,
    "quantity": 0.006,
    "remaining_quantity": 0.006
  },
  {
    "event_id": "afc7dd4c1782a5e64cbb3820c58043e7c6fd0259bfa07600ab60eb23a925b13e",
    "schema_version": "1.0.0",
    "event_type": "agent_order",
    "source": "synthetic_agent",
    "symbol": "BTCUSDT",
    "exchange": "binance_usdm",
    "timestamp": "2024-05-01T00:00:00.104000Z",
    "sequence": 13,
    "scenario_id": "scenario-584-latency_edge",
    "agent_id": "agent-latency_edge",
    "order_id": "scenario-584-latency_edge-agent-latency_edge-13",
    "action": "new",
    "side": "buy",
    "price": 65623.3504,
    "quantity": 0.006,
    "remaining_quantity": 0.006
  },
  {
    "event_id": "35e5a4880a4b809370dee1e4291df382c2ef766a7505975dd081dc4f42c33979",
    "schema_version": "1.0.0",
    "event_type": "agent_order",
    "source": "synthetic_agent",
    "symbol": "BTCUSDT",
    "exchange": "binance_usdm",
    "timestamp": "2024-05-01T00:00:00.112000Z",
    "sequence": 14,
    "scenario_id": "scenario-584-latency_edge",
    "agent_id": "agent-latency_edge",
    "order_id": "scenario-584-latency_edge-agent-latency_edge-14",
    "action": "new",
    "side": "sell",
    "price": 65544.6496,
    "quantity": 0.006,
    "remaining_quantity": 0.006
  },
  {
    "event_id": "e4d4f7bc2429ea1ff4cf4c0a769fbb8e8b0b8e77e20790bd8b9a3cc68cfa8f83",
    "schema_version": "1.0.0",
    "event_type": "agent_order",
    "source": "synthetic_agent",
    "symbol": "BTCUSDT",
    "exchange": "binance_usdm",
    "timestamp": "2024-05-01T00:00:00.120000Z",
    "sequence": 15,
    "scenario_id": "scenario-584-latency_edge",
    "agent_id": "agent-latency_edge",
    "order_id": "scenario-584-latency_edge-agent-latency_edge-15",
    "action": "new",
    "side": "sell",
    "price": 65544.6496,
    "quantity": 0.006,
    "remaining_quantity": 0.006
  },
  {
    "event_id": "2bbc01504b36142dc8700b3b8dea9998d37a1d8fb33b017f3b6ca041be4c83d2",
    "schema_version": "1.0.0",
    "event_type": "agent_order",
    "source": "synthetic_agent",
    "symbol": "BTCUSDT",
    "exchange": "binance_usdm",
    "timestamp": "2024-05-01T00:00:00.128000Z",
    "sequence": 16,
    "scenario_id": "scenario-584-latency_edge",
    "agent_id": "agent-latency_edge",
    "order_id": "scenario-584-latency_edge-agent-latency_edge-16",
    "action": "new",
    "side": "buy",
    "price": 65623.3504,
    "quantity": 0.006,
    "remaining_quantity": 0.006
  },
  {
    "event_id": "919954bd5ac14490098550554aca975b6dcced9368d8b7e0246f395725b54930",
    "schema_version": "1.0.0",
    "event_type": "agent_order",
    "source": "synthetic_agent",
    "symbol": "BTCUSDT",
    "exchange": "binance_usdm",
    "timestamp": "2024-05-01T00:00:00.136000Z",
    "sequence": 17,
    "scenario_id": "scenario-584-latency_edge",
    "agent_id": "agent-latency_edge",
    "order_id": "scenario-584-latency_edge-agent-latency_edge-17",
    "action": "new",
    "side": "buy",
    "price": 65623.3504,
    "quantity": 0.006,
    "remaining_quantity": 0.006
  },
  {
    "event_id": "abea2f14dcff8086c767684795ee560ba9db3e1cc69451c884f1a41bec3398e2",
    "schema_version": "1.0.0",
    "event_type": "agent_order",
    "source": "synthetic_agent",
    "symbol": "BTCUSDT",
    "exchange": "binance_usdm",
    "timestamp": "2024-05-01T00:00:00.144000Z",
    "sequence": 18,
    "scenario_id": "scenario-584-latency_edge",
    "agent_id": "agent-latency_edge",
    "order_id": "scenario-584-latency_edge-agent-latency_edge-18",
    "action": "new",
    "side": "sell",
    "price": 65544.6496,
    "quantity": 0.006,
    "remaining_quantity": 0.006
  },
  {
    "event_id": "6ffa6aaa52cf3f9def9dafe11f4aaa52102a012a121642486430513ee7778cbf",
    "schema_version": "1.0.0",
    "event_type": "agent_order",
    "source": "synthetic_agent",
    "symbol": "BTCUSDT",
    "exchange": "binance_usdm",
    "timestamp": "2024-05-01T00:00:00.152000Z",
    "sequence": 19,
    "scenario_id": "scenario-584-latency_edge",
    "agent_id": "agent-latency_edge",
    "order_id": "scenario-584-latency_edge-agent-latency_edge-19",
    "action": "new",
    "side": "sell",
    "price": 65544.6496,
    "quantity": 0.006,
    "remaining_quantity": 0.006
  },
  {
    "event_id": "d927d651f25fe72372295c85b4898caab5fc54fd42cb5123294594fa7c99bda8",
    "schema_version": "1.0.0",
    "event_type": "agent_order",
    "source": "synthetic_agent",
    "symbol": "BTCUSDT",
    "exchange": "binance_usdm",
    "timestamp": "2024-05-01T00:00:00.160000Z",
    "sequence": 20,
    "scenario_id": "scenario-584-latency_edge",
    "agent_id": "agent-latency_edge",
    "order_id": "scenario-584-latency_edge-agent-latency_edge-20",
    "action": "new",
    "side": "buy",
    "price": 65623.3504,
    "quantity": 0.006,
    "remaining_quantity": 0.006
  },
  {
    "event_id": "3760de4449c26e57879dc820489e6ccee4d104495973daa5ed89547b59aee2b9",
    "schema_version": "1.0.0",
    "event_type": "agent_order",
    "source": "synthetic_agent",
    "symbol": "BTCUSDT",
    "exchange": "binance_usdm",
    "timestamp": "2024-05-01T00:00:00.168000Z",
    "sequence": 21,
    "scenario_id": "scenario-584-latency_edge",
    "agent_id": "agent-latency_edge",
    "order_id": "scenario-584-latency_edge-agent-latency_edge-21",
    "action": "new",
    "side": "buy",
    "price": 65623.3504,
    "quantity": 0.006,
    "remaining_quantity": 0.006
  },
  {
    "event_id": "eb082194b31b013bd2e360d852e2ce9891ce548be470c531be6d3246d4199290",
    "schema_version": "1.0.0",
    "event_type": "agent_order",
    "source": "synthetic_agent",
    "symbol": "BTCUSDT",
    "exchange": "binance_usdm",
    "timestamp": "2024-05-01T00:00:00.176000Z",
    "sequence": 22,
    "scenario_id": "scenario-584-latency_edge",
    "agent_id": "agent-latency_edge",
    "order_id": "scenario-584-latency_edge-agent-latency_edge-22",
    "action": "new",
    "side": "sell",
    "price": 65544.6496,
    "quantity": 0.006,
    "remaining_quantity": 0.006
  },
  {
    "event_id": "a1df975582077e73ed982740b14e990a3b557c66a588c6b3fcb5bd48cc9755b4",
    "schema_version": "1.0.0",
    "event_type": "agent_order",
    "source": "synthetic_agent",
    "symbol": "BTCUSDT",
    "exchange": "binance_usdm",
    "timestamp": "2024-05-01T00:00:00.184000Z",
    "sequence": 23,
    "scenario_id": "scenario-584-latency_edge",
    "agent_id": "agent-latency_edge",
    "order_id": "scenario-584-latency_edge-agent-latency_edge-23",
    "action": "new",
    "side": "sell",
    "price": 65544.6496,
    "quantity": 0.006,
    "remaining_quantity": 0.006
  },
  {
    "event_id": "f5f3ae3d173f5aa2e2132a9c3ac911d4951a7b7c25fa7b16e0c00f9aa33e014b",
    "schema_version": "1.0.0",
    "event_type": "agent_order",
    "source": "synthetic_agent",
    "symbol": "BTCUSDT",
    "exchange": "binance_usdm",
    "timestamp": "2024-05-01T00:00:00.192000Z",
    "sequence": 24,
    "scenario_id": "scenario-584-latency_edge",
    "agent_id": "agent-latency_edge",
    "order_id": "scenario-584-latency_edge-agent-latency_edge-24",
    "action": "new",
    "side": "buy",
    "price": 65623.3504,
    "quantity": 0.006,
    "remaining_quantity": 0.006
  },
  {
    "event_id": "259b19220a1bd5850a5cdc347ff03dbf131d74f4577cccffb9143cd0a631f54e",
    "schema_version": "1.0.0",
    "event_type": "agent_order",
    "source": "synthetic_agent",
    "symbol": "BTCUSDT",
    "exchange": "binance_usdm",
    "timestamp": "2024-05-01T00:00:00.200000Z",
    "sequence": 25,
    "scenario_id": "scenario-584-latency_edge",
    "agent_id": "agent-latency_edge",
    "order_id": "scenario-584-latency_edge-agent-latency_edge-25",
    "action": "new",
    "side": "buy",
    "price": 65623.3504,
    "quantity": 0.006,
    "remaining_quantity": 0.006
  },
  {
    "event_id": "e539bbbfa2a105e04c913ec7ddbd6355a99938eb5b0874cdef73cfe0354b827f",
    "schema_version": "1.0.0",
    "event_type": "agent_order",
    "source": "synthetic_agent",
    "symbol": "BTCUSDT",
    "exchange": "binance_usdm",
    "timestamp": "2024-05-01T00:00:00.208000Z",
    "sequence": 26,
    "scenario_id": "scenario-584-latency_edge",
    "agent_id": "agent-latency_edge",
    "order_id": "scenario-584-latency_edge-agent-latency_edge-26",
    "action": "new",
    "side": "sell",
    "price": 65544.6496,
    "quantity": 0.006,
    "remaining_quantity": 0.006
  },
  {
    "event_id": "ae8d74cd479521f88e90b13b1393989e9367181c4cefd4ee0f6ba87fa629a3fa",
    "schema_version": "1.0.0",
    "event_type": "agent_order",
    "source": "synthetic_agent",
    "symbol": "BTCUSDT",
    "exchange": "binance_usdm",
    "timestamp": "2024-05-01T00:00:00.216000Z",
    "sequence": 27,
    "scenario_id": "scenario-584-latency_edge",
    "agent_id": "agent-latency_edge",
    "order_id": "scenario-584-latency_edge-agent-latency_edge-27",
    "action": "new",
    "side": "sell",
    "price": 65544.6496,
    "quantity": 0.006,
    "remaining_quantity": 0.006
  },
  {
    "event_id": "0736ab04b2b1719b5a159db11405b7c529620f57b60f1e961b815d53275e9eae",
    "schema_version": "1.0.0",
    "event_type": "agent_order",
    "source": "synthetic_agent",
    "symbol": "BTCUSDT",
    "exchange": "binance_usdm",
    "timestamp": "2024-05-01T00:00:00.224000Z",
    "sequence": 28,
    "scenario_id": "scenario-584-latency_edge",
    "agent_id": "agent-latency_edge",
    "order_id": "scenario-584-latency_edge-agent-latency_edge-28",
    "action": "new",
    "side": "buy",
    "price": 65623.3504,
    "quantity": 0.006,
    "remaining_quantity": 0.006
  },
  {
    "event_id": "d734c13c47d270609a3eac156552b0ae8bb374fc78f40c555037b394eb572fb0",
    "schema_version": "1.0.0",
    "event_type": "agent_order",
    "source": "synthetic_agent",
    "symbol": "BTCUSDT",
    "exchange": "binance_usdm",
    "timestamp": "2024-05-01T00:00:00.232000Z",
    "sequence": 29,
    "scenario_id": "scenario-584-latency_edge",
    "agent_id": "agent-latency_edge",
    "order_id": "scenario-584-latency_edge-agent-latency_edge-29",
    "action": "new",
    "side": "buy",
    "price": 65623.3504,
    "quantity": 0.006,
    "remaining_quantity": 0.006
  }
]