[
  {
    "event_id": "65bdc43c216e8eedc06e07983fe8ea7532b60047df89f0dad006c7cdaf15b75d",
    "schema_version": "1.0.0",
    "event_type": "agent_order",
    "source": "synthetic_agent",
    "symbol": "BTCUSDT",
    "exchange": "binance_usdm",
    "timestamp": "2024-05-01T00:00:00Z",
    "sequence": 0,
    "scenario_id": "scenario-585-stop_run_sweep",
    "agent_id": "agent-stop_run_sweep",
    "order_id": "scenario-585-stop_run_sweep-agent-stop_run_sweep-0",
    "action": "new",
    "side": "buy",
    "price": 65650.58499999999,
    "quantity": 0.06,
    "remaining_quantity": 0.06
  },
  {
    "event_id": "0c33f016463de475c66d7d74a7f15ce08fa7cb2d0734f60f2c7ae1901e31a98f",
    "schema_version": "1.0.0",
    "event_type": "agent_order",
    "source": "synthetic_agent",
    "symbol": "BTCUSDT",
    "exchange": "binance_usdm",
    "timestamp": "2024-05-01T00:00:00.030000Z",
    "sequence": 1,
    "scenario_id": "scenario-585-stop_run_sweep",
    "agent_id": "agent-stop_run_sweep",
    "order_id": "scenario-585-stop_run_sweep-agent-stop_run_sweep-1",
    "action": "new",
    "side": "buy",
    "price": 65653.86425,
    "quantity": 0.06,
    "remaining_quantity": 0.06
  },
  {
    "event_id": "2e0038b51cfb74d549df55627bceb1741be1d4140ccd5e6b69c387417654da6f",
    "schema_version": "1.0.0",
    "event_type": "agent_order",
    "source": "synthetic_agent",
    "symbol": "BTCUSDT",
    "exchange": "binance_usdm",
    "timestamp": "2024-05-01T00:00:00.060000Z",
    "sequence": 2,
    "scenario_id": "scenario-585-stop_run_sweep",
    "agent_id": "agent-stop_run_sweep",
    "order_id": "scenario-585-stop_run_sweep-agent-stop_run_sweep-2",
    "action": "new",
    "side": "buy",
    "price": 65657.14349999999,
    "quantity": 0.06,
    "remaining_quantity": 0.06
  },
  {
    "event_id": "1dd3af439cea7de7ea400585d202bf4661c83fb56e70d309d63a0d460f65bae5",
    "schema_version": "1.0.0",
    "event_type": "agent_order",
    "source": "synthetic_agent",
    "symbol": "BTCUSDT",
    "exchange": "binance_usdm",
    "timestamp": "2024-05-01T00:00:00.090000Z",
    "sequence": 3,
    "scenario_id": "scenario-585-stop_run_sweep",
    "agent_id": "agent-stop_run_sweep",
    "order_id": "scenario-585-stop_run_sweep-agent-stop_run_sweep-3",
    "action": "new",
    "side": "buy",
    "price": 65660.42275,
    "quantity": 0.06,
    "remaining_quantity": 0.06
  },
  {
    "event_id": "6301726ca9bd31693e194b0f547c8cb09dc9c9b2a33779fad007df9f10b22d6e",
    "schema_version": "1.0.0",
    "event_type": "agent_order",
    "source": "synthetic_agent",
    "symbol": "BTCUSDT",
    "exchange": "binance_usdm",
    "timestamp": "2024-05-01T00:00:00.120000Z",
    "sequence": 4,
    "scenario_id": "scenario-585-stop_run_sweep",
    "agent_id": "agent-stop_run_sweep",
    "order_id": "scenario-585-stop_run_sweep-agent-stop_run_sweep-4",
    "action": "new",
    "side": "buy",
    "price": 65663.70199999999,
    "quantity": 0.06,
    "remaining_quantity": 0.06
  },
  {
    "event_id": "5c285b7fc65392eeed46ad4f57ba219389d6094385ac73eb0eda1ed9035de7b2",
    "schema_version": "1.0.0",
    "event_type": "agent_order",
    "source": "synthetic_agent",
    "symbol": "BTCUSDT",
    "exchange": "binance_usdm",
    "timestamp": "2024-05-01T00:00:00.150000Z",
    "sequence": 5,
    "scenario_id": "scenario-585-stop_run_sweep",
    "agent_id": "agent-stop_run_sweep",
    "order_id": "scenario-585-stop_run_sweep-agent-stop_run_sweep-5",
    "action": "new",
    "side": "buy",
    "price": 65666.98125,
    "quantity": 0.06,
    "remaining_quantity": 0.06
  },
  {
    "event_id": "77d87d5c5aa2248c6e6336ef195bfbd5a9b385e7ff3c389063406d812d8585a5",
    "schema_version": "1.0.0",
    "event_type": "agent_order",
    "source": "synthetic_agent",
    "symbol": "BTCUSDT",
    "exchange": "binance_usdm",
    "timestamp": "2024-05-01T00:00:00.180000Z",
    "sequence": 6,
    "scenario_id": "scenario-585-stop_run_sweep",
    "agent_id": "agent-stop_run_sweep",
    "order_id": "scenario-585-stop_run_sweep-agent-stop_run_sweep-6",
    "action": "new",
    "side": "buy",
    "price": 65670.26049999999,
    "quantity": 0.06,
    "remaining_quantity": 0.06
  },
  {
    "event_id": "cc4e452d2efb50ae521f7174279cab49506178058890e2a5ebbf95120f0107d0",
    "schema_version": "1.0.0",
    "event_type": "agent_order",
    "source": "synthetic_agent",
    "symbol": "BTCUSDT",
    "exchange": "binance_usdm",
    "timestamp": "2024-05-01T00:00:00.210000Z",
    "sequence": 7,
    "scenario_id": "scenario-585-stop_run_sweep",
    "agent_id": "agent-stop_run_sweep",
    "order_id": "scenario-585-stop_run_sweep-agent-stop_run_sweep-7",
    "action": "new",
    "side": "buy",
    "price": 65673.53975,
    "quantity": 0.06,
    "remaining_quantity": 0.06
  },
  {
    "event_id": "4df66d8b421eaf3e15601d29c3fd7eb38268bf9f3937ff0fe25f724b3a4ae44f",
    "schema_version": "1.0.0",
    "event_type": "agent_order",
    "source": "synthetic_agent",
    "symbol": "BTCUSDT",
    "exchange": "binance_usdm",
    "timestamp": "2024-05-01T00:00:00.240000Z",
    "sequence": 8,
    "scenario_id": "scenario-585-stop_run_sweep",
    "agent_id": "agent-stop_run_sweep",
    "order_id": "scenario-585-stop_run_sweep-agent-stop_run_sweep-8",
    "action": "new",
    "side": "buy",
    "price": 65676.81899999999,
    "quantity": 0.06,
    "remaining_quantity": 0.06
  },
  {
    "event_id": "d3f4978691c0bc618c07cdec6e5b49393d121d28777cdd73eadf6c90eecbd322",
    "schema_version": "1.0.0",
    "event_type": "agent_order",
    "source": "synthetic_agent",
    "symbol": "BTCUSDT",
    "exchange": "binance_usdm",
    "timestamp": "2024-05-01T00:00:00.270000Z",
    "sequence": 9,
    "scenario_id": "scenario-585-stop_run_sweep",
    "agent_id": "agent-stop_run_sweep",
    "order_id": "scenario-585-stop_run_sweep-agent-stop_run_sweep-9",
    "action": "new",
    "side": "buy",
    "price": 65680.09825,
    "quantity": 0.06,
    "remaining_quantity": 0.06
  },
  {
    "event_id": "aea083c45051876bccb25bf143a8bf453a24cef6f73e2e03e20a88e8eb15efeb",
    "schema_version": "1.0.0",
    "event_type": "agent_order",
    "source": "synthetic_agent",
    "symbol": "BTCUSDT",
    "exchange": "binance_usdm",
    "timestamp": "2024-05-01T00:00:00.300000Z",
    "sequence": 10,
    "scenario_id": "scenario-585-stop_run_sweep",
    "agent_id": "agent-stop_run_sweep",
    "order_id": "scenario-585-stop_run_sweep-agent-stop_run_sweep-10",
    "action": "new",
    "side": "buy",
    "price": 65683.37749999999,
    "quantity": 0.06,
    "remaining_quantity": 0.06
  },
  {
    "event_id": "b757746da2aa29501c104534497d41391be1348d7c6d943577d2bfec55301d5e",
    "schema_version": "1.0.0",
    "event_type": "agent_order",
    "source": "synthetic_agent",
    "symbol": "BTCUSDT",
    "exchange": "binance_usdm",
    "timestamp": "2024-05-01T00:00:00.330000Z",
    "sequence": 11,
    "scenario_id": "scenario-585-stop_run_sweep",
    "agent_id": "agent-stop_run_sweep",
    "order_id": "scenario-585-stop_run_sweep-agent-stop_run_sweep-11",
    "action": "new",
    "side": "buy",
    "price": 65686.65675,
    "quantity": 0.06,
    "remaining_quantity": 0.06
  },
  {
    "event_id": "effd3832a0bc44426977411b69482549f79fbb0590ba2da2c82750fd3bed82d8",
    "schema_version": "1.0.0",
    "event_type": "agent_order",
    "source": "synthetic_agent",
    "symbol": "BTCUSDT",
    "exchange": "binance_usdm",
    "timestamp": "2024-05-01T00:00:00.360000Z",
    "sequence": 12,
    "scenario_id": "scenario-585-stop_run_sweep",
    "agent_id": "agent-stop_run_sweep",
    "order_id": "scenario-585-stop_run_sweep-agent-stop_run_sweep-12",
    "action": "new",
    "side": "buy",
    "price": 65689.93599999999,
    "quantity": 0.06,
    "remaining_quantity": 0.06
  },
  {
    "event_id": "4506d8829882b7dac9385c3540c8b8d6500ace454f40c63ea053ce7b3bfb9399",
    "schema_version": "1.0.0",
    "event_type": "agent_order",
    "source": "synthetic_agent",
    "symbol": "BTCUSDT",
    "exchange": "binance_usdm",
    "timestamp": "2024-05-01T00:00:00.390000Z",
    "sequence": 13,
    "scenario_id": "scenario-585-stop_run_sweep",
    "agent_id": "agent-stop_run_sweep",
    "order_id": "scenario-585-stop_run_sweep-agent-stop_run_sweep-13",
    "action": "new",
    "side": "buy",
    "price": 65693.21525,
    "quantity": 0.06,
    "remaining_quantity": 0.06
  },
  {
    "event_id": "be9d58e0079ab8a0d92f43083565845249b53883a06bf499ed75d0dfcf731e21",
    "schema_version": "1.0.0",
    "event_type": "agent_order",
    "source": "synthetic_agent",
    "symbol": "BTCUSDT",
    "exchange": "binance_usdm",
    "timestamp": "2024-05-01T00:00:00.420000Z",
    "sequence": 14,
    "scenario_id": "scenario-585-stop_run_sweep",
    "agent_id": "agent-stop_run_sweep",
    "order_id": "scenario-585-stop_run_sweep-agent-stop_run_sweep-14",
    "action": "new",
    "side": "buy",
    "price": 65696.49449999999,
    "quantity": 0.06,
    "remaining_quantity": 0.06
  },
  {
    "event_id": "58895f793a283a02dd39ed88ad192c0e0379f387d934da3a2a0dde522bf9997b",
    "schema_version": "1.0.0",
    "event_type": "agent_order",
    "source": "synthetic_agent",
    "symbol": "BTCUSDT",
    "exchange": "binance_usdm",
    "timestamp": "2024-05-01T00:00:00.450000Z",
    "sequence": 15,
    "scenario_id": "scenario-585-stop_run_sweep",
    "agent_id": "agent-stop_run_sweep",
    "order_id": "scenario-585-stop_run_sweep-agent-stop_run_sweep-15",
    "action": "new",
    "side": "buy",
    "price": 65699.77375,
    "quantity": 0.06,
    "remaining_quantity": 0.06
  },
  {
    "event_id": "290e53614ce59e14669880172d5cd503dbea681f5d31ffbb8050dcc83701f4e8",
    "schema_version": "1.0.0",
    "event_type": "agent_order",
    "source": "synthetic_agent",
    "symbol": "BTCUSDT",
    "exchange": "binance_usdm",
    "timestamp": "2024-05-01T00:00:00.480000Z",
    "sequence": 16,
    "scenario_id": "scenario-585-stop_run_sweep",
    "agent_id": "agent-stop_run_sweep",
    "order_id": "scenario-585-stop_run_sweep-agent-stop_run_sweep-16",
    "action": "new",
    "side": "buy",
    "price": 65703.05299999999,
    "quantity": 0.06,
    "remaining_quantity": 0.06
  },
  {
    "event_id": "e1617f123135faf1897bd37360da032a46a407d4ceceb7af52b473b0e4c73d61",
    "schema_version": "1.0.0",
    "event_type": "agent_order",
    "source": "synthetic_agent",
    "symbol": "BTCUSDT",
    "exchange": "binance_usdm",
    "timestamp": "2024-05-01T00:00:00.510000Z",
    "sequence": 17,
    "scenario_id": "scenario-585-stop_run_sweep",
    "agent_id": "agent-stop_run_sweep",
    "order_id": "scenario-585-stop_run_sweep-agent-stop_run_sweep-17",
    "action": "new",
    "side": "buy",
    "price": 65706.33224999999,
    "quantity": 0.06,
    "remaining_quantity": 0.06
  },
  {
    "event_id": "aac2c66d0b03815e4a15216b24c46b48f3ca40d20b17b60a7509e7f099c2e817",
    "schema_version": "1.0.0",
    "event_type": "agent_order",
    "source": "synthetic_agent",
    "symbol": "BTCUSDT",
    "exchange": "binance_usdm",
    "timestamp": "2024-05-01T00:00:00.540000Z",
    "sequence": 18,
    "scenario_id": "scenario-585-stop_run_sweep",
    "agent_id": "agent-stop_run_sweep",
    "order_id": "scenario-585-stop_run_sweep-agent-stop_run_sweep-18",
    "action": "new",
    "side": "buy",
    "price": 65709.61149999998,
    "quantity": 0.06,
    "remaining_quantity": 0.06
  },
  {
    "event_id": "56802ca5314f17dd0d9be2e06d5075476130c51dd4e1ba780998d071fb08d524",
    "schema_version": "1.0.0",
    "event_type": "agent_order",
    "source": "synthetic_agent",
    "symbol": "BTCUSDT",
    "exchange": "binance_usdm",
    "timestamp": "2024-05-01T00:00:00.570000Z",
    "sequence": 19,
    "scenario_id": "scenario-585-stop_run_sweep",
    "agent_id": "agent-stop_run_sweep",
    "order_id": "scenario-585-stop_run_sweep-agent-stop_run_sweep-19",
    "action": "new",
    "side": "buy",
    "price": 65712.89074999999,
    "quantity": 0.06,
    "remaining_quantity": 0.06
  },
  {
    "event_id": "b6008bac01439c1177a7db282dcc1c2093937398cf2c77556cd6378805a92ce5",
    "schema_version": "1.0.0",
    "event_type": "agent_order",
    "source": "synthetic_agent",
    "symbol": "BTCUSDT",
    "exchange": "binance_usdm",
    "timestamp": "2024-05-01T00:00:00.600000Z",
    "sequence": 20,
    "scenario_id": "scenario-585-stop_run_sweep",
    "agent_id": "agent-stop_run_sweep",
    "order_id": "scenario-585-stop_run_sweep-agent-stop_run_sweep-20",
    "action": "new",
    "side": "buy",
    "price": 65716.16999999998,
    "quantity": 0.06,
    "remaining_quantity": 0.06
  },
  {
    "event_id": "b3034406f5ec8e6aea139c462a019b4590bae99c9e7dc0c6df8f8176696ab106",
    "schema_version": "1.0.0",
    "event_type": "agent_order",
    "source": "synthetic_agent",
    "symbol": "BTCUSDT",
    "exchange": "binance_usdm",
    "timestamp": "2024-05-01T00:00:00.630000Z",
    "sequence": 21,
    "scenario_id": "scenario-585-stop_run_sweep",
    "agent_id": "agent-stop_run_sweep",
    "order_id": "scenario-585-stop_run_sweep-agent-stop_run_sweep-21",
    "action": "new",
    "side": "buy",
    "price": 65719.44924999999,
    "quantity": 0.06,
    "remaining_quantity": 0.06
  },
  {
    "event_id": "2bbd9e57629d81b83470536a09b34e55793764e286550d8e43d9f4166d649336",
    "schema_version": "1.0.0",
    "event_type": "agent_order",
    "source": "synthetic_agent",
    "symbol": "BTCUSDT",
    "exchange": "binance_usdm",
    "timestamp": "2024-05-01T00:00:00.660000Z",
    "sequence": 22,
    "scenario_id": "scenario-585-stop_run_sweep",
    "agent_id": "agent-stop_run_sweep",
    "order_id": "scenario-585-stop_run_sweep-agent-stop_run_sweep-22",
    "action": "new",
    "side": "buy",
    "price": 65722.7285,
    "quantity": 0.06,
    "remaining_quantity": 0.06
  },
  {
    "event_id": "eb1385efe900c66cc04e7088b1c11e24a67dcc438ef6c01318f38db13c4d8f44",
    "schema_version": "1.0.0",
    "event_type": "agent_order",
    "source": "synthetic_agent",
    "symbol": "BTCUSDT",
    "exchange": "binance_usdm",
    "timestamp": "2024-05-01T00:00:00.690000Z",
    "sequence": 23,
    "scenario_id": "scenario-585-stop_run_sweep",
    "agent_id": "agent-stop_run_sweep",
    "order_id": "scenario-585-stop_run_sweep-agent-stop_run_sweep-23",
    "action": "new",
    "side": "buy",
    "price": 65726.00774999999,
    "quantity": 0.06,
    "remaining_quantity": 0.06
  },
  {
    "event_id": "b5b66bb99df860a12ef16fb7870d04619ba84bb3a02482a9fcce99b8c4be5f32",
    "schema_version": "1.0.0",
    "event_type": "agent_order",
    "source": "synthetic_agent",
    "symbol": "BTCUSDT",
    "exchange": "binance_usdm",
    "timestamp": "2024-05-01T00:00:00.720000Z",
    "sequence": 24,
    "scenario_id": "scenario-585-stop_run_sweep",
    "agent_id": "agent-stop_run_sweep",
    "order_id": "scenario-585-stop_run_sweep-agent-stop_run_sweep-24",
    "action": "new",
    "side": "buy",
    "price": 65729.287,
    "quantity": 0.06,
    "remaining_quantity": 0.06
  },
  {
    "event_id": "99031991f41c4f31665af3dfbf190c3318de02e32839a2ff366be8a4734e95b0",
    "schema_version": "1.0.0",
    "event_type": "agent_order",
    "source": "synthetic_agent",
    "symbol": "BTCUSDT",
    "exchange": "binance_usdm",
    "timestamp": "2024-05-01T00:00:00.750000Z",
    "sequence": 25,
    "scenario_id": "scenario-585-stop_run_sweep",
    "agent_id": "agent-stop_run_sweep",
    "order_id": "scenario-585-stop_run_sweep-agent-stop_run_sweep-25",
    "action": "new",
    "side": "buy",
    "price": 65732.56624999999,
    "quantity": 0.06,
    "remaining_quantity": 0.06
  },
  {
    "event_id": "8f1a550ea76869a62b927e2a95f90b374e578862b846301b756fddfc0d5427e1",
    "schema_version": "1.0.0",
    "event_type": "agent_order",
    "source": "synthetic_agent",
    "symbol": "BTCUSDT",
    "exchange": "binance_usdm",
    "timestamp": "2024-05-01T00:00:00.780000Z",
    "sequence": 26,
    "scenario_id": "scenario-585-stop_run_sweep",
    "agent_id": "agent-stop_run_sweep",
    "order_id": "scenario-585-stop_run_sweep-agent-stop_run_sweep-26",
    "action": "new",
    "side": "buy",
    "price": 65735.8455,
    "quantity": 0.06,
    "remaining_quantity": 0.06
  },
  {
    "event_id": "77d0b8d753c521c6571553cd0df6f1ffe9d84ca2984eacbde12e4ff61ce92cf9",
    "schema_version": "1.0.0",
    "event_type": "agent_order",
    "source": "synthetic_agent",
    "symbol": "BTCUSDT",
    "exchange": "binance_usdm",
    "timestamp": "2024-05-01T00:00:00.810000Z",
    "sequence": 27,
    "scenario_id": "scenario-585-stop_run_sweep",
    "agent_id": "agent-stop_run_sweep",
    "order_id": "scenario-585-stop_run_sweep-agent-stop_run_sweep-27",
    "action": "new",
    "side": "buy",
    "price": 65739.12474999999,
    "quantity": 0.06,
    "remaining_quantity": 0.06
  },
  {
    "event_id": "7ee43bc46d00b3fda8d2a2827f64b3bad231941c49afa0aaf3a41d32a27a419e",
    "schema_version": "1.0.0",
    "event_type": "agent_order",
    "source": "synthetic_agent",
    "symbol": "BTCUSDT",
    "exchange": "binance_usdm",
    "timestamp": "2024-05-01T00:00:00.840000Z",
    "sequence": 28,
    "scenario_id": "scenario-585-stop_run_sweep",
    "agent_id": "agent-stop_run_sweep",
    "order_id": "scenario-585-stop_run_sweep-agent-stop_run_sweep-28",
    "action": "new",
    "side": "buy",
    "price": 65742.404,
    "quantity": 0.06,
    "remaining_quantity": 0.06
  },
  {
    "event_id": "842183f52327b31f0132b7a9c3fed9065d97cf720902b704be565a74d941d446",
    "schema_version": "1.0.0",
    "event_type": "agent_order",
    "source": "synthetic_agent",
    "symbol": "BTCUSDT",
    "exchange": "binance_usdm",
    "timestamp": "2024-05-01T00:00:00.870000Z",
    "sequence": 29,
    "scenario_id": "scenario-585-stop_run_sweep",
    "agent_id": "agent-stop_run_sweep",
    "order_id": "scenario-585-stop_run_sweep-agent-stop_run_sweep-29",
    "action": "new",
    "side": "buy",
    "price": 65745.68324999999,
    "quantity": 0.06,
    "remaining_quantity": 0.06
  }
]