[
  {
    "event_id": "ebc5b6ffc4bf5690e678020dc589b7910ac481babf6b41ca2445f2cec6d86ef8",
    "schema_version": "1.0.0",
    "event_type": "agent_order",
    "source": "synthetic_agent",
    "symbol": "BTCUSDT",
    "exchange": "binance_usdm",
    "timestamp": "2024-05-01T00:00:00Z",
    "sequence": 0,
    "scenario_id": "scenario-445-twap_execution",
    "agent_id": "agent-twap_execution",
    "order_id": "scenario-445-twap_execution-agent-twap_execution-0",
    "action": "new",
    "side": "buy",
    "price": 65412.277500000004,
    "quantity": 0.005,
    "remaining_quantity": 0.005
  },
  {
    "event_id": "ca1586ee68d650f95834dd3d0e35a21099b05f9ee0c447e36a1d02579796d2e3",
    "schema_version": "1.0.0",
    "event_type": "agent_order",
    "source": "synthetic_agent",
    "symbol": "BTCUSDT",
    "exchange": "binance_usdm",
    "timestamp": "2024-05-01T00:00:01Z",
    "sequence": 1,
    "scenario_id": "scenario-445-twap_execution",
    "agent_id": "agent-twap_execution",
    "order_id": "scenario-445-twap_execution-agent-twap_execution-1",
    "action": "new",
    "side": "buy",
    "price": 65412.277500000004,
    "quantity": 0.005,
    "remaining_quantity": 0.005
  },
  {
    "event_id": "867157615f02166d9ef9a4b464cc429fad78091ebc4ebbf90b252e147565021d",
    "schema_version": "1.0.0",
    "event_type": "agent_order",
    "source": "synthetic_agent",
    "symbol": "BTCUSDT",
    "exchange": "binance_usdm",
    "timestamp": "2024-05-01T00:00:02Z",
    "sequence": 2,
    "scenario_id": "scenario-445-twap_execution",
    "agent_id": "agent-twap_execution",
    "order_id": "scenario-445-twap_execution-agent-twap_execution-2",
    "action": "new",
    "side": "buy",
    "price": 65412.277500000004,
    "quantity": 0.005,
    "remaining_quantity": 0.005
  },
  {
    "event_id": "0e08c3bd9d7c93647f8cb7fbdb6a40bf7ce3f2b29b4df7b900304e56c6469356",
    "schema_version": "1.0.0",
    "event_type": "agent_order",
    "source": "synthetic_agent",
    "symbol": "BTCUSDT",
    "exchange": "binance_usdm",
    "timestamp": "2024-05-01T00:00:03Z",
    "sequence": 3,
    "scenario_id": "scenario-445-twap_execution",
    "agent_id": "agent-twap_execution",
    "order_id": "scenario-445-twap_execution-agent-twap_execution-3",
    "action": "new",
    "side": "buy",
    "price": 65412.277500000004,
    "quantity": 0.005,
    "remaining_quantity": 0.005
  },
  {
    "event_id": "ae1a397543bbc7aadac1f938f1780beec3af27cc0516fae3aa7471758344edf7",
    "schema_version": "1.0.0",
    "event_type": "agent_order",
    "source": "synthetic_agent",
    "symbol": "BTCUSDT",
    "exchange": "binance_usdm",
    "timestamp": "2024-05-01T00:00:04Z",
    "sequence": 4,
    "scenario_id": "scenario-445-twap_execution",
    "agent_id": "agent-twap_execution",
    "order_id": "scenario-445-twap_execution-agent-twap_execution-4",
    "action": "new",
    "side": "buy",
    "price": 65412.277500000004,
    "quantity": 0.005,
    "remaining_quantity": 0.005
  },
  {
    "event_id": "41d62fdae0c80355721c6097b7880a57d8176c07b6db212664356553377d1bd7",
    "schema_version": "1.0.0",
    "event_type": "agent_order",
    "source": "synthetic_agent",
    "symbol": "BTCUSDT",
    "exchange": "binance_usdm",
    "timestamp": "2024-05-01T00:00:05Z",
    "sequence": 5,
    "scenario_id": "scenario-445-twap_execution",
    "agent_id": "agent-twap_execution",
    "order_id": "scenario-445-twap_execution-agent-twap_execution-5",
    "action": "new",
    "side": "buy",
    "price": 65412.277500000004,
    "quantity": 0.005,
    "remaining_quantity": 0.005
  },
  {
    "event_id": "043185a1bca7c325762e0301d4763dcb2ad0f69542c0b48dfd8e793f3be92bba",
    "schema_version": "1.0.0",
    "event_type": "agent_order",
    "source": "synthetic_agent",
    "symbol": "BTCUSDT",
    "exchange": "binance_usdm",
    "timestamp": "2024-05-01T00:00:06Z",
    "sequence": 6,
    "scenario_id": "scenario-445-twap_execution",
    "agent_id": "agent-twap_execution",
    "order_id": "scenario-445-twap_execution-agent-twap_execution-6",
    "action": "new",
    "side": "buy",
    "price": 65412.277500000004,
    "quantity": 0.005,
    "remaining_quantity": 0.005
  },
  {
    "event_id": "4ec821f3373b34d8f8986e582b8f35b5d23318a08651bb064958b8e35c5ea5f5",
    "schema_version": "1.0.0",
    "event_type": "agent_order",
    "source": "synthetic_agent",
    "symbol": "BTCUSDT",
    "exchange": "binance_usdm",
    "timestamp": "2024-05-01T00:00:07Z",
    "sequence": 7,
    "scenario_id": "scenario-445-twap_execution",
    "agent_id": "agent-twap_execution",
    "order_id": "scenario-445-twap_execution-agent-twap_execution-7",
    "action": "new",
    "side": "buy",
    "price": 65412.277500000004,
    "quantity": 0.005,
    "remaining_quantity": 0.005
  },
  {
    "event_id": "bc01a1b84317bc8e55213a88107a8b82647dd0885f2705dd1bad5743fb6918d6",
    "schema_version": "1.0.0",
    "event_type": "agent_order",
    "source": "synthetic_agent",
    "symbol": "BTCUSDT",
    "exchange": "binance_usdm",
    "timestamp": "2024-05-01T00:00:08Z",
    "sequence": 8,
    "scenario_id": "scenario-445-twap_execution",
    "agent_id": "agent-twap_execution",
    "order_id": "scenario-445-twap_execution-agent-twap_execution-8",
    "action": "new",
    "side": "buy",
    "price": 65412.277500000004,
    "quantity": 0.005,
    "remaining_quantity": 0.005
  },
  {
    "event_id": "1144ef7408997660b367801b7e88ec5b37151a9d5a50f6cabfefca1a7bc533dd",
    "schema_version": "1.0.0",
    "event_type": "agent_order",
    "source": "synthetic_agent",
    "symbol": "BTCUSDT",
    "exchange": "binance_usdm",
    "timestamp": "2024-05-01T00:00:09Z",
    "sequence": 9,
    "scenario_id": "scenario-445-twap_execution",
    "agent_id": "agent-twap_execution",
    "order_id": "scenario-445-twap_execution-agent-twap_execution-9",
    "action": "new",
    "side": "buy",
    "price": 65412.277500000004,
    "quantity": 0.005,
    "remaining_quantity": 0.005
  },
  {
    "event_id": "27d7588a2f0f043ea36bbee68ac3978f60ddf9d93a2fec44ea3cf347219dc908",
    "schema_version": "1.0.0",
    "event_type": "agent_order",
    "source": "synthetic_agent",
    "symbol": "BTCUSDT",
    "exchange": "binance_usdm",
    "timestamp": "2024-05-01T00:00:10Z",
    "sequence": 10,
    "scenario_id": "scenario-445-twap_execution",
    "agent_id": "agent-twap_execution",
    "order_id": "scenario-445-twap_execution-agent-twap_execution-10",
    "action": "new",
    "side": "buy",
    "price": 65412.277500000004,
    "quantity": 0.005,
    "remaining_quantity": 0.005
  },
  {
    "event_id": "7da22354bc98358868842620dd3867ef411bd6fd6bcd4f2b945b099a5d14a35c",
    "schema_version": "1.0.0",
    "event_type": "agent_order",
    "source": "synthetic_agent",
    "symbol": "BTCUSDT",
    "exchange": "binance_usdm",
    "timestamp": "2024-05-01T00:00:11Z",
    "sequence": 11,
    "scenario_id": "scenario-445-twap_execution",
    "agent_id": "agent-twap_execution",
    "order_id": "scenario-445-twap_execution-agent-twap_execution-11",
    "action": "new",
    "side": "buy",
    "price": 65412.277500000004,
    "quantity": 0.005,
    "remaining_quantity": 0.005
  },
  {
    "event_id": "3aba18cf0d9cc9b3b41c9a3971b60b357ea4e26bd68b283264c85a210fe344b7",
    "schema_version": "1.0.0",
    "event_type": "agent_order",
    "source": "synthetic_agent",
    "symbol": "BTCUSDT",
    "exchange": "binance_usdm",
    "timestamp": "2024-05-01T00:00:12Z",
    "sequence": 12,
    "scenario_id": "scenario-445-twap_execution",
    "agent_id": "agent-twap_execution",
    "order_id": "scenario-445-twap_execution-agent-twap_execution-12",
    "action": "new",
    "side": "buy",
    "price": 65412.277500000004,
    "quantity": 0.005,
    "remaining_quantity": 0.005
  },
  {
    "event_id": "f51d9b6acfe023524f4bb056a67eb89cf1ba6b616307933742ab9280f4ddc30d",
    "schema_version": "1.0.0",
    "event_type": "agent_order",
    "source": "synthetic_agent",
    "symbol": "BTCUSDT",
    "exchange": "binance_usdm",
    "timestamp": "2024-05-01T00:00:13Z",
    "sequence": 13,
    "scenario_id": "scenario-445-twap_execution",
    "agent_id": "agent-twap_execution",
    "order_id": "scenario-445-twap_execution-agent-twap_execution-13",
    "action": "new",
    "side": "buy",
    "price": 65412.277500000004,
    "quantity": 0.005,
    "remaining_quantity": 0.005
  },
  {
    "event_id": "6fc879dacc5913e75c4e339c883a164ce2a918dc2c1fd60b99a6f919ae4c21fb",
    "schema_version": "1.0.0",
    "event_type": "agent_order",
    "source": "synthetic_agent",
    "symbol": "BTCUSDT",
    "exchange": "binance_usdm",
    "timestamp": "2024-05-01T00:00:14Z",
    "sequence": 14,
    "scenario_id": "scenario-445-twap_execution",
    "agent_id": "agent-twap_execution",
    "order_id": "scenario-445-twap_execution-agent-twap_execution-14",
    "action": "new",
    "side": "buy",
    "price": 65412.277500000004,
    "quantity": 0.005,
    "remaining_quantity": 0.005
  },
  {
    "event_id": "46df88ec2f7c8c1e57824807f3e23aa189aa66a9c9d85893ae0928911b424b75",
    "schema_version": "1.0.0",
    "event_type": "agent_order",
    "source": "synthetic_agent",
    "symbol": "BTCUSDT",
    "exchange": "binance_usdm",
    "timestamp": "2024-05-01T00:00:15Z",
    "sequence": 15,
    "scenario_id": "scenario-445-twap_execution",
    "agent_id": "agent-twap_execution",
    "order_id": "scenario-445-twap_execution-agent-twap_execution-15",
    "action": "new",
    "side": "buy",
    "price": 65412.277500000004,
    "quantity": 0.005,
    "remaining_quantity": 0.005
  },
  {
    "event_id": "9268819367f2c8282e6d537911cbba889301e0d32ab57d854bdf2e32a408e48d",
    "schema_version": "1.0.0",
    "event_type": "agent_order",
    "source": "synthetic_agent",
    "symbol": "BTCUSDT",
    "exchange": "binance_usdm",
    "timestamp": "2024-05-01T00:00:16Z",
    "sequence": 16,
    "scenario_id": "scenario-445-twap_execution",
    "agent_id": "agent-twap_execution",
    "order_id": "scenario-445-twap_execution-agent-twap_execution-16",
    "action": "new",
    "side": "buy",
    "price": 65412.277500000004,
    "quantity": 0.005,
    "remaining_quantity": 0.005
  },
  {
    "event_id": "6104d8db934adc14943bca4f0ebcb08eb40e1264d60daeb156af51b297620031",
    "schema_version": "1.0.0",
    "event_type": "agent_order",
    "source": "synthetic_agent",
    "symbol": "BTCUSDT",
    "exchange": "binance_usdm",
    "timestamp": "2024-05-01T00:00:17Z",
    "sequence": 17,
    "scenario_id": "scenario-445-twap_execution",
    "agent_id": "agent-twap_execution",
    "order_id": "scenario-445-twap_execution-agent-twap_execution-17",
    "action": "new",
    "side": "buy",
    "price": 65412.277500000004,
    "quantity": 0.005,
    "remaining_quantity": 0.005
  },
  {
    "event_id": "2471f0a4ec7cd71ab53239ba545518a1f6235839e332c7b513b7c170cc218d41",
    "schema_version": "1.0.0",
    "event_type": "agent_order",
    "source": "synthetic_agent",
    "symbol": "BTCUSDT",
    "exchange": "binance_usdm",
    "timestamp": "2024-05-01T00:00:18Z",
    "sequence": 18,
    "scenario_id": "scenario-445-twap_execution",
    "agent_id": "agent-twap_execution",
    "order_id": "scenario-445-twap_execution-agent-twap_execution-18",
    "action": "new",
    "side": "buy",
    "price": 65412.277500000004,
    "quantity": 0.005,
    "remaining_quantity": 0.005
  },
  {
    "event_id": "36558ba987d2a68b1a6173c44e384b4144cac5779be5aff63dbc15cc0a360a94",
    "schema_version": "1.0.0",
    "event_type": "agent_order",
    "source": "synthetic_agent",
    "symbol": "BTCUSDT",
    "exchange": "binance_usdm",
    "timestamp": "2024-05-01T00:00:19Z",
    "sequence": 19,
    "scenario_id": "scenario-445-twap_execution",
    "agent_id": "agent-twap_execution",
    "order_id": "scenario-445-twap_execution-agent-twap_execution-19",
    "action": "new",
    "side": "buy",
    "price": 65412.277500000004,
    "quantity": 0.005,
    "remaining_quantity": 0.005
  },
  {
    "event_id": "4b32d10931f80c1cf622a5813158ce7da89de31c6ad235f9833c9664e91d88fa",
    "schema_version": "1.0.0",
    "event_type": "agent_order",
    "source": "synthetic_agent",
    "symbol": "BTCUSDT",
    "exchange": "binance_usdm",
    "timestamp": "2024-05-01T00:00:20Z",
    "sequence": 20,
    "scenario_id": "scenario-445-twap_execution",
    "agent_id": "agent-twap_execution",
    "order_id": "scenario-445-twap_execution-agent-twap_execution-20",
    "action": "new",
    "side": "buy",
    "price": 65412.277500000004,
    "quantity": 0.005,
    "remaining_quantity": 0.005
  },
  {
    "event_id": "dd99948d4e3924e98e06f43889c71d278e098a0d0a0f8a634338622b7a6eb0e6",
    "schema_version": "1.0.0",
    "event_type": "agent_order",
    "source": "synthetic_agent",
    "symbol": "BTCUSDT",
    "exchange": "binance_usdm",
    "timestamp": "2024-05-01T00:00:21Z",
    "sequence": 21,
    "scenario_id": "scenario-445-twap_execution",
    "agent_id": "agent-twap_execution",
    "order_id": "scenario-445-twap_execution-agent-twap_execution-21",
    "action": "new",
    "side": "buy",
    "price": 65412.277500000004,
    "quantity": 0.005,
    "remaining_quantity": 0.005
  },
  {
    "event_id": "56bd87b7a4de299c8eaa712f2c359c985c22ba0abbadf530f167ceccc201e8f8",
    "schema_version": "1.0.0",
    "event_type": "agent_order",
    "source": "synthetic_agent",
    "symbol": "BTCUSDT",
    "exchange": "binance_usdm",
    "timestamp": "2024-05-01T00:00:22Z",
    "sequence": 22,
    "scenario_id": "scenario-445-twap_execution",
    "agent_id": "agent-twap_execution",
    "order_id": "scenario-445-twap_execution-agent-twap_execution-22",
    "action": "new",
    "side": "buy",
    "price": 65412.277500000004,
    "quantity": 0.005,
    "remaining_quantity": 0.005
  },
  {
    "event_id": "79dfc5f93dbfc8a97dbf5d834c7299538fd4ea2542976d38ab9e048da504691f",
    "schema_version": "1.0.0",
    "event_type": "agent_order",
    "source": "synthetic_agent",
    "symbol": "BTCUSDT",
    "exchange": "binance_usdm",
    "timestamp": "2024-05-01T00:00:23Z",
    "sequence": 23,
    "scenario_id": "scenario-445-twap_execution",
    "agent_id": "agent-twap_execution",
    "order_id": "scenario-445-twap_execution-agent-twap_execution-23",
    "action": "new",
    "side": "buy",
    "price": 65412.277500000004,
    "quantity": 0.005,
    "remaining_quantity": 0.005
  },
  {
    "event_id": "5bb5db4b3e5fcf4eeee40db371a4e39d64e6a6cc486a1c8b9092a2431f907da9",
    "schema_version": "1.0.0",
    "event_type": "agent_order",
    "source": "synthetic_agent",
    "symbol": "BTCUSDT",
    "exchange": "binance_usdm",
    "timestamp": "2024-05-01T00:00:24Z",
    "sequence": 24,
    "scenario_id": "scenario-445-twap_execution",
    "agent_id": "agent-twap_execution",
    "order_id": "scenario-445-twap_execution-agent-twap_execution-24",
    "action": "new",
    "side": "buy",
    "price": 65412.277500000004,
    "quantity": 0.005,
    "remaining_quantity": 0.005
  },
  {
    "event_id": "910b32c65baa255232e0959d10976b9e0b31847a03b1f2218a56a3174910462f",
    "schema_version": "1.0.0",
    "event_type": "agent_order",
    "source": "synthetic_agent",
    "symbol": "BTCUSDT",
    "exchange": "binance_usdm",
    "timestamp": "2024-05-01T00:00:25Z",
    "sequence": 25,
    "scenario_id": "scenario-445-twap_execution",
    "agent_id": "agent-twap_execution",
    "order_id": "scenario-445-twap_execution-agent-twap_execution-25",
    "action": "new",
    "side": "buy",
    "price": 65412.277500000004,
    "quantity": 0.005,
    "remaining_quantity": 0.005
  },
  {
    "event_id": "cbf1f78983020ad6ba7cb53a1d015a02ad57eabc490cf2520dc48ad143f6e98a",
    "schema_version": "1.0.0",
    "event_type": "agent_order",
    "source": "synthetic_agent",
    "symbol": "BTCUSDT",
    "exchange": "binance_usdm",
    "timestamp": "2024-05-01T00:00:26Z",
    "sequence": 26,
    "scenario_id": "scenario-445-twap_execution",
    "agent_id": "agent-twap_execution",
    "order_id": "scenario-445-twap_execution-agent-twap_execution-26",
    "action": "new",
    "side": "buy",
    "price": 65412.277500000004,
    "quantity": 0.005,
    "remaining_quantity": 0.005
  },
  {
    "event_id": "15c6fefcfab694e9fe5329550c076b777fc8b9db950c8c67cea1d051a5d41dc7",
    "schema_version": "1.0.0",
    "event_type": "agent_order",
    "source": "synthetic_agent",
    "symbol": "BTCUSDT",
    "exchange": "binance_usdm",
    "timestamp": "2024-05-01T00:00:27Z",
    "sequence": 27,
    "scenario_id": "scenario-445-twap_execution",
    "agent_id": "agent-twap_execution",
    "order_id": "scenario-445-twap_execution-agent-twap_execution-27",
    "action": "new",
    "side": "buy",
    "price": 65412.277500000004,
    "quantity": 0.005,
    "remaining_quantity": 0.005
  },
  {
    "event_id": "f4d5865e5e4110212ca40afb7c6a561dac2ff5f92a13986e29380cc5e447d619",
    "schema_version": "1.0.0",
    "event_type": "agent_order",
    "source": "synthetic_agent",
    "symbol": "BTCUSDT",
    "exchange": "binance_usdm",
    "timestamp": "2024-05-01T00:00:28Z",
    "sequence": 28,
    "scenario_id": "scenario-445-twap_execution",
    "agent_id": "agent-twap_execution",
    "order_id": "scenario-445-twap_execution-agent-twap_execution-28",
    "action": "new",
    "side": "buy",
    "price": 65412.277500000004,
    "quantity": 0.005,
    "remaining_quantity": 0.005
  },
  {
    "event_id": "54a86d67dd9faf4ec46df7b742c474c4d68f6b3ce644173e9bb56555573eb34a",
    "schema_version": "1.0.0",
    "event_type": "agent_order",
    "source": "synthetic_agent",
    "symbol": "BTCUSDT",
    "exchange": "binance_usdm",
    "timestamp": "2024-05-01T00:00:29Z",
    "sequence": 29,
    "scenario_id": "scenario-445-twap_execution",
    "agent_id": "agent-twap_execution",
    "order_id": "scenario-445-twap_execution-agent-twap_execution-29",
    "action": "new",
    "side": "buy",
    "price": 65412.277500000004,
    "quantity": 0.005,
    "remaining_quantity": 0.005
  }
]