[
  {
    "event_id": "7048e32b3d74713e765f4edaaed24db9335e6ec7e3410e962df4a4893605f215",
    "schema_version": "1.0.0",
    "event_type": "agent_order",
    "source": "synthetic_agent",
    "symbol": "BTCUSDT",
    "exchange": "binance_usdm",
    "timestamp": "2024-05-01T00:00:00Z",
    "sequence": 0,
    "scenario_id": "scenario-142-runaway_inventory",
    "agent_id": "agent-runaway_inventory",
    "order_id": "scenario-142-runaway_inventory-agent-runaway_inventory-0",
    "action": "new",
    "side": "buy",
    "price": 65142.0,
    "quantity": 0.01,
    "remaining_quantity": 0.01
  },
  {
    "event_id": "dc65463d1cf1d21390283b89d08799648b0bb359e7e046499eda0954299ba77a",
    "schema_version": "1.0.0",
    "event_type": "agent_order",
    "source": "synthetic_agent",
    "symbol": "BTCUSDT",
    "exchange": "binance_usdm",
    "timestamp": "2024-05-01T00:00:00.070000Z",
    "sequence": 1,
    "scenario_id": "scenario-142-runaway_inventory",
    "agent_id": "agent-runaway_inventory",
    "order_id": "scenario-142-runaway_inventory-agent-runaway_inventory-1",
    "action": "new",
    "side": "buy",
    "price": 65143.95426,
    "quantity": 0.012,
    "remaining_quantity": 0.012
  },
  {
    "event_id": "176edb5d2d7fb15968c67a234d3a717d0a195502b4aaa8d187b4fa6ff1cf7b28",
    "schema_version": "1.0.0",
    "event_type": "agent_order",
    "source": "synthetic_agent",
    "symbol": "BTCUSDT",
    "exchange": "binance_usdm",
    "timestamp": "2024-05-01T00:00:00.140000Z",
    "sequence": 2,
    "scenario_id": "scenario-142-runaway_inventory",
    "agent_id": "agent-runaway_inventory",
    "order_id": "scenario-142-runaway_inventory-agent-runaway_inventory-2",
    "action": "new",
    "side": "buy",
    "price": 65145.90852,
    "quantity": 0.014,
    "remaining_quantity": 0.014
  },
  {
    "event_id": "4968bc1cc1281e218faef638d2d43a91377f7f04198c58c6ff637a5462efd2f9",
    "schema_version": "1.0.0",
    "event_type": "agent_order",
    "source": "synthetic_agent",
    "symbol": "BTCUSDT",
    "exchange": "binance_usdm",
    "timestamp": "2024-05-01T00:00:00.210000Z",
    "sequence": 3,
    "scenario_id": "scenario-142-runaway_inventory",
    "agent_id": "agent-runaway_inventory",
    "order_id": "scenario-142-runaway_inventory-agent-runaway_inventory-3",
    "action": "new",
    "side": "buy",
    "price": 65147.862779999996,
    "quantity": 0.016,
    "remaining_quantity": 0.016
  },
  {
    "event_id": "ddace791f28a5ee730ad387f3d56824db179c4ef46a2cff5d48fdfbcb4ce412a",
    "schema_version": "1.0.0",
    "event_type": "agent_order",
    "source": "synthetic_agent",
    "symbol": "BTCUSDT",
    "exchange": "binance_usdm",
    "timestamp": "2024-05-01T00:00:00.280000Z",
    "sequence": 4,
    "scenario_id": "scenario-142-runaway_inventory",
    "agent_id": "agent-runaway_inventory",
    "order_id": "scenario-142-runaway_inventory-agent-runaway_inventory-4",
    "action": "new",
    "side": "buy",
    "price": 65149.817039999994,
    "quantity": 0.018000000000000002,
    "remaining_quantity": 0.018000000000000002
  },
  {
    "event_id": "1882c92d1bdcd74cf46de42760c16992cbe76b091b58c3606dc0c22b6a7b3000",
    "schema_version": "1.0.0",
    "event_type": "agent_order",
    "source": "synthetic_agent",
    "symbol": "BTCUSDT",
    "exchange": "binance_usdm",
    "timestamp": "2024-05-01T00:00:00.350000Z",
    "sequence": 5,
    "scenario_id": "scenario-142-runaway_inventory",
    "agent_id": "agent-runaway_inventory",
    "order_id": "scenario-142-runaway_inventory-agent-runaway_inventory-5",
    "action": "new",
    "side": "buy",
    "price": 65151.77130000001,
    "quantity": 0.02,
    "remaining_quantity": 0.02
  },
  {
    "event_id": "4a51ffec1f55bb5f28eb43e3e49a560ef3e261279321dac42c78cbb871d60d66",
    "schema_version": "1.0.0",
    "event_type": "agent_order",
    "source": "synthetic_agent",
    "symbol": "BTCUSDT",
    "exchange": "binance_usdm",
    "timestamp": "2024-05-01T00:00:00.420000Z",
    "sequence": 6,
    "scenario_id": "scenario-142-runaway_inventory",
    "agent_id": "agent-runaway_inventory",
    "order_id": "scenario-142-runaway_inventory-agent-runaway_inventory-6",
    "action": "new",
    "side": "buy",
    "price": 65153.725560000006,
    "quantity": 0.022,
    "remaining_quantity": 0.022
  },
  {
    "event_id": "e8c74b4b6b83f63e58f06c2200f4d2392a6ee68d093e683841e31db5ceb82144",
    "schema_version": "1.0.0",
    "event_type": "agent_order",
    "source": "synthetic_agent",
    "symbol": "BTCUSDT",
    "exchange": "binance_usdm",
    "timestamp": "2024-05-01T00:00:00.490000Z",
    "sequence": 7,
    "scenario_id": "scenario-142-runaway_inventory",
    "agent_id": "agent-runaway_inventory",
    "order_id": "scenario-142-runaway_inventory-agent-runaway_inventory-7",
    "action": "new",
    "side": "buy",
    "price": 65155.679820000005,
    "quantity": 0.024,
    "remaining_quantity": 0.024
  },
  {
    "event_id": "79fea840348b58d916e3ba27ba2e06e6c702136208db5322aa65a23a7b555a10",
    "schema_version": "1.0.0",
    "event_type": "agent_order",
    "source": "synthetic_agent",
    "symbol": "BTCUSDT",
    "exchange": "binance_usdm",
    "timestamp": "2024-05-01T00:00:00.560000Z",
    "sequence": 8,
    "scenario_id": "scenario-142-runaway_inventory",
    "agent_id": "agent-runaway_inventory",
    "order_id": "scenario-142-runaway_inventory-agent-runaway_inventory-8",
    "action": "new",
    "side": "buy",
    "price": 65157.63408,
    "quantity": 0.026000000000000002,
    "remaining_quantity": 0.026000000000000002
  },
  {
    "event_id": "5da0ad9cbc408a5eee7bf810a2be98f8509fedf9979aef3b7315d538f6e5f158",
    "schema_version": "1.0.0",
    "event_type": "agent_order",
    "source": "synthetic_agent",
    "symbol": "BTCUSDT",
    "exchange": "binance_usdm",
    "timestamp": "2024-05-01T00:00:00.630000Z",
    "sequence": 9,
    "scenario_id": "scenario-142-runaway_inventory",
    "agent_id": "agent-runaway_inventory",
    "order_id": "scenario-142-runaway_inventory-agent-runaway_inventory-9",
    "action": "new",
    "side": "buy",
    "price": 65159.58834,
    "quantity": 0.028000000000000004,
    "remaining_quantity": 0.028000000000000004
  },
  {
    "event_id": "7cedb2c56f345a99663f2794f68168626b1f1888bf182b7801e75c07130bc279",
    "schema_version": "1.0.0",
    "event_type": "agent_order",
    "source": "synthetic_agent",
    "symbol": "BTCUSDT",
    "exchange": "binance_usdm",
    "timestamp": "2024-05-01T00:00:00.700000Z",
    "sequence": 10,
    "scenario_id": "scenario-142-runaway_inventory",
    "agent_id": "agent-runaway_inventory",
    "order_id": "scenario-142-runaway_inventory-agent-runaway_inventory-10",
    "action": "new",
    "side": "buy",
    "price": 65161.5426,
    "quantity": 0.03,
    "remaining_quantity": 0.03
  },
  {
    "event_id": "fe6848d160b0a25b3d061a12b8947838f3a605d91aecf8ff681d183c5d15b1cf",
    "schema_version": "1.0.0",
    "event_type": "agent_order",
    "source": "synthetic_agent",
    "symbol": "BTCUSDT",
    "exchange": "binance_usdm",
    "timestamp": "2024-05-01T00:00:00.770000Z",
    "sequence": 11,
    "scenario_id": "scenario-142-runaway_inventory",
    "agent_id": "agent-runaway_inventory",
    "order_id": "scenario-142-runaway_inventory-agent-runaway_inventory-11",
    "action": "new",
    "side": "buy",
    "price": 65163.49686,
    "quantity": 0.032,
    "remaining_quantity": 0.032
  },
  {
    "event_id": "2a0e539d2acfad62d8fa06cbace5d9db7d4984daf9d026281d7fc8c1ffd44abd",
    "schema_version": "1.0.0",
    "event_type": "agent_order",
    "source": "synthetic_agent",
    "symbol": "BTCUSDT",
    "exchange": "binance_usdm",
    "timestamp": "2024-05-01T00:00:00.840000Z",
    "sequence": 12,
    "scenario_id": "scenario-142-runaway_inventory",
    "agent_id": "agent-runaway_inventory",
    "order_id": "scenario-142-runaway_inventory-agent-runaway_inventory-12",
    "action": "new",
    "side": "buy",
    "price": 65165.45112,
    "quantity": 0.034,
    "remaining_quantity": 0.034
  },
  {
    "event_id": "fdaa4319ffd76e9ad40dc572c7f10147c9e7c6af65e264db99980864ae63001d",
    "schema_version": "1.0.0",
    "event_type": "agent_order",
    "source": "synthetic_agent",
    "symbol": "BTCUSDT",
    "exchange": "binance_usdm",
    "timestamp": "2024-05-01T00:00:00.910000Z",
    "sequence": 13,
    "scenario_id": "scenario-142-runaway_inventory",
    "agent_id": "agent-runaway_inventory",
    "order_id": "scenario-142-runaway_inventory-agent-runaway_inventory-13",
    "action": "new",
    "side": "buy",
    "price": 65167.40537999999,
    "quantity": 0.036000000000000004,
    "remaining_quantity": 0.036000000000000004
  },
  {
    "event_id": "a9c5ed20e412886d5eede316f5fb6c02bbbe16ed246dee4d0c901f76e5dbf6c2",
    "schema_version": "1.0.0",
    "event_type": "agent_order",
    "source": "synthetic_agent",
    "symbol": "BTCUSDT",
    "exchange": "binance_usdm",
    "timestamp": "2024-05-01T00:00:00.980000Z",
    "sequence": 14,
    "scenario_id": "scenario-142-runaway_inventory",
    "agent_id": "agent-runaway_inventory",
    "order_id": "scenario-142-runaway_inventory-agent-runaway_inventory-14",
    "action": "new",
    "side": "buy",
    "price": 65169.35964,
    "quantity": 0.038,
    "remaining_quantity": 0.038
  },
  {
    "event_id": "ac1b2ed0eb907894d8047087beb895378f48261f4fef1558002a51d9132e8af7",
    "schema_version": "1.0.0",
    "event_type": "agent_order",
    "source": "synthetic_agent",
    "symbol": "BTCUSDT",
    "exchange": "binance_usdm",
    "timestamp": "2024-05-01T00:00:01.050000Z",
    "sequence": 15,
    "scenario_id": "scenario-142-runaway_inventory",
    "agent_id": "agent-runaway_inventory",
    "order_id": "scenario-142-runaway_inventory-agent-runaway_inventory-15",
    "action": "new",
    "side": "buy",
    "price": 65171.3139,
    "quantity": 0.04,
    "remaining_quantity": 0.04
  },
  {
    "event_id": "08a5f5ee2f635a3d037311453806959d90a4be6f25dad7a6430d8cc5f8ee1368",
    "schema_version": "1.0.0",
    "event_type": "agent_order",
    "source": "synthetic_agent",
    "symbol": "BTCUSDT",
    "exchange": "binance_usdm",
    "timestamp": "2024-05-01T00:00:01.120000Z",
    "sequence": 16,
    "scenario_id": "scenario-142-runaway_inventory",
    "agent_id": "agent-runaway_inventory",
    "order_id": "scenario-142-runaway_inventory-agent-runaway_inventory-16",
    "action": "new",
    "side": "buy",
    "price": 65173.26816,
    "quantity": 0.042,
    "remaining_quantity": 0.042
  },
  {
    "event_id": "7ee940c202bdb60e748a1dd62e1c68eea74f9ff4a463f68f259660c321af08bc",
    "schema_version": "1.0.0",
    "event_type": "agent_order",
    "source": "synthetic_agent",
    "symbol": "BTCUSDT",
    "exchange": "binance_usdm",
    "timestamp": "2024-05-01T00:00:01.190000Z",
    "sequence": 17,
    "scenario_id": "scenario-142-runaway_inventory",
    "agent_id": "agent-runaway_inventory",
    "order_id": "scenario-142-runaway_inventory-agent-runaway_inventory-17",
    "action": "new",
    "side": "buy",
    "price": 65175.22242,
    "quantity": 0.044000000000000004,
    "remaining_quantity": 0.044000000000000004
  },
  {
    "event_id": "adaf62d7c7a4653a844ed0b317eebdcaa08ec6fd99e49a6687785b34eb19a44e",
    "schema_version": "1.0.0",
    "event_type": "agent_order",
    "source": "synthetic_agent",
    "symbol": "BTCUSDT",
    "exchange": "binance_usdm",
    "timestamp": "2024-05-01T00:00:01.260000Z",
    "sequence": 18,
    "scenario_id": "scenario-142-runaway_inventory",
    "agent_id": "agent-runaway_inventory",
    "order_id": "scenario-142-runaway_inventory-agent-runaway_inventory-18",
    "action": "new",
    "side": "buy",
    "price": 65177.17668,
    "quantity": 0.046000000000000006,
    "remaining_quantity": 0.046000000000000006
  },
  {
    "event_id": "1d0ee0c7a2b12ad33450fc86e21bdfbdee186292bbd12efdc776946cac50c383",
    "schema_version": "1.0.0",
    "event_type": "agent_order",
    "source": "synthetic_agent",
    "symbol": "BTCUSDT",
    "exchange": "binance_usdm",
    "timestamp": "2024-05-01T00:00:01.330000Z",
    "sequence": 19,
    "scenario_id": "scenario-142-runaway_inventory",
    "agent_id": "agent-runaway_inventory",
    "order_id": "scenario-142-runaway_inventory-agent-runaway_inventory-19",
    "action": "new",
    "side": "buy",
    "price": 65179.130939999995,
    "quantity": 0.048,
    "remaining_quantity": 0.048
  },
  {
    "event_id": "93a7eac0c6cff9e4db303e6695bd938a5779ed4a39d35b02341afea73d8e735f",
    "schema_version": "1.0.0",
    "event_type": "agent_order",
    "source": "synthetic_agent",
    "symbol": "BTCUSDT",
    "exchange": "binance_usdm",
    "timestamp": "2024-05-01T00:00:01.400000Z",
    "sequence": 20,
    "scenario_id": "scenario-142-runaway_inventory",
    "agent_id": "agent-runaway_inventory",
    "order_id": "scenario-142-runaway_inventory-agent-runaway_inventory-20",
    "action": "new",
    "side": "buy",
    "price": 65181.085199999994,
    "quantity": 0.05,
    "remaining_quantity": 0.05
  },
  {
    "event_id": "b73587bb1212bc559d87909eef37eaefb49b9a835087b5cd2dd860cf2ec0e015",
    "schema_version": "1.0.0",
    "event_type": "agent_order",
    "source": "synthetic_agent",
    "symbol": "BTCUSDT",
    "exchange": "binance_usdm",
    "timestamp": "2024-05-01T00:00:01.470000Z",
    "sequence": 21,
    "scenario_id": "scenario-142-runaway_inventory",
    "agent_id": "agent-runaway_inventory",
    "order_id": "scenario-142-runaway_inventory-agent-runaway_inventory-21",
    "action": "new",
    "side": "buy",
    "price": 65183.03945999999,
    "quantity": 0.052000000000000005,
    "remaining_quantity": 0.052000000000000005
  },
  {
    "event_id": "765519c9f8be4baabaa6b36e67aeaf7c35fb187cbaead656fd3df95953d75180",
    "schema_version": "1.0.0",
    "event_type": "agent_order",
    "source": "synthetic_agent",
    "symbol": "BTCUSDT",
    "exchange": "binance_usdm",
    "timestamp": "2024-05-01T00:00:01.540000Z",
    "sequence": 22,
    "scenario_id": "scenario-142-runaway_inventory",
    "agent_id": "agent-runaway_inventory",
    "order_id": "scenario-142-runaway_inventory-agent-runaway_inventory-22",
    "action": "new",
    "side": "buy",
    "price": 65184.993720000006,
    "quantity": 0.054,
    "remaining_quantity": 0.054
  },
  {
    "event_id": "954182f8cd8ae3859132518022b11f10460bab44f47dde56ef8e84d69af7d600",
    "schema_version": "1.0.0",
    "event_type": "agent_order",
    "source": "synthetic_agent",
    "symbol": "BTCUSDT",
    "exchange": "binance_usdm",
    "timestamp": "2024-05-01T00:00:01.610000Z",
    "sequence": 23,
    "scenario_id": "scenario-142-runaway_inventory",
    "agent_id": "agent-runaway_inventory",
    "order_id": "scenario-142-runaway_inventory-agent-runaway_inventory-23",
    "action": "new",
    "side": "buy",
    "price": 65186.947980000004,
    "quantity": 0.056,
    "remaining_quantity": 0.056
  },
  {
    "event_id": "d84dbaea68343de504b624888688470fd1b86eacd0db6b1732eeee606881e141",
    "schema_version": "1.0.0",
    "event_type": "agent_order",
    "source": "synthetic_agent",
    "symbol": "BTCUSDT",
    "exchange": "binance_usdm",
    "timestamp": "2024-05-01T00:00:01.680000Z",
    "sequence": 24,
    "scenario_id": "scenario-142-runaway_inventory",
    "agent_id": "agent-runaway_inventory",
    "order_id": "scenario-142-runaway_inventory-agent-runaway_inventory-24",
    "action": "new",
    "side": "buy",
    "price": 65188.90224,
    "quantity": 0.058,
    "remaining_quantity": 0.058
  },
  {
    "event_id": "c21c9213fb2168760495e045187c61c5e55852f9ded7d8d705fa2c9f3c96adc4",
    "schema_version": "1.0.0",
    "event_type": "agent_order",
    "source": "synthetic_agent",
    "symbol": "BTCUSDT",
    "exchange": "binance_usdm",
    "timestamp": "2024-05-01T00:00:01.750000Z",
    "sequence": 25,
    "scenario_id": "scenario-142-runaway_inventory",
    "agent_id": "agent-runaway_inventory",
    "order_id": "scenario-142-runaway_inventory-agent-runaway_inventory-25",
    "action": "new",
    "side": "buy",
    "price": 65190.8565,
    "quantity": 0.060000000000000005,
    "remaining_quantity": 0.060000000000000005
  },
  {
    "event_id": "e04557ef149b748937b7194a4ac854d38b74cc48e387606c02951eb4679130c3",
    "schema_version": "1.0.0",
    "event_type": "agent_order",
    "source": "synthetic_agent",
    "symbol": "BTCUSDT",
    "exchange": "binance_usdm",
    "timestamp": "2024-05-01T00:00:01.820000Z",
    "sequence": 26,
    "scenario_id": "scenario-142-runaway_inventory",
    "agent_id": "agent-runaway_inventory",
    "order_id": "scenario-142-runaway_inventory-agent-runaway_inventory-26",
    "action": "new",
    "side": "buy",
    "price": 65192.81076,
    "quantity": 0.062000000000000006,
    "remaining_quantity": 0.062000000000000006
  },
  {
    "event_id": "9fb2d017c645690d8b1ea80676604abef977453a035772b17c68a5611b64f1ba",
    "schema_version": "1.0.0",
    "event_type": "agent_order",
    "source": "synthetic_agent",
    "symbol": "BTCUSDT",
    "exchange": "binance_usdm",
    "timestamp": "2024-05-01T00:00:01.890000Z",
    "sequence": 27,
    "scenario_id": "scenario-142-runaway_inventory",
    "agent_id": "agent-runaway_inventory",
    "order_id": "scenario-142-runaway_inventory-agent-runaway_inventory-27",
    "action": "new",
    "side": "buy",
    "price": 65194.76502,
    "quantity": 0.064,
    "remaining_quantity": 0.064
  },
  {
    "event_id": "c8a4eba7f40dbefdc041e2281fc530dddba51be3944497133942052b2688e358",
    "schema_version": "1.0.0",
    "event_type": "agent_order",
    "source": "synthetic_agent",
    "symbol": "BTCUSDT",
    "exchange": "binance_usdm",
    "timestamp": "2024-05-01T00:00:01.960000Z",
    "sequence": 28,
    "scenario_id": "scenario-142-runaway_inventory",
    "agent_id": "agent-runaway_inventory",
    "order_id": "scenario-142-runaway_inventory-agent-runaway_inventory-28",
    "action": "new",
    "side": "buy",
    "price": 65196.71928,
    "quantity": 0.066,
    "remaining_quantity": 0.066
  },
  {
    "event_id": "6ac3239e9dee9399af9bc9c6064b9a0766282b23fb0141ee66c6e3362819c246",
    "schema_version": "1.0.0",
    "event_type": "agent_order",
    "source": "synthetic_agent",
    "symbol": "BTCUSDT",
    "exchange": "binance_usdm",
    "timestamp": "2024-05-01T00:00:02.030000Z",
    "sequence": 29,
    "scenario_id": "scenario-142-runaway_inventory",
    "agent_id": "agent-runaway_inventory",
    "order_id": "scenario-142-runaway_inventory-agent-runaway_inventory-29",
    "action": "new",
    "side": "buy",
    "price": 65198.673539999996,
    "quantity": 0.068,
    "remaining_quantity": 0.068
  }
]