[
  {
    "event_id": "08deba3a35b12b9bd8634cb66101603e7fc3bb02900fe39fdc1c72328faeeb59",
    "schema_version": "1.0.0",
    "event_type": "agent_order",
    "source": "synthetic_agent",
    "symbol": "BTCUSDT",
    "exchange": "binance_usdm",
    "timestamp": "2024-05-01T00:00:00Z",
    "sequence": 0,
    "scenario_id": "scenario-317-momentum_ignition",
    "agent_id": "agent-momentum_ignition",
    "order_id": "scenario-317-momentum_ignition-agent-momentum_ignition-0",
    "action": "new",
    "side": "buy",
    "price": 65382.316999999995,
    "quantity": 0.08,
    "remaining_quantity": 0.08
  },
  {
    "event_id": "0a41399942b386c15c19adbb557de4e032a9f32873b6ed5c871c5fbf1e804eec",
    "schema_version": "1.0.0",
    "event_type": "agent_order",
    "source": "synthetic_agent",
    "symbol": "BTCUSDT",
    "exchange": "binance_usdm",
    "timestamp": "2024-05-01T00:00:00.080000Z",
    "sequence": 1,
    "scenario_id": "scenario-317-momentum_ignition",
    "agent_id": "agent-momentum_ignition",
    "order_id": "scenario-317-momentum_ignition-agent-momentum_ignition-1",
    "action": "new",
    "side": "buy",
    "price": 65383.623339999984,
    "quantity": 0.08,
    "remaining_quantity": 0.08
  },
  {
    "event_id": "f7722647f8930de50a943f816a0971d36891b60b75b152b86c9403ebc4b4d503",
    "schema_version": "1.0.0",
    "event_type": "agent_order",
    "source": "synthetic_agent",
    "symbol": "BTCUSDT",
    "exchange": "binance_usdm",
    "timestamp": "2024-05-01T00:00:00.160000Z",
    "sequence": 2,
    "scenario_id": "scenario-317-momentum_ignition",
    "agent_id": "agent-momentum_ignition",
    "order_id": "scenario-317-momentum_ignition-agent-momentum_ignition-2",
    "action": "new",
    "side": "buy",
    "price": 65384.929679999994,
    "quantity": 0.08,
    "remaining_quantity": 0.08
  },
  {
    "event_id": "b915639b9225acd1536aa356e9dc1442dbd96d9413cdec44c69a9b8f3ed44f3f",
    "schema_version": "1.0.0",
    "event_type": "agent_order",
    "source": "synthetic_agent",
    "symbol": "BTCUSDT",
    "exchange": "binance_usdm",
    "timestamp": "2024-05-01T00:00:00.240000Z",
    "sequence": 3,
    "scenario_id": "scenario-317-momentum_ignition",
    "agent_id": "agent-momentum_ignition",
    "order_id": "scenario-317-momentum_ignition-agent-momentum_ignition-3",
    "action": "new",
    "side": "buy",
    "price": 65386.23601999999,
    "quantity": 0.08,
    "remaining_quantity": 0.08
  },
  {
    "event_id": "02de5acd375f87505dcb013458e9cadcd066420698f78e0ad660b0a6431701fd",
    "schema_version": "1.0.0",
    "event_type": "agent_order",
    "source": "synthetic_agent",
    "symbol": "BTCUSDT",
    "exchange": "binance_usdm",
    "timestamp": "2024-05-01T00:00:00.320000Z",
    "sequence": 4,
    "scenario_id": "scenario-317-momentum_ignition",
    "agent_id": "agent-momentum_ignition",
    "order_id": "scenario-317-momentum_ignition-agent-momentum_ignition-4",
    "action": "new",
    "side": "buy",
    "price": 65387.54236,
    "quantity": 0.08,
    "remaining_quantity": 0.08
  },
  {
    "event_id": "0363f5fae0797e2685350bf52f0b65f9010368f08c62a1394e683259409c9d07",
    "schema_version": "1.0.0",
    "event_type": "agent_order",
    "source": "synthetic_agent",
    "symbol": "BTCUSDT",
    "exchange": "binance_usdm",
    "timestamp": "2024-05-01T00:00:00.400000Z",
    "sequence": 5,
    "scenario_id": "scenario-317-momentum_ignition",
    "agent_id": "agent-momentum_ignition",
    "order_id": "scenario-317-momentum_ignition-agent-momentum_ignition-5",
    "action": "new",
    "side": "buy",
    "price": 65388.848699999995,
    "quantity": 0.08,
    "remaining_quantity": 0.08
  },
  {
    "event_id": "25c630cb714543b103fa24cba0cccf42f6f7b42b9e18e7189e439030826ff438",
    "schema_version": "1.0.0",
    "event_type": "agent_order",
    "source": "synthetic_agent",
    "symbol": "BTCUSDT",
    "exchange": "binance_usdm",
    "timestamp": "2024-05-01T00:00:00.480000Z",
    "sequence": 6,
    "scenario_id": "scenario-317-momentum_ignition",
    "agent_id": "agent-momentum_ignition",
    "order_id": "scenario-317-momentum_ignition-agent-momentum_ignition-6",
    "action": "new",
    "side": "buy",
    "price": 65390.15503999998,
    "quantity": 0.08,
    "remaining_quantity": 0.08
  },
  {
    "event_id": "eb3301f555de38eceb3ead3e272bb3a3076f363c7c5d33bec0b1435007183223",
    "schema_version": "1.0.0",
    "event_type": "agent_order",
    "source": "synthetic_agent",
    "symbol": "BTCUSDT",
    "exchange": "binance_usdm",
    "timestamp": "2024-05-01T00:00:00.560000Z",
    "sequence": 7,
    "scenario_id": "scenario-317-momentum_ignition",
    "agent_id": "agent-momentum_ignition",
    "order_id": "scenario-317-momentum_ignition-agent-momentum_ignition-7",
    "action": "new",
    "side": "buy",
    "price": 65391.46137999999,
    "quantity": 0.08,
    "remaining_quantity": 0.08
  },
  {
    "event_id": "5154d67090027555b21ef56a0d350f1c323d6437b11a4a8a7c14583fdd482126",
    "schema_version": "1.0.0",
    "event_type": "agent_order",
    "source": "synthetic_agent",
    "symbol": "BTCUSDT",
    "exchange": "binance_usdm",
    "timestamp": "2024-05-01T00:00:00.640000Z",
    "sequence": 8,
    "scenario_id": "scenario-317-momentum_ignition",
    "agent_id": "agent-momentum_ignition",
    "order_id": "scenario-317-momentum_ignition-agent-momentum_ignition-8",
    "action": "new",
    "side": "buy",
    "price": 65392.76771999999,
    "quantity": 0.08,
    "remaining_quantity": 0.08
  },
  {
    "event_id": "56844062678366fda3302fcfd3d96730774de94d090d8dd8073cbbfaef0a4263",
    "schema_version": "1.0.0",
    "event_type": "agent_order",
    "source": "synthetic_agent",
    "symbol": "BTCUSDT",
    "exchange": "binance_usdm",
    "timestamp": "2024-05-01T00:00:00.720000Z",
    "sequence": 9,
    "scenario_id": "scenario-317-momentum_ignition",
    "agent_id": "agent-momentum_ignition",
    "order_id": "scenario-317-momentum_ignition-agent-momentum_ignition-9",
    "action": "new",
    "side": "buy",
    "price": 65394.07406,
    "quantity": 0.08,
    "remaining_quantity": 0.08
  },
  {
    "event_id": "12282a9771db8a3f6d003a12c283287e8bfdefce35742b97975677d292b8a57b",
    "schema_version": "1.0.0",
    "event_type": "agent_order",
    "source": "synthetic_agent",
    "symbol": "BTCUSDT",
    "exchange": "binance_usdm",
    "timestamp": "2024-05-01T00:00:00.800000Z",
    "sequence": 10,
    "scenario_id": "scenario-317-momentum_ignition",
    "agent_id": "agent-momentum_ignition",
    "order_id": "scenario-317-momentum_ignition-agent-momentum_ignition-10",
    "action": "new",
    "side": "buy",
    "price": 65395.380399999995,
    "quantity": 0.08,
    "remaining_quantity": 0.08
  },
  {
    "event_id": "8a9dd6875e3c03647561fc3dc4747b13499bb821bc0e51dd37af0076cc5eec17",
    "schema_version": "1.0.0",
    "event_type": "agent_order",
    "source": "synthetic_agent",
    "symbol": "BTCUSDT",
    "exchange": "binance_usdm",
    "timestamp": "2024-05-01T00:00:00.880000Z",
    "sequence": 11,
    "scenario_id": "scenario-317-momentum_ignition",
    "agent_id": "agent-momentum_ignition",
    "order_id": "scenario-317-momentum_ignition-agent-momentum_ignition-11",
    "action": "new",
    "side": "buy",
    "price": 65396.68674,
    "quantity": 0.08,
    "remaining_quantity": 0.08
  },
  {
    "event_id": "758c09f5cdd6e748d9676968e28e78bb1c8ceec90edc991132859cb365e4fa53",
    "schema_version": "1.0.0",
    "event_type": "agent_order",
    "source": "synthetic_agent",
    "symbol": "BTCUSDT",
    "exchange": "binance_usdm",
    "timestamp": "2024-05-01T00:00:00.960000Z",
    "sequence": 12,
    "scenario_id": "scenario-317-momentum_ignition",
    "agent_id": "agent-momentum_ignition",
    "order_id": "scenario-317-momentum_ignition-agent-momentum_ignition-12",
    "action": "new",
    "side": "buy",
    "price": 65397.99307999999,
    "quantity": 0.08,
    "remaining_quantity": 0.08
  },
  {
    "event_id": "eb7f99830c7b225348c88e73cd746052dd0540f552069df8585377f3c6288e9a",
    "schema_version": "1.0.0",
    "event_type": "agent_order",
    "source": "synthetic_agent",
    "symbol": "BTCUSDT",
    "exchange": "binance_usdm",
    "timestamp": "2024-05-01T00:00:01.040000Z",
    "sequence": 13,
    "scenario_id": "scenario-317-momentum_ignition",
    "agent_id": "agent-momentum_ignition",
    "order_id": "scenario-317-momentum_ignition-agent-momentum_ignition-13",
    "action": "new",
    "side": "buy",
    "price": 65399.29941999999,
    "quantity": 0.08,
    "remaining_quantity": 0.08
  },
  {
    "event_id": "b286316fc1e42c2b1471fe46decc2e6118149f30ae540148b09f3f4c03a798b8",
    "schema_version": "1.0.0",
    "event_type": "agent_order",
    "source": "synthetic_agent",
    "symbol": "BTCUSDT",
    "exchange": "binance_usdm",
    "timestamp": "2024-05-01T00:00:01.120000Z",
    "sequence": 14,
    "scenario_id": "scenario-317-momentum_ignition",
    "agent_id": "agent-momentum_ignition",
    "order_id": "scenario-317-momentum_ignition-agent-momentum_ignition-14",
    "action": "new",
    "side": "buy",
    "price": 65400.60576,
    "quantity": 0.08,
    "remaining_quantity": 0.08
  },
  {
    "event_id": "28921ff6368aad893ac241936550436709bd4fb07f8e5e2bbc678c60d3e82bc5",
    "schema_version": "1.0.0",
    "event_type": "agent_order",
    "source": "synthetic_agent",
    "symbol": "BTCUSDT",
    "exchange": "binance_usdm",
    "timestamp": "2024-05-01T00:00:01.200000Z",
    "sequence": 15,
    "scenario_id": "scenario-317-momentum_ignition",
    "agent_id": "agent-momentum_ignition",
    "order_id": "scenario-317-momentum_ignition-agent-momentum_ignition-15",
    "action": "new",
    "side": "buy",
    "price": 65401.912099999994,
    "quantity": 0.08,
    "remaining_quantity": 0.08
  },
  {
    "event_id": "e28a20fce4a6b2f8912b22d4724433e3909a81f75fca82ab2c8fea6ff8fce226",
    "schema_version": "1.0.0",
    "event_type": "agent_order",
    "source": "synthetic_agent",
    "symbol": "BTCUSDT",
    "exchange": "binance_usdm",
    "timestamp": "2024-05-01T00:00:01.280000Z",
    "sequence": 16,
    "scenario_id": "scenario-317-momentum_ignition",
    "agent_id": "agent-momentum_ignition",
    "order_id": "scenario-317-momentum_ignition-agent-momentum_ignition-16",
    "action": "new",
    "side": "buy",
    "price": 65403.21844,
    "quantity": 0.08,
    "remaining_quantity": 0.08
  },
  {
    "event_id": "e7539995af9b632ec6e74e01bb3b8e8e31bf96167e17938709249d600634df79",
    "schema_version": "1.0.0",
    "event_type": "agent_order",
    "source": "synthetic_agent",
    "symbol": "BTCUSDT",
    "exchange": "binance_usdm",
    "timestamp": "2024-05-01T00:00:01.360000Z",
    "sequence": 17,
    "scenario_id": "scenario-317-momentum_ignition",
    "agent_id": "agent-momentum_ignition",
    "order_id": "scenario-317-momentum_ignition-agent-momentum_ignition-17",
    "action": "new",
    "side": "buy",
    "price": 65404.52477999999,
    "quantity": 0.08,
    "remaining_quantity": 0.08
  },
  {
    "event_id": "10fcbb319f0647715667000af326110a1b827aabe6ab0702a2cbe83d373ffdfc",
    "schema_version": "1.0.0",
    "event_type": "agent_order",
    "source": "synthetic_agent",
    "symbol": "BTCUSDT",
    "exchange": "binance_usdm",
    "timestamp": "2024-05-01T00:00:01.440000Z",
    "sequence": 18,
    "scenario_id": "scenario-317-momentum_ignition",
    "agent_id": "agent-momentum_ignition",
    "order_id": "scenario-317-momentum_ignition-agent-momentum_ignition-18",
    "action": "new",
    "side": "buy",
    "price": 65405.83111999999,
    "quantity": 0.08,
    "remaining_quantity": 0.08
  },
  {
    "event_id": "c02727b6bc3abe383d3fc0dff0c1b2bd1f38b0ce9fc7bffa668e51ed3cbe94d0",
    "schema_version": "1.0.0",
    "event_type": "agent_order",
    "source": "synthetic_agent",
    "symbol": "BTCUSDT",
    "exchange": "binance_usdm",
    "timestamp": "2024-05-01T00:00:01.520000Z",
    "sequence": 19,
    "scenario_id": "scenario-317-momentum_ignition",
    "agent_id": "agent-momentum_ignition",
    "order_id": "scenario-317-momentum_ignition-agent-momentum_ignition-19",
    "action": "new",
    "side": "buy",
    "price": 65407.13746,
    "quantity": 0.08,
    "remaining_quantity": 0.08
  },
  {
    "event_id": "bddceec457dbcda64f6343ec711506a2a322892f4a3914ccbe509a77d002df31",
    "schema_version": "1.0.0",
    "event_type": "agent_order",
    "source": "synthetic_agent",
    "symbol": "BTCUSDT",
    "exchange": "binance_usdm",
    "timestamp": "2024-05-01T00:00:01.600000Z",
    "sequence": 20,
    "scenario_id": "scenario-317-momentum_ignition",
    "agent_id": "agent-momentum_ignition",
    "order_id": "scenario-317-momentum_ignition-agent-momentum_ignition-20",
    "action": "new",
    "side": "buy",
    "price": 65408.44379999999,
    "quantity": 0.08,
    "remaining_quantity": 0.08
  },
  {
    "event_id": "5ad1823e6c221429c7f72b38ef5a3e99c9ac0e276a1f07a2635cd639c383478d",
    "schema_version": "1.0.0",
    "event_type": "agent_order",
    "source": "synthetic_agent",
    "symbol": "BTCUSDT",
    "exchange": "binance_usdm",
    "timestamp": "2024-05-01T00:00:01.680000Z",
    "sequence": 21,
    "scenario_id": "scenario-317-momentum_ignition",
    "agent_id": "agent-momentum_ignition",
    "order_id": "scenario-317-momentum_ignition-agent-momentum_ignition-21",
    "action": "new",
    "side": "buy",
    "price": 65409.75014,
    "quantity": 0.08,
    "remaining_quantity": 0.08
  },
  {
    "event_id": "b0cf7bc2f383f7c09db6e7a160633089f35458118c13eda30921bc7a6aafa460",
    "schema_version": "1.0.0",
    "event_type": "agent_order",
    "source": "synthetic_agent",
    "symbol": "BTCUSDT",
    "exchange": "binance_usdm",
    "timestamp": "2024-05-01T00:00:01.760000Z",
    "sequence": 22,
    "scenario_id": "scenario-317-momentum_ignition",
    "agent_id": "agent-momentum_ignition",
    "order_id": "scenario-317-momentum_ignition-agent-momentum_ignition-22",
    "action": "new",
    "side": "buy",
    "price": 65411.05647999999,
    "quantity": 0.08,
    "remaining_quantity": 0.08
  },
  {
    "event_id": "b6d334f9eae7b9c4374c204d25a05d9deeee91368e2588df3162a7fad03bf3a5",
    "schema_version": "1.0.0",
    "event_type": "agent_order",
    "source": "synthetic_agent",
    "symbol": "BTCUSDT",
    "exchange": "binance_usdm",
    "timestamp": "2024-05-01T00:00:01.840000Z",
    "sequence": 23,
    "scenario_id": "scenario-317-momentum_ignition",
    "agent_id": "agent-momentum_ignition",
    "order_id": "scenario-317-momentum_ignition-agent-momentum_ignition-23",
    "action": "new",
    "side": "buy",
    "price": 65412.36281999999,
    "quantity": 0.08,
    "remaining_quantity": 0.08
  },
  {
    "event_id": "ce348601dcfc48c23c82147509d6a086eddaa5f45268b151adda34cfbf5414fa",
    "schema_version": "1.0.0",
    "event_type": "agent_order",
    "source": "synthetic_agent",
    "symbol": "BTCUSDT",
    "exchange": "binance_usdm",
    "timestamp": "2024-05-01T00:00:01.920000Z",
    "sequence": 24,
    "scenario_id": "scenario-317-momentum_ignition",
    "agent_id": "agent-momentum_ignition",
    "order_id": "scenario-317-momentum_ignition-agent-momentum_ignition-24",
    "action": "new",
    "side": "buy",
    "price": 65413.66916,
    "quantity": 0.08,
    "remaining_quantity": 0.08
  },
  {
    "event_id": "3f4a1375b37c71336099f29b7823d9ee3141039858e2f6caa6dda20d6ce375fb",
    "schema_version": "1.0.0",
    "event_type": "agent_order",
    "source": "synthetic_agent",
    "symbol": "BTCUSDT",
    "exchange": "binance_usdm",
    "timestamp": "2024-05-01T00:00:02Z",
    "sequence": 25,
    "scenario_id": "scenario-317-momentum_ignition",
    "agent_id": "agent-momentum_ignition",
    "order_id": "scenario-317-momentum_ignition-agent-momentum_ignition-25",
    "action": "new",
    "side": "buy",
    "price": 65414.975499999986,
    "quantity": 0.08,
    "remaining_quantity": 0.08
  },
  {
    "event_id": "51840ef8e817c5ecfa23f8adffaf4e05db044c5f09539f686afd3d2bca6e5fe2",
    "schema_version": "1.0.0",
    "event_type": "agent_order",
    "source": "synthetic_agent",
    "symbol": "BTCUSDT",
    "exchange": "binance_usdm",
    "timestamp": "2024-05-01T00:00:02.080000Z",
    "sequence": 26,
    "scenario_id": "scenario-317-momentum_ignition",
    "agent_id": "agent-momentum_ignition",
    "order_id": "scenario-317-momentum_ignition-agent-momentum_ignition-26",
    "action": "new",
    "side": "buy",
    "price": 65416.281839999996,
    "quantity": 0.08,
    "remaining_quantity": 0.08
  },
  {
    "event_id": "0dd7652645e31c57167146bd39d40628a0168e4c25032ca0f5e9cfd18b4819ce",
    "schema_version": "1.0.0",
    "event_type": "agent_order",
    "source": "synthetic_agent",
    "symbol": "BTCUSDT",
    "exchange": "binance_usdm",
    "timestamp": "2024-05-01T00:00:02.160000Z",
    "sequence": 27,
    "scenario_id": "scenario-317-momentum_ignition",
    "agent_id": "agent-momentum_ignition",
    "order_id": "scenario-317-momentum_ignition-agent-momentum_ignition-27",
    "action": "new",
    "side": "buy",
    "price": 65417.58817999999,
    "quantity": 0.08,
    "remaining_quantity": 0.08
  },
  {
    "event_id": "a2ba10c870afa65c006ea4153b7d478e039fde144c7b14ebb856e5c49136fbba",
    "schema_version": "1.0.0",
    "event_type": "agent_order",
    "source": "synthetic_agent",
    "symbol": "BTCUSDT",
    "exchange": "binance_usdm",
    "timestamp": "2024-05-01T00:00:02.240000Z",
    "sequence": 28,
    "scenario_id": "scenario-317-momentum_ignition",
    "agent_id": "agent-momentum_ignition",
    "order_id": "scenario-317-momentum_ignition-agent-momentum_ignition-28",
    "action": "new",
    "side": "buy",
    "price": 65418.89451999999,
    "quantity": 0.08,
    "remaining_quantity": 0.08
  },
  {
    "event_id": "ab846d33a8d0229f0f4f7e05ff2c5451132ed7643724f8259de3ae9cbb84424e",
    "schema_version": "1.0.0",
    "event_type": "agent_order",
    "source": "synthetic_agent",
    "symbol": "BTCUSDT",
    "exchange": "binance_usdm",
    "timestamp": "2024-05-01T00:00:02.320000Z",
    "sequence": 29,
    "scenario_id": "scenario-317-momentum_ignition",
    "agent_id": "agent-momentum_ignition",
    "order_id": "scenario-317-momentum_ignition-agent-momentum_ignition-29",
    "action": "new",
    "side": "buy",
    "price": 65420.20086,
    "quantity": 0.08,
    "remaining_quantity": 0.08
  }
]