[
  {
    "event_id": "399cc471903112e3b2c542e4327d9ba3ff973f2fdd111084b208707488710d49",
    "schema_version": "1.0.0",
    "event_type": "agent_order",
    "source": "synthetic_agent",
    "symbol": "BTCUSDT",
    "exchange": "binance_usdm",
    "timestamp": "2024-05-01T00:00:00Z",
    "sequence": 0,
    "scenario_id": "scenario-261-stop_run_sweep",
    "agent_id": "agent-stop_run_sweep",
    "order_id": "scenario-261-stop_run_sweep-agent-stop_run_sweep-0",
    "action": "new",
    "side": "buy",
    "price": 65326.26099999999,
    "quantity": 0.06,
    "remaining_quantity": 0.06
  },
  {
    "event_id": "3b269e71b4d021cf9e4ac49d420e05aa0d512484d3304c5b04364fc795b24e76",
    "schema_version": "1.0.0",
    "event_type": "agent_order",
    "source": "synthetic_agent",
    "symbol": "BTCUSDT",
    "exchange": "binance_usdm",
    "timestamp": "2024-05-01T00:00:00.030000Z",
    "sequence": 1,
    "scenario_id": "scenario-261-stop_run_sweep",
    "agent_id": "agent-stop_run_sweep",
    "order_id": "scenario-261-stop_run_sweep-agent-stop_run_sweep-1",
    "action": "new",
    "side": "buy",
    "price": 65329.52405,
    "quantity": 0.06,
    "remaining_quantity": 0.06
  },
  {
    "event_id": "5e0ccc5a03050689fce990c80972e472a494b610cf99b06e7aa1bca18dc2a163",
    "schema_version": "1.0.0",
    "event_type": "agent_order",
    "source": "synthetic_agent",
    "symbol": "BTCUSDT",
    "exchange": "binance_usdm",
    "timestamp": "2024-05-01T00:00:00.060000Z",
    "sequence": 2,
    "scenario_id": "scenario-261-stop_run_sweep",
    "agent_id": "agent-stop_run_sweep",
    "order_id": "scenario-261-stop_run_sweep-agent-stop_run_sweep-2",
    "action": "new",
    "side": "buy",
    "price": 65332.787099999994,
    "quantity": 0.06,
    "remaining_quantity": 0.06
  },
  {
    "event_id": "24111710b8ecbc8af88e0ddaf11b3dc4d08e26b46b0fc1b6bac0c45b8d828ae0",
    "schema_version": "1.0.0",
    "event_type": "agent_order",
    "source": "synthetic_agent",
    "symbol": "BTCUSDT",
    "exchange": "binance_usdm",
    "timestamp": "2024-05-01T00:00:00.090000Z",
    "sequence": 3,
    "scenario_id": "scenario-261-stop_run_sweep",
    "agent_id": "agent-stop_run_sweep",
    "order_id": "scenario-261-stop_run_sweep-agent-stop_run_sweep-3",
    "action": "new",
    "side": "buy",
    "price": 65336.050149999995,
    "quantity": 0.06,
    "remaining_quantity": 0.06
  },
  {
    "event_id": "8ffaa26aa7757b32415d743fd525faa5377736007e6da57c63769e106c147384",
    "schema_version": "1.0.0",
    "event_type": "agent_order",
    "source": "synthetic_agent",
    "symbol": "BTCUSDT",
    "exchange": "binance_usdm",
    "timestamp": "2024-05-01T00:00:00.120000Z",
    "sequence": 4,
    "scenario_id": "scenario-261-stop_run_sweep",
    "agent_id": "agent-stop_run_sweep",
    "order_id": "scenario-261-stop_run_sweep-agent-stop_run_sweep-4",
    "action": "new",
    "side": "buy",
    "price": 65339.31319999999,
    "quantity": 0.06,
    "remaining_quantity": 0.06
  },
  {
    "event_id": "638c4daf4e758cb38b8ecb5c72a69ebfaa6e08bc6d0a81c69e863ae0932f4a83",
    "schema_version": "1.0.0",
    "event_type": "agent_order",
    "source": "synthetic_agent",
    "symbol": "BTCUSDT",
    "exchange": "binance_usdm",
    "timestamp": "2024-05-01T00:00:00.150000Z",
    "sequence": 5,
    "scenario_id": "scenario-261-stop_run_sweep",
    "agent_id": "agent-stop_run_sweep",
    "order_id": "scenario-261-stop_run_sweep-agent-stop_run_sweep-5",
    "action": "new",
    "side": "buy",
    "price": 65342.57625,
    "quantity": 0.06,
    "remaining_quantity": 0.06
  },
  {
    "event_id": "a65a2f26e2d33e9912d6f6a8f5d5eceef8ffe1bee801dcc26ab6c7627fd8797a",
    "schema_version": "1.0.0",
    "event_type": "agent_order",
    "source": "synthetic_agent",
    "symbol": "BTCUSDT",
    "exchange": "binance_usdm",
    "timestamp": "2024-05-01T00:00:00.180000Z",
    "sequence": 6,
    "scenario_id": "scenario-261-stop_run_sweep",
    "agent_id": "agent-stop_run_sweep",
    "order_id": "scenario-261-stop_run_sweep-agent-stop_run_sweep-6",
    "action": "new",
    "side": "buy",
    "price": 65345.83929999999,
    "quantity": 0.06,
    "remaining_quantity": 0.06
  },
  {
    "event_id": "7832881b7ccd20f112b1031c8f738ad92ad5c1da2b99bc5754f4d2a89726c792",
    "schema_version": "1.0.0",
    "event_type": "agent_order",
    "source": "synthetic_agent",
    "symbol": "BTCUSDT",
    "exchange": "binance_usdm",
    "timestamp": "2024-05-01T00:00:00.210000Z",
    "sequence": 7,
    "scenario_id": "scenario-261-stop_run_sweep",
    "agent_id": "agent-stop_run_sweep",
    "order_id": "scenario-261-stop_run_sweep-agent-stop_run_sweep-7",
    "action": "new",
    "side": "buy",
    "price": 65349.10235,
    "quantity": 0.06,
    "remaining_quantity": 0.06
  },
  {
    "event_id": "388547ea0dd3c248887e317b9cfced0a1fd76616d48f662bbd7cab6551917860",
    "schema_version": "1.0.0",
    "event_type": "agent_order",
    "source": "synthetic_agent",
    "symbol": "BTCUSDT",
    "exchange": "binance_usdm",
    "timestamp": "2024-05-01T00:00:00.240000Z",
    "sequence": 8,
    "scenario_id": "scenario-261-stop_run_sweep",
    "agent_id": "agent-stop_run_sweep",
    "order_id": "scenario-261-stop_run_sweep-agent-stop_run_sweep-8",
    "action": "new",
    "side": "buy",
    "price": 65352.36539999999,
    "quantity": 0.06,
    "remaining_quantity": 0.06
  },
  {
    "event_id": "dfed710ba935d60eb6f2bdce6e331c8fcdfceccbc9a5113c1e490083d3fad855",
    "schema_version": "1.0.0",
    "event_type": "agent_order",
    "source": "synthetic_agent",
    "symbol": "BTCUSDT",
    "exchange": "binance_usdm",
    "timestamp": "2024-05-01T00:00:00.270000Z",
    "sequence": 9,
    "scenario_id": "scenario-261-stop_run_sweep",
    "agent_id": "agent-stop_run_sweep",
    "order_id": "scenario-261-stop_run_sweep-agent-stop_run_sweep-9",
    "action": "new",
    "side": "buy",
    "price": 65355.62845,
    "quantity": 0.06,
    "remaining_quantity": 0.06
  },
  {
    "event_id": "a24fc2d60ce3eef7a89d041d3a77a8cb663ede55ba4433c40b3c383814ded474",
    "schema_version": "1.0.0",
    "event_type": "agent_order",
    "source": "synthetic_agent",
    "symbol": "BTCUSDT",
    "exchange": "binance_usdm",
    "timestamp": "2024-05-01T00:00:00.300000Z",
    "sequence": 10,
    "scenario_id": "scenario-261-stop_run_sweep",
    "agent_id": "agent-stop_run_sweep",
    "order_id": "scenario-261-stop_run_sweep-agent-stop_run_sweep-10",
    "action": "new",
    "side": "buy",
    "price": 65358.89149999999,
    "quantity": 0.06,
    "remaining_quantity": 0.06
  },
  {
    "event_id": "cc6d2e2889ca94cfba7e047eb340ca175965b950e275c3874563b645547a77bb",
    "schema_version": "1.0.0",
    "event_type": "agent_order",
    "source": "synthetic_agent",
    "symbol": "BTCUSDT",
    "exchange": "binance_usdm",
    "timestamp": "2024-05-01T00:00:00.330000Z",
    "sequence": 11,
    "scenario_id": "scenario-261-stop_run_sweep",
    "agent_id": "agent-stop_run_sweep",
    "order_id": "scenario-261-stop_run_sweep-agent-stop_run_sweep-11",
    "action": "new",
    "side": "buy",
    "price": 65362.15455,
    "quantity": 0.06,
    "remaining_quantity": 0.06
  },
  {
    "event_id": "27057df2e23c035727734f643a15b98ffc13745a4fd7a291aa8db020c469cc6f",
    "schema_version": "1.0.0",
    "event_type": "agent_order",
    "source": "synthetic_agent",
    "symbol": "BTCUSDT",
    "exchange": "binance_usdm",
    "timestamp": "2024-05-01T00:00:00.360000Z",
    "sequence": 12,
    "scenario_id": "scenario-261-stop_run_sweep",
    "agent_id": "agent-stop_run_sweep",
    "order_id": "scenario-261-stop_run_sweep-agent-stop_run_sweep-12",
    "action": "new",
    "side": "buy",
    "price": 65365.417599999986,
    "quantity": 0.06,
    "remaining_quantity": 0.06
  },
  {
    "event_id": "a6e9a2cd2df77017491b4dc083c62f04c9ebdbd020ff199f8c263c6be69136a3",
    "schema_version": "1.0.0",
    "event_type": "agent_order",
    "source": "synthetic_agent",
    "symbol": "BTCUSDT",
    "exchange": "binance_usdm",
    "timestamp": "2024-05-01T00:00:00.390000Z",
    "sequence": 13,
    "scenario_id": "scenario-261-stop_run_sweep",
    "agent_id": "agent-stop_run_sweep",
    "order_id": "scenario-261-stop_run_sweep-agent-stop_run_sweep-13",
    "action": "new",
    "side": "buy",
    "price": 65368.680649999995,
    "quantity": 0.06,
    "remaining_quantity": 0.06
  },
  {
    "event_id": "b0b97e2c52142a7db7844956449ac27924df527b1260284ab7267133f59076d1",
    "schema_version": "1.0.0",
    "event_type": "agent_order",
    "source": "synthetic_agent",
    "symbol": "BTCUSDT",
    "exchange": "binance_usdm",
    "timestamp": "2024-05-01T00:00:00.420000Z",
    "sequence": 14,
    "scenario_id": "scenario-261-stop_run_sweep",
    "agent_id": "agent-stop_run_sweep",
    "order_id": "scenario-261-stop_run_sweep-agent-stop_run_sweep-14",
    "action": "new",
    "side": "buy",
    "price": 65371.94369999999,
    "quantity": 0.06,
    "remaining_quantity": 0.06
  },
  {
    "event_id": "e7e3ecd1550930a0afa24762275ef164db42869dd589e8952885a5ca7823c278",
    "schema_version": "1.0.0",
    "event_type": "agent_order",
    "source": "synthetic_agent",
    "symbol": "BTCUSDT",
    "exchange": "binance_usdm",
    "timestamp": "2024-05-01T00:00:00.450000Z",
    "sequence": 15,
    "scenario_id": "scenario-261-stop_run_sweep",
    "agent_id": "agent-stop_run_sweep",
    "order_id": "scenario-261-stop_run_sweep-agent-stop_run_sweep-15",
    "action": "new",
    "side": "buy",
    "price": 65375.20675,
    "quantity": 0.06,
    "remaining_quantity": 0.06
  },
  {
    "event_id": "26b0d4f1be565c1e005b52a061c9b26ee47e97a69fb5c62462cd65d9abc7f9c3",
    "schema_version": "1.0.0",
    "event_type": "agent_order",
    "source": "synthetic_agent",
    "symbol": "BTCUSDT",
    "exchange": "binance_usdm",
    "timestamp": "2024-05-01T00:00:00.480000Z",
    "sequence": 16,
    "scenario_id": "scenario-261-stop_run_sweep",
    "agent_id": "agent-stop_run_sweep",
    "order_id": "scenario-261-stop_run_sweep-agent-stop_run_sweep-16",
    "action": "new",
    "side": "buy",
    "price": 65378.469799999984,
    "quantity": 0.06,
    "remaining_quantity": 0.06
  },
  {
    "event_id": "c7307c8417636d29981aef25ed6013f032ec06c3f8644c740a7cec8a0a7fe524",
    "schema_version": "1.0.0",
    "event_type": "agent_order",
    "source": "synthetic_agent",
    "symbol": "BTCUSDT",
    "exchange": "binance_usdm",
    "timestamp": "2024-05-01T00:00:00.510000Z",
    "sequence": 17,
    "scenario_id": "scenario-261-stop_run_sweep",
    "agent_id": "agent-stop_run_sweep",
    "order_id": "scenario-261-stop_run_sweep-agent-stop_run_sweep-17",
    "action": "new",
    "side": "buy",
    "price": 65381.73284999999,
    "quantity": 0.06,
    "remaining_quantity": 0.06
  },
  {
    "event_id": "9ffcf64c3693802f1729159b94bf26fcde4e7f88c919864d7468d29904ed4da7",
    "schema_version": "1.0.0",
    "event_type": "agent_order",
    "source": "synthetic_agent",
    "symbol": "BTCUSDT",
    "exchange": "binance_usdm",
    "timestamp": "2024-05-01T00:00:00.540000Z",
    "sequence": 18,
    "scenario_id": "scenario-261-stop_run_sweep",
    "agent_id": "agent-stop_run_sweep",
    "order_id": "scenario-261-stop_run_sweep-agent-stop_run_sweep-18",
    "action": "new",
    "side": "buy",
    "price": 65384.99589999999,
    "quantity": 0.06,
    "remaining_quantity": 0.06
  },
  {
    "event_id": "563fd74b6c931c579b2c2ab1e1ec4365f9008d1646f95d041ed769ade83ce2db",
    "schema_version": "1.0.0",
    "event_type": "agent_order",
    "source": "synthetic_agent",
    "symbol": "BTCUSDT",
    "exchange": "binance_usdm",
    "timestamp": "2024-05-01T00:00:00.570000Z",
    "sequence": 19,
    "scenario_id": "scenario-261-stop_run_sweep",
    "agent_id": "agent-stop_run_sweep",
    "order_id": "scenario-261-stop_run_sweep-agent-stop_run_sweep-19",
    "action": "new",
    "side": "buy",
    "price": 65388.258949999996,
    "quantity": 0.06,
    "remaining_quantity": 0.06
  },
  {
    "event_id": "30ba332bc6e547b0ad026500688cb39d9bd269ffb605132999fa60b48fc20ecd",
    "schema_version": "1.0.0",
    "event_type": "agent_order",
    "source": "synthetic_agent",
    "symbol": "BTCUSDT",
    "exchange": "binance_usdm",
    "timestamp": "2024-05-01T00:00:00.600000Z",
    "sequence": 20,
    "scenario_id": "scenario-261-stop_run_sweep",
    "agent_id": "agent-stop_run_sweep",
    "order_id": "scenario-261-stop_run_sweep-agent-stop_run_sweep-20",
    "action": "new",
    "side": "buy",
    "price": 65391.52199999998,
    "quantity": 0.06,
    "remaining_quantity": 0.06
  },
  {
    "event_id": "33f70971ba9018f6414d101c06f5a9b554787b092d0da9d5ffdb2239777669b0",
    "schema_version": "1.0.0",
    "event_type": "agent_order",
    "source": "synthetic_agent",
    "symbol": "BTCUSDT",
    "exchange": "binance_usdm",
    "timestamp": "2024-05-01T00:00:00.630000Z",
    "sequence": 21,
    "scenario_id": "scenario-261-stop_run_sweep",
    "agent_id": "agent-stop_run_sweep",
    "order_id": "scenario-261-stop_run_sweep-agent-stop_run_sweep-21",
    "action": "new",
    "side": "buy",
    "price": 65394.78504999999,
    "quantity": 0.06,
    "remaining_quantity": 0.06
  },
  {
    "event_id": "77e98bcaec8ef335abb639dcbd698acc0c73a73e40449fe49ec07b1ad2b0ccd3",
    "schema_version": "1.0.0",
    "event_type": "agent_order",
    "source": "synthetic_agent",
    "symbol": "BTCUSDT",
    "exchange": "binance_usdm",
    "timestamp": "2024-05-01T00:00:00.660000Z",
    "sequence": 22,
    "scenario_id": "scenario-261-stop_run_sweep",
    "agent_id": "agent-stop_run_sweep",
    "order_id": "scenario-261-stop_run_sweep-agent-stop_run_sweep-22",
    "action": "new",
    "side": "buy",
    "price": 65398.0481,
    "quantity": 0.06,
    "remaining_quantity": 0.06
  },
  {
    "event_id": "40b9c3add1f04cca49df0045ae7ac0d27489d53bc267bccab13d045ccde58fe2",
    "schema_version": "1.0.0",
    "event_type": "agent_order",
    "source": "synthetic_agent",
    "symbol": "BTCUSDT",
    "exchange": "binance_usdm",
    "timestamp": "2024-05-01T00:00:00.690000Z",
    "sequence": 23,
    "scenario_id": "scenario-261-stop_run_sweep",
    "agent_id": "agent-stop_run_sweep",
    "order_id": "scenario-261-stop_run_sweep-agent-stop_run_sweep-23",
    "action": "new",
    "side": "buy",
    "price": 65401.311149999994,
    "quantity": 0.06,
    "remaining_quantity": 0.06
  },
  {
    "event_id": "e7c648fa3e4ef34dc7fc7d60cc729cffea63947c496093a7eacb141a5c1601c8",
    "schema_version": "1.0.0",
    "event_type": "agent_order",
    "source": "synthetic_agent",
    "symbol": "BTCUSDT",
    "exchange": "binance_usdm",
    "timestamp": "2024-05-01T00:00:00.720000Z",
    "sequence": 24,
    "scenario_id": "scenario-261-stop_run_sweep",
    "agent_id": "agent-stop_run_sweep",
    "order_id": "scenario-261-stop_run_sweep-agent-stop_run_sweep-24",
    "action": "new",
    "side": "buy",
    "price": 65404.574199999995,
    "quantity": 0.06,
    "remaining_quantity": 0.06
  },
  {
    "event_id": "78247fb283dc360abd9741663ba23cbdd4c9906b51d5ebd02ba50b4c37982169",
    "schema_version": "1.0.0",
    "event_type": "agent_order",
    "source": "synthetic_agent",
    "symbol": "BTCUSDT",
    "exchange": "binance_usdm",
    "timestamp": "2024-05-01T00:00:00.750000Z",
    "sequence": 25,
    "scenario_id": "scenario-261-stop_run_sweep",
    "agent_id": "agent-stop_run_sweep",
    "order_id": "scenario-261-stop_run_sweep-agent-stop_run_sweep-25",
    "action": "new",
    "side": "buy",
    "price": 65407.83724999999,
    "quantity": 0.06,
    "remaining_quantity": 0.06
  },
  {
    "event_id": "953a8a762aa1b0ecf22e958c2ca6ba96d2b86c59f678c0d9d2de6a48486dafee",
    "schema_version": "1.0.0",
    "event_type": "agent_order",
    "source": "synthetic_agent",
    "symbol": "BTCUSDT",
    "exchange": "binance_usdm",
    "timestamp": "2024-05-01T00:00:00.780000Z",
    "sequence": 26,
    "scenario_id": "scenario-261-stop_run_sweep",
    "agent_id": "agent-stop_run_sweep",
    "order_id": "scenario-261-stop_run_sweep-agent-stop_run_sweep-26",
    "action": "new",
    "side": "buy",
    "price": 65411.1003,
    "quantity": 0.06,
    "remaining_quantity": 0.06
  },
  {
    "event_id": "07bd59d8836f59b5409b17a44df1e87cd577ff161d78e56686089a9f79108e28",
    "schema_version": "1.0.0",
    "event_type": "agent_order",
    "source": "synthetic_agent",
    "symbol": "BTCUSDT",
    "exchange": "binance_usdm",
    "timestamp": "2024-05-01T00:00:00.810000Z",
    "sequence": 27,
    "scenario_id": "scenario-261-stop_run_sweep",
    "agent_id": "agent-stop_run_sweep",
    "order_id": "scenario-261-stop_run_sweep-agent-stop_run_sweep-27",
    "action": "new",
    "side": "buy",
    "price": 65414.36334999999,
    "quantity": 0.06,
    "remaining_quantity": 0.06
  },
  {
    "event_id": "982067ffa2e5c5cc2f4691423e3e845a37d8f4330ce44cc7e7796578972cd74b",
    "schema_version": "1.0.0",
    "event_type": "agent_order",
    "source": "synthetic_agent",
    "symbol": "BTCUSDT",
    "exchange": "binance_usdm",
    "timestamp": "2024-05-01T00:00:00.840000Z",
    "sequence": 28,
    "scenario_id": "scenario-261-stop_run_sweep",
    "agent_id": "agent-stop_run_sweep",
    "order_id": "scenario-261-stop_run_sweep-agent-stop_run_sweep-28",
    "action": "new",
    "side": "buy",
    "price": 65417.626399999994,
    "quantity": 0.06,
    "remaining_quantity": 0.06
  },
  {
    "event_id": "64407c927a61be55a58c1f5fc219bb4d41efbe74fd43f1596a028a2eb2f7bfd6",
    "schema_version": "1.0.0",
    "event_type": "agent_order",
    "source": "synthetic_agent",
    "symbol": "BTCUSDT",
    "exchange": "binance_usdm",
    "timestamp": "2024-05-01T00:00:00.870000Z",
    "sequence": 29,
    "scenario_id": "scenario-261-stop_run_sweep",
    "agent_id": "agent-stop_run_sweep",
    "order_id": "scenario-261-stop_run_sweep-agent-stop_run_sweep-29",
    "action": "new",
    "side": "buy",
    "price": 65420.88944999999,
    "quantity": 0.06,
    "remaining_quantity": 0.06
  }
]