[
  {
    "event_id": "f729059abe639f888610cbec0a7898a77bc3cfd3f8c9147909bee59b58eba8ee",
    "schema_version": "1.0.0",
    "event_type": "agent_order",
    "source": "synthetic_agent",
    "symbol": "BTCUSDT",
    "exchange": "binance_usdm",
    "timestamp": "2024-05-01T00:00:00Z",
    "sequence": 0,
    "scenario_id": "scenario-001-twap_execution",
    "agent_id": "agent-twap_execution",
    "order_id": "scenario-001-twap_execution-agent-twap_execution-0",
    "action": "new",
    "side": "buy",
    "price": 64968.499500000005,
    "quantity": 0.005,
    "remaining_quantity": 0.005
  },
  {
    "event_id": "3ad88f799fe7434be780e2a5b59601b29a60264c9f6e2393173079d503da62c1",
    "schema_version": "1.0.0",
    "event_type": "agent_order",
    "source": "synthetic_agent",
    "symbol": "BTCUSDT",
    "exchange": "binance_usdm",
    "timestamp": "2024-05-01T00:00:01Z",
    "sequence": 1,
    "scenario_id": "scenario-001-twap_execution",
    "agent_id": "agent-twap_execution",
    "order_id": "scenario-001-twap_execution-agent-twap_execution-1",
    "action": "new",
    "side": "buy",
    "price": 64968.499500000005,
    "quantity": 0.005,
    "remaining_quantity": 0.005
  },
  {
    "event_id": "b0e68dac78b0549e2c8c0f416d073caada16965e068568e912aa055bc381712c",
    "schema_version": "1.0.0",
    "event_type": "agent_order",
    "source": "synthetic_agent",
    "symbol": "BTCUSDT",
    "exchange": "binance_usdm",
    "timestamp": "2024-05-01T00:00:02Z",
    "sequence": 2,
    "scenario_id": "scenario-001-twap_execution",
    "agent_id": "agent-twap_execution",
    "order_id": "scenario-001-twap_execution-agent-twap_execution-2",
    "action": "new",
    "side": "buy",
    "price": 64968.499500000005,
    "quantity": 0.005,
    "remaining_quantity": 0.005
  },
  {
    "event_id": "eb9f2ae25ac64909d574bc3ed13d6ad7662f40460322d40da239849ff3eda188",
    "schema_version": "1.0.0",
    "event_type": "agent_order",
    "source": "synthetic_agent",
    "symbol": "BTCUSDT",
    "exchange": "binance_usdm",
    "timestamp": "2024-05-01T00:00:03Z",
    "sequence": 3,
    "scenario_id": "scenario-001-twap_execution",
    "agent_id": "agent-twap_execution",
    "order_id": "scenario-001-twap_execution-agent-twap_execution-3",
    "action": "new",
    "side": "buy",
    "price": 64968.499500000005,
    "quantity": 0.005,
    "remaining_quantity": 0.005
  },
  {
    "event_id": "fbbc710162d190ce247684dffa4de80eef60d869b03b5563d4b1c4c15adf19a0",
    "schema_version": "1.0.0",
    "event_type": "agent_order",
    "source": "synthetic_agent",
    "symbol": "BTCUSDT",
    "exchange": "binance_usdm",
    "timestamp": "2024-05-01T00:00:04Z",
    "sequence": 4,
    "scenario_id": "scenario-001-twap_execution",
    "agent_id": "agent-twap_execution",
    "order_id": "scenario-001-twap_execution-agent-twap_execution-4",
    "action": "new",
    "side": "buy",
    "price": 64968.499500000005,
    "quantity": 0.005,
    "remaining_quantity": 0.005
  },
  {
    "event_id": "ef9ca7fd533fa7d258a00b865bef29ea20c3f41904e032dea85b3b08a7405ef0",
    "schema_version": "1.0.0",
    "event_type": "agent_order",
    "source": "synthetic_agent",
    "symbol": "BTCUSDT",
    "exchange": "binance_usdm",
    "timestamp": "2024-05-01T00:00:05Z",
    "sequence": 5,
    "scenario_id": "scenario-001-twap_execution",
    "agent_id": "agent-twap_execution",
    "order_id": "scenario-001-twap_execution-agent-twap_execution-5",
    "action": "new",
    "side": "buy",
    "price": 64968.499500000005,
    "quantity": 0.005,
    "remaining_quantity": 0.005
  },
  {
    "event_id": "a6f161ba44a93b9263c8a4b60a00fa5accb07b1c82945a62a2e8d1ad0bf16378",
    "schema_version": "1.0.0",
    "event_type": "agent_order",
    "source": "synthetic_agent",
    "symbol": "BTCUSDT",
    "exchange": "binance_usdm",
    "timestamp": "2024-05-01T00:00:06Z",
    "sequence": 6,
    "scenario_id": "scenario-001-twap_execution",
    "agent_id": "agent-twap_execution",
    "order_id": "scenario-001-twap_execution-agent-twap_execution-6",
    "action": "new",
    "side": "buy",
    "price": 64968.499500000005,
    "quantity": 0.005,
    "remaining_quantity": 0.005
  },
  {
    "event_id": "e55d0f11fa5101a26666aa4b507e2da0a93b089dd63bb1f4ee5ac9db20785861",
    "schema_version": "1.0.0",
    "event_type": "agent_order",
    "source": "synthetic_agent",
    "symbol": "BTCUSDT",
    "exchange": "binance_usdm",
    "timestamp": "2024-05-01T00:00:07Z",
    "sequence": 7,
    "scenario_id": "scenario-001-twap_execution",
    "agent_id": "agent-twap_execution",
    "order_id": "scenario-001-twap_execution-agent-twap_execution-7",
    "action": "new",
    "side": "buy",
    "price": 64968.499500000005,
    "quantity": 0.005,
    "remaining_quantity": 0.005
  },
  {
    "event_id": "2592012fc37c5931936c92954589f17a1ab0035b34cb7d4e66eab5e1efb0170d",
    "schema_version": "1.0.0",
    "event_type": "agent_order",
    "source": "synthetic_agent",
    "symbol": "BTCUSDT",
    "exchange": "binance_usdm",
    "timestamp": "2024-05-01T00:00:08Z",
    "sequence": 8,
    "scenario_id": "scenario-001-twap_execution",
    "agent_id": "agent-twap_execution",
    "order_id": "scenario-001-twap_execution-agent-twap_execution-8",
    "action": "new",
    "side": "buy",
    "price": 64968.499500000005,
    "quantity": 0.005,
    "remaining_quantity": 0.005
  },
  {
    "event_id": "4d0c46fba19eb8305e731c269baebbd291aadb88f6d91bc316da17873f540e92",
    "schema_version": "1.0.0",
    "event_type": "agent_order",
    "source": "synthetic_agent",
    "symbol": "BTCUSDT",
    "exchange": "binance_usdm",
    "timestamp": "2024-05-01T00:00:09Z",
    "sequence": 9,
    "scenario_id": "scenario-001-twap_execution",
    "agent_id": "agent-twap_execution",
    "order_id": "scenario-001-twap_execution-agent-twap_execution-9",
    "action": "new",
    "side": "buy",
    "price": 64968.499500000005,
    "quantity": 0.005,
    "remaining_quantity": 0.005
  },
  {
    "event_id": "0d1323e87893f9dae136dabd027d7275db8d88ad56ca3e65980d801c511519ff",
    "schema_version": "1.0.0",
    "event_type": "agent_order",
    "source": "synthetic_agent",
    "symbol": "BTCUSDT",
    "exchange": "binance_usdm",
    "timestamp": "2024-05-01T00:00:10Z",
    "sequence": 10,
    "scenario_id": "scenario-001-twap_execution",
    "agent_id": "agent-twap_execution",
    "order_id": "scenario-001-twap_execution-agent-twap_execution-10",
    "action": "new",
    "side": "buy",
    "price": 64968.499500000005,
    "quantity": 0.005,
    "remaining_quantity": 0.005
  },
  {
    "event_id": "cc06891e52db8d4d696e3d1f5bf6cc76e19400045b298eafecd1a9a7d6823199",
    "schema_version": "1.0.0",
    "event_type": "agent_order",
    "source": "synthetic_agent",
    "symbol": "BTCUSDT",
    "exchange": "binance_usdm",
    "timestamp": "2024-05-01T00:00:11Z",
    "sequence": 11,
    "scenario_id": "scenario-001-twap_execution",
    "agent_id": "agent-twap_execution",
    "order_id": "scenario-001-twap_execution-agent-twap_execution-11",
    "action": "new",
    "side": "buy",
    "price": 64968.499500000005,
    "quantity": 0.005,
    "remaining_quantity": 0.005
  },
  {
    "event_id": "8b28e233dfc8b012b59e7b0eaab387d7cd0cdb0836c34c1bd32490d944b39c5d",
    "schema_version": "1.0.0",
    "event_type": "agent_order",
    "source": "synthetic_agent",
    "symbol": "BTCUSDT",
    "exchange": "binance_usdm",
    "timestamp": "2024-05-01T00:00:12Z",
    "sequence": 12,
    "scenario_id": "scenario-001-twap_execution",
    "agent_id": "agent-twap_execution",
    "order_id": "scenario-001-twap_execution-agent-twap_execution-12",
    "action": "new",
    "side": "buy",
    "price": 64968.499500000005,
    "quantity": 0.005,
    "remaining_quantity": 0.005
  },
  {
    "event_id": "6e1cfd33f9315432f3ca8802db054f898dc7d962553ab15b326b11b2a9aa7e6c",
    "schema_version": "1.0.0",
    "event_type": "agent_order",
    "source": "synthetic_agent",
    "symbol": "BTCUSDT",
    "exchange": "binance_usdm",
    "timestamp": "2024-05-01T00:00:13Z",
    "sequence": 13,
    "scenario_id": "scenario-001-twap_execution",
    "agent_id": "agent-twap_execution",
    "order_id": "scenario-001-twap_execution-agent-twap_execution-13",
    "action": "new",
    "side": "buy",
    "price": 64968.499500000005,
    "quantity": 0.005,
    "remaining_quantity": 0.005
  },
  {
    "event_id": "206132f6ddf187584506f1691e5ad851e1e25b220bf70a8da9afd6cb5ace0e9d",
    "schema_version": "1.0.0",
    "event_type": "agent_order",
    "source": "synthetic_agent",
    "symbol": "BTCUSDT",
    "exchange": "binance_usdm",
    "timestamp": "2024-05-01T00:00:14Z",
    "sequence": 14,
    "scenario_id": "scenario-001-twap_execution",
    "agent_id": "agent-twap_execution",
    "order_id": "scenario-001-twap_execution-agent-twap_execution-14",
    "action": "new",
    "side": "buy",
    "price": 64968.499500000005,
    "quantity": 0.005,
    "remaining_quantity": 0.005
  },
  {
    "event_id": "21ec47aa58bc0180d51d41398991f061993a0324cd6420b787257c3a96e8eb73",
    "schema_version": "1.0.0",
    "event_type": "agent_order",
    "source": "synthetic_agent",
    "symbol": "BTCUSDT",
    "exchange": "binance_usdm",
    "timestamp": "2024-05-01T00:00:15Z",
    "sequence": 15,
    "scenario_id": "scenario-001-twap_execution",
    "agent_id": "agent-twap_execution",
    "order_id": "scenario-001-twap_execution-agent-twap_execution-15",
    "action": "new",
    "side": "buy",
    "price": 64968.499500000005,
    "quantity": 0.005,
    "remaining_quantity": 0.005
  },
  {
    "event_id": "7bf150043222b5775a401ce61125343637e86a3a6c62f78fd51f36b241a19f1a",
    "schema_version": "1.0.0",
    "event_type": "agent_order",
    "source": "synthetic_agent",
    "symbol": "BTCUSDT",
    "exchange": "binance_usdm",
    "timestamp": "2024-05-01T00:00:16Z",
    "sequence": 16,
    "scenario_id": "scenario-001-twap_execution",
    "agent_id": "agent-twap_execution",
    "order_id": "scenario-001-twap_execution-agent-twap_execution-16",
    "action": "new",
    "side": "buy",
    "price": 64968.499500000005,
    "quantity": 0.005,
    "remaining_quantity": 0.005
  },
  {
    "event_id": "7182b7f231ff9778e66f57f0219093edc813e1ca06cac4bc72854dd14a361b16",
    "schema_version": "1.0.0",
    "event_type": "agent_order",
    "source": "synthetic_agent",
    "symbol": "BTCUSDT",
    "exchange": "binance_usdm",
    "timestamp": "2024-05-01T00:00:17Z",
    "sequence": 17,
    "scenario_id": "scenario-001-twap_execution",
    "agent_id": "agent-twap_execution",
    "order_id": "scenario-001-twap_execution-agent-twap_execution-17",
    "action": "new",
    "side": "buy",
    "price": 64968.499500000005,
    "quantity": 0.005,
    "remaining_quantity": 0.005
  },
  {
    "event_id": "9d8105f5112b0a8ff9ae4575ce90b0e7a614e4e6a1740cff9b48af15f1772202",
    "schema_version": "1.0.0",
    "event_type": "agent_order",
    "source": "synthetic_agent",
    "symbol": "BTCUSDT",
    "exchange": "binance_usdm",
    "timestamp": "2024-05-01T00:00:18Z",
    "sequence": 18,
    "scenario_id": "scenario-001-twap_execution",
    "agent_id": "agent-twap_execution",
    "order_id": "scenario-001-twap_execution-agent-twap_execution-18",
    "action": "new",
    "side": "buy",
    "price": 64968.499500000005,
    "quantity": 0.005,
    "remaining_quantity": 0.005
  },
  {
    "event_id": "0bbb34d470d7180551366a3de9c59574a62ea8107bde6ab3bd4e1c58fd1b6d9c",
    "schema_version": "1.0.0",
    "event_type": "agent_order",
    "source": "synthetic_agent",
    "symbol": "BTCUSDT",
    "exchange": "binance_usdm",
    "timestamp": "2024-05-01T00:00:19Z",
    "sequence": 19,
    "scenario_id": "scenario-001-twap_execution",
    "agent_id": "agent-twap_execution",
    "order_id": "scenario-001-twap_execution-agent-twap_execution-19",
    "action": "new",
    "side": "buy",
    "price": 64968.499500000005,
    "quantity": 0.005,
    "remaining_quantity": 0.005
  },
  {
    "event_id": "bb0239146f46008f72b7c5676f886e10565be1acf549cbd01ca834cc6c219413",
    "schema_version": "1.0.0",
    "event_type": "agent_order",
    "source": "synthetic_agent",
    "symbol": "BTCUSDT",
    "exchange": "binance_usdm",
    "timestamp": "2024-05-01T00:00:20Z",
    "sequence": 20,
    "scenario_id": "scenario-001-twap_execution",
    "agent_id": "agent-twap_execution",
    "order_id": "scenario-001-twap_execution-agent-twap_execution-20",
    "action": "new",
    "side": "buy",
    "price": 64968.499500000005,
    "quantity": 0.005,
    "remaining_quantity": 0.005
  },
  {
    "event_id": "789e4576dac32d82f1ef8c3e05419e41a5544836373102e0283137a8935816e2",
    "schema_version": "1.0.0",
    "event_type": "agent_order",
    "source": "synthetic_agent",
    "symbol": "BTCUSDT",
    "exchange": "binance_usdm",
    "timestamp": "2024-05-01T00:00:21Z",
    "sequence": 21,
    "scenario_id": "scenario-001-twap_execution",
    "agent_id": "agent-twap_execution",
    "order_id": "scenario-001-twap_execution-agent-twap_execution-21",
    "action": "new",
    "side": "buy",
    "price": 64968.499500000005,
    "quantity": 0.005,
    "remaining_quantity": 0.005
  },
  {
    "event_id": "deacfbee69dc47c167908bfe0191d1c05a27e9e394c8c09e0652eea3ca747fcd",
    "schema_version": "1.0.0",
    "event_type": "agent_order",
    "source": "synthetic_agent",
    "symbol": "BTCUSDT",
    "exchange": "binance_usdm",
    "timestamp": "2024-05-01T00:00:22Z",
    "sequence": 22,
    "scenario_id": "scenario-001-twap_execution",
    "agent_id": "agent-twap_execution",
    "order_id": "scenario-001-twap_execution-agent-twap_execution-22",
    "action": "new",
    "side": "buy",
    "price": 64968.499500000005,
    "quantity": 0.005,
    "remaining_quantity": 0.005
  },
  {
    "event_id": "bb2b38847ac9ee672f2ccdaa00017f57e52c936108cb4105b129f6ecf0ffcdd3",
    "schema_version": "1.0.0",
    "event_type": "agent_order",
    "source": "synthetic_agent",
    "symbol": "BTCUSDT",
    "exchange": "binance_usdm",
    "timestamp": "2024-05-01T00:00:23Z",
    "sequence": 23,
    "scenario_id": "scenario-001-twap_execution",
    "agent_id": "agent-twap_execution",
    "order_id": "scenario-001-twap_execution-agent-twap_execution-23",
    "action": "new",
    "side": "buy",
    "price": 64968.499500000005,
    "quantity": 0.005,
    "remaining_quantity": 0.005
  },
  {
    "event_id": "811245ed41dfc1ef3597693efddbf5d28818a5a35566829a71e367637d6879eb",
    "schema_version": "1.0.0",
    "event_type": "agent_order",
    "source": "synthetic_agent",
    "symbol": "BTCUSDT",
    "exchange": "binance_usdm",
    "timestamp": "2024-05-01T00:00:24Z",
    "sequence": 24,
    "scenario_id": "scenario-001-twap_execution",
    "agent_id": "agent-twap_execution",
    "order_id": "scenario-001-twap_execution-agent-twap_execution-24",
    "action": "new",
    "side": "buy",
    "price": 64968.499500000005,
    "quantity": 0.005,
    "remaining_quantity": 0.005
  },
  {
    "event_id": "a944c3ac9a87e40a19730c0c50708d098549bcdfe80f45ea1fb4d50cedef69a6",
    "schema_version": "1.0.0",
    "event_type": "agent_order",
    "source": "synthetic_agent",
    "symbol": "BTCUSDT",
    "exchange": "binance_usdm",
    "timestamp": "2024-05-01T00:00:25Z",
    "sequence": 25,
    "scenario_id": "scenario-001-twap_execution",
    "agent_id": "agent-twap_execution",
    "order_id": "scenario-001-twap_execution-agent-twap_execution-25",
    "action": "new",
    "side": "buy",
    "price": 64968.499500000005,
    "quantity": 0.005,
    "remaining_quantity": 0.005
  },
  {
    "event_id": "b8a869ab9f9283049cf8fe872bac324b78fdd1da00ecb6edb1219714c571f1a6",
    "schema_version": "1.0.0",
    "event_type": "agent_order",
    "source": "synthetic_agent",
    "symbol": "BTCUSDT",
    "exchange": "binance_usdm",
    "timestamp": "2024-05-01T00:00:26Z",
    "sequence": 26,
    "scenario_id": "scenario-001-twap_execution",
    "agent_id": "agent-twap_execution",
    "order_id": "scenario-001-twap_execution-agent-twap_execution-26",
    "action": "new",
    "side": "buy",
    "price": 64968.499500000005,
    "quantity": 0.005,
    "remaining_quantity": 0.005
  },
  {
    "event_id": "18ed488e2d9e0e8672400d4bc90cf396b44d52000bd45d628cc8d15575d08b3e",
    "schema_version": "1.0.0",
    "event_type": "agent_order",
    "source": "synthetic_agent",
    "symbol": "BTCUSDT",
    "exchange": "binance_usdm",
    "timestamp": "2024-05-01T00:00:27Z",
    "sequence": 27,
    "scenario_id": "scenario-001-twap_execution",
    "agent_id": "agent-twap_execution",
    "order_id": "scenario-001-twap_execution-agent-twap_execution-27",
    "action": "new",
    "side": "buy",
    "price": 64968.499500000005,
    "quantity": 0.005,
    "remaining_quantity": 0.005
  },
  {
    "event_id": "b4eff2f3ce196f9903aba6ae28d21b8d8a5e6f81caeb58485d2011802d6ea6c6",
    "schema_version": "1.0.0",
    "event_type": "agent_order",
    "source": "synthetic_agent",
    "symbol": "BTCUSDT",
    "exchange": "binance_usdm",
    "timestamp": "2024-05-01T00:00:28Z",
    "sequence": 28,
    "scenario_id": "scenario-001-twap_execution",
    "agent_id": "agent-twap_execution",
    "order_id": "scenario-001-twap_execution-agent-twap_execution-28",
    "action": "new",
    "side": "buy",
    "price": 64968.499500000005,
    "quantity": 0.005,
    "remaining_quantity": 0.005
  },
  {
    "event_id": "85fe97a8e7dec597e11fbe2168bcbbd426bd575d726f0433650ca8061b8a95c9",
    "schema_version": "1.0.0",
    "event_type": "agent_order",
    "source": "synthetic_agent",
    "symbol": "BTCUSDT",
    "exchange": "binance_usdm",
    "timestamp": "2024-05-01T00:00:29Z",
    "sequence": 29,
    "scenario_id": "scenario-001-twap_execution",
    "agent_id": "agent-twap_execution",
    "order_id": "scenario-001-twap_execution-agent-twap_execution-29",
    "action": "new",
    "side": "buy",
    "price": 64968.499500000005,
    "quantity": 0.005,
    "remaining_quantity": 0.005
  }
]