[
  {
    "event_id": "9b20bef312b49d63b63d76362eb3e9429406cc966db7fae76206fed306eacbc3",
    "schema_version": "1.0.0",
    "event_type": "agent_order",
    "source": "synthetic_agent",
    "symbol": "BTCUSDT",
    "exchange": "binance_usdm",
    "timestamp": "2024-05-01T00:00:00Z",
    "sequence": 0,
    "scenario_id": "scenario-035-volatility_feedback",
    "agent_id": "agent-volatility_feedback",
    "order_id": "scenario-035-volatility_feedback-agent-volatility_feedback-0",
    "action": "new",
    "side": "buy",
    "price": 65100.034999999996,
    "quantity": 0.02,
    "remaining_quantity": 0.02
  },
  {
    "event_id": "526e6524d94150a89b202bd0983bba6e67efa5f4e9fa8fad825fed37869ec18c",
    "schema_version": "1.0.0",
    "event_type": "agent_order",
    "source": "synthetic_agent",
    "symbol": "BTCUSDT",
    "exchange": "binance_usdm",
    "timestamp": "2024-05-01T00:00:00.020000Z",
    "sequence": 1,
    "scenario_id": "scenario-035-volatility_feedback",
    "agent_id": "agent-volatility_feedback",
    "order_id": "scenario-035-volatility_feedback-agent-volatility_feedback-1",
    "action": "new",
    "side": "sell",
    "price": 64968.6643,
    "quantity": 0.03,
    "remaining_quantity": 0.03
  },
  {
    "event_id": "b4b4f7503e8346bb192962db3758e2fd42e87d91e7638b38d27e5fb526f605d2",
    "schema_version": "1.0.0",
    "event_type": "agent_order",
    "source": "synthetic_agent",
    "symbol": "BTCUSDT",
    "exchange": "binance_usdm",
    "timestamp": "2024-05-01T00:00:00.040000Z",
    "sequence": 2,
    "scenario_id": "scenario-035-volatility_feedback",
    "agent_id": "agent-volatility_feedback",
    "order_id": "scenario-035-volatility_feedback-agent-volatility_feedback-2",
    "action": "new",
    "side": "buy",
    "price": 65102.636399999996,
    "quantity": 0.04,
    "remaining_quantity": 0.04
  },
  {
    "event_id": "c7c3406fc81d10583cafb9d831752da39eab4eeb670e68b6359da395bee135d6",
    "schema_version": "1.0.0",
    "event_type": "agent_order",
    "source": "synthetic_agent",
    "symbol": "BTCUSDT",
    "exchange": "binance_usdm",
    "timestamp": "2024-05-01T00:00:00.060000Z",
    "sequence": 3,
    "scenario_id": "scenario-035-volatility_feedback",
    "agent_id": "agent-volatility_feedback",
    "order_id": "scenario-035-volatility_feedback-agent-volatility_feedback-3",
    "action": "new",
    "side": "sell",
    "price": 64966.062900000004,
    "quantity": 0.05,
    "remaining_quantity": 0.05
  },
  {
    "event_id": "71d395c63c44e7f5046d8ab39aca21f9415cc737c84ebbc54f52db025e0c191e",
    "schema_version": "1.0.0",
    "event_type": "agent_order",
    "source": "synthetic_agent",
    "symbol": "BTCUSDT",
    "exchange": "binance_usdm",
    "timestamp": "2024-05-01T00:00:00.080000Z",
    "sequence": 4,
    "scenario_id": "scenario-035-volatility_feedback",
    "agent_id": "agent-volatility_feedback",
    "order_id": "scenario-035-volatility_feedback-agent-volatility_feedback-4",
    "action": "new",
    "side": "buy",
    "price": 65105.237799999995,
    "quantity": 0.02,
    "remaining_quantity": 0.02
  },
  {
    "event_id": "a52b740b5b4b6f56da65824e13234293cdbeb0ea0e23e7abc15bbea782158304",
    "schema_version": "1.0.0",
    "event_type": "agent_order",
    "source": "synthetic_agent",
    "symbol": "BTCUSDT",
    "exchange": "binance_usdm",
    "timestamp": "2024-05-01T00:00:00.100000Z",
    "sequence": 5,
    "scenario_id": "scenario-035-volatility_feedback",
    "agent_id": "agent-volatility_feedback",
    "order_id": "scenario-035-volatility_feedback-agent-volatility_feedback-5",
    "action": "new",
    "side": "sell",
    "price": 64963.4615,
    "quantity": 0.03,
    "remaining_quantity": 0.03
  },
  {
    "event_id": "9c7370706e78cf8827547780aa5b6f80104f6e139ac78444a7ffdbc2d8b16491",
    "schema_version": "1.0.0",
    "event_type": "agent_order",
    "source": "synthetic_agent",
    "symbol": "BTCUSDT",
    "exchange": "binance_usdm",
    "timestamp": "2024-05-01T00:00:00.120000Z",
    "sequence": 6,
    "scenario_id": "scenario-035-volatility_feedback",
    "agent_id": "agent-volatility_feedback",
    "order_id": "scenario-035-volatility_feedback-agent-volatility_feedback-6",
    "action": "new",
    "side": "buy",
    "price": 65107.8392,
    "quantity": 0.04,
    "remaining_quantity": 0.04
  },
  {
    "event_id": "2be1dd5544d2a0cbf097ef48eec82d72933f3551ff94162ca44b69af95fabd84",
    "schema_version": "1.0.0",
    "event_type": "agent_order",
    "source": "synthetic_agent",
    "symbol": "BTCUSDT",
    "exchange": "binance_usdm",
    "timestamp": "2024-05-01T00:00:00.140000Z",
    "sequence": 7,
    "scenario_id": "scenario-035-volatility_feedback",
    "agent_id": "agent-volatility_feedback",
    "order_id": "scenario-035-volatility_feedback-agent-volatility_feedback-7",
    "action": "new",
    "side": "sell",
    "price": 64960.8601,
    "quantity": 0.05,
    "remaining_quantity": 0.05
  },
  {
    "event_id": "f8bca88e4d25d1858cc5445b621b79d095cb4a27f48864ccea3e076c8d6c03d3",
    "schema_version": "1.0.0",
    "event_type": "agent_order",
    "source": "synthetic_agent",
    "symbol": "BTCUSDT",
    "exchange": "binance_usdm",
    "timestamp": "2024-05-01T00:00:00.160000Z",
    "sequence": 8,
    "scenario_id": "scenario-035-volatility_feedback",
    "agent_id": "agent-volatility_feedback",
    "order_id": "scenario-035-volatility_feedback-agent-volatility_feedback-8",
    "action": "new",
    "side": "buy",
    "price": 65110.4406,
    "quantity": 0.02,
    "remaining_quantity": 0.02
  },
  {
    "event_id": "1c22e9dc4f4d9df18119f5318bbbf75c0d23530fbe9c4e528b002fb644dd37cd",
    "schema_version": "1.0.0",
    "event_type": "agent_order",
    "source": "synthetic_agent",
    "symbol": "BTCUSDT",
    "exchange": "binance_usdm",
    "timestamp": "2024-05-01T00:00:00.180000Z",
    "sequence": 9,
    "scenario_id": "scenario-035-volatility_feedback",
    "agent_id": "agent-volatility_feedback",
    "order_id": "scenario-035-volatility_feedback-agent-volatility_feedback-9",
    "action": "new",
    "side": "sell",
    "price": 64958.258700000006,
    "quantity": 0.03,
    "remaining_quantity": 0.03
  },
  {
    "event_id": "c93093b64c1c4ea2b333e59aadce95c172d6eb4df49b05df92494bc1fd721377",
    "schema_version": "1.0.0",
    "event_type": "agent_order",
    "source": "synthetic_agent",
    "symbol": "BTCUSDT",
    "exchange": "binance_usdm",
    "timestamp": "2024-05-01T00:00:00.200000Z",
    "sequence": 10,
    "scenario_id": "scenario-035-volatility_feedback",
    "agent_id": "agent-volatility_feedback",
    "order_id": "scenario-035-volatility_feedback-agent-volatility_feedback-10",
    "action": "new",
    "side": "buy",
    "price": 65113.04200000001,
    "quantity": 0.04,
    "remaining_quantity": 0.04
  },
  {
    "event_id": "9e2556301699a41b4368db4957a957809a78f49e9c5342b9572853f87fc68a84",
    "schema_version": "1.0.0",
    "event_type": "agent_order",
    "source": "synthetic_agent",
    "symbol": "BTCUSDT",
    "exchange": "binance_usdm",
    "timestamp": "2024-05-01T00:00:00.220000Z",
    "sequence": 11,
    "scenario_id": "scenario-035-volatility_feedback",
    "agent_id": "agent-volatility_feedback",
    "order_id": "scenario-035-volatility_feedback-agent-volatility_feedback-11",
    "action": "new",
    "side": "sell",
    "price": 64955.6573,
    "quantity": 0.05,
    "remaining_quantity": 0.05
  },
  {
    "event_id": "80ff9afdd0ba70e3e3a81d3bda26c96c03e726d91d17695673c7ba1e963f39a4",
    "schema_version": "1.0.0",
    "event_type": "agent_order",
    "source": "synthetic_agent",
    "symbol": "BTCUSDT",
    "exchange": "binance_usdm",
    "timestamp": "2024-05-01T00:00:00.240000Z",
    "sequence": 12,
    "scenario_id": "scenario-035-volatility_feedback",
    "agent_id": "agent-volatility_feedback",
    "order_id": "scenario-035-volatility_feedback-agent-volatility_feedback-12",
    "action": "new",
    "side": "buy",
    "price": 65115.64339999999,
    "quantity": 0.02,
    "remaining_quantity": 0.02
  },
  {
    "event_id": "3e7b046b9c4d0114de06a2f1d4a0cddf2b69841c93496a874a1b596801132598",
    "schema_version": "1.0.0",
    "event_type": "agent_order",
    "source": "synthetic_agent",
    "symbol": "BTCUSDT",
    "exchange": "binance_usdm",
    "timestamp": "2024-05-01T00:00:00.260000Z",
    "sequence": 13,
    "scenario_id": "scenario-035-volatility_feedback",
    "agent_id": "agent-volatility_feedback",
    "order_id": "scenario-035-volatility_feedback-agent-volatility_feedback-13",
    "action": "new",
    "side": "sell",
    "price": 64953.0559,
    "quantity": 0.03,
    "remaining_quantity": 0.03
  },
  {
    "event_id": "c12076a82f02626dde3fe213fd2d50b22af73a0b0b55cc988067b23eebdb07f6",
    "schema_version": "1.0.0",
    "event_type": "agent_order",
    "source": "synthetic_agent",
    "symbol": "BTCUSDT",
    "exchange": "binance_usdm",
    "timestamp": "2024-05-01T00:00:00.280000Z",
    "sequence": 14,
    "scenario_id": "scenario-035-volatility_feedback",
    "agent_id": "agent-volatility_feedback",
    "order_id": "scenario-035-volatility_feedback-agent-volatility_feedback-14",
    "action": "new",
    "side": "buy",
    "price": 65118.24479999999,
    "quantity": 0.04,
    "remaining_quantity": 0.04
  },
  {
    "event_id": "c2cd75c0c6468f410ef8de934b83fcc76d377fa7b77e144f407b36b7ded82259",
    "schema_version": "1.0.0",
    "event_type": "agent_order",
    "source": "synthetic_agent",
    "symbol": "BTCUSDT",
    "exchange": "binance_usdm",
    "timestamp": "2024-05-01T00:00:00.300000Z",
    "sequence": 15,
    "scenario_id": "scenario-035-volatility_feedback",
    "agent_id": "agent-volatility_feedback",
    "order_id": "scenario-035-volatility_feedback-agent-volatility_feedback-15",
    "action": "new",
    "side": "sell",
    "price": 64950.4545,
    "quantity": 0.05,
    "remaining_quantity": 0.05
  },
  {
    "event_id": "363568f374b24628570f004fecd1d7be357929dd4cf97ce98c70ea0af3dee29d",
    "schema_version": "1.0.0",
    "event_type": "agent_order",
    "source": "synthetic_agent",
    "symbol": "BTCUSDT",
    "exchange": "binance_usdm",
    "timestamp": "2024-05-01T00:00:00.320000Z",
    "sequence": 16,
    "scenario_id": "scenario-035-volatility_feedback",
    "agent_id": "agent-volatility_feedback",
    "order_id": "scenario-035-volatility_feedback-agent-volatility_feedback-16",
    "action": "new",
    "side": "buy",
    "price": 65120.8462,
    "quantity": 0.02,
    "remaining_quantity": 0.02
  },
  {
    "event_id": "39614eda811b7ac72068be665b3ebfeda68a07abc477d9867a64c9bcc1f8a26b",
    "schema_version": "1.0.0",
    "event_type": "agent_order",
    "source": "synthetic_agent",
    "symbol": "BTCUSDT",
    "exchange": "binance_usdm",
    "timestamp": "2024-05-01T00:00:00.340000Z",
    "sequence": 17,
    "scenario_id": "scenario-035-volatility_feedback",
    "agent_id": "agent-volatility_feedback",
    "order_id": "scenario-035-volatility_feedback-agent-volatility_feedback-17",
    "action": "new",
    "side": "sell",
    "price": 64947.8531,
    "quantity": 0.03,
    "remaining_quantity": 0.03
  },
  {
    "event_id": "70f1c776b90e38fba343833e31bd454898eab9cb4036f35a6ede7f2238bd25f1",
    "schema_version": "1.0.0",
    "event_type": "agent_order",
    "source": "synthetic_agent",
    "symbol": "BTCUSDT",
    "exchange": "binance_usdm",
    "timestamp": "2024-05-01T00:00:00.360000Z",
    "sequence": 18,
    "scenario_id": "scenario-035-volatility_feedback",
    "agent_id": "agent-volatility_feedback",
    "order_id": "scenario-035-volatility_feedback-agent-volatility_feedback-18",
    "action": "new",
    "side": "buy",
    "price": 65123.4476,
    "quantity": 0.04,
    "remaining_quantity": 0.04
  },
  {
    "event_id": "b024060057683c51f2beaa6d543780f33454a209cf2da84306be52caa05b59d7",
    "schema_version": "1.0.0",
    "event_type": "agent_order",
    "source": "synthetic_agent",
    "symbol": "BTCUSDT",
    "exchange": "binance_usdm",
    "timestamp": "2024-05-01T00:00:00.380000Z",
    "sequence": 19,
    "scenario_id": "scenario-035-volatility_feedback",
    "agent_id": "agent-volatility_feedback",
    "order_id": "scenario-035-volatility_feedback-agent-volatility_feedback-19",
    "action": "new",
    "side": "sell",
    "price": 64945.25169999999,
    "quantity": 0.05,
    "remaining_quantity": 0.05
  },
  {
    "event_id": "602a7710f9a4c833d5f77b6dc3e027e7c7897d5f565915a58b4a49d64e27a127",
    "schema_version": "1.0.0",
    "event_type": "agent_order",
    "source": "synthetic_agent",
    "symbol": "BTCUSDT",
    "exchange": "binance_usdm",
    "timestamp": "2024-05-01T00:00:00.400000Z",
    "sequence": 20,
    "scenario_id": "scenario-035-volatility_feedback",
    "agent_id": "agent-volatility_feedback",
    "order_id": "scenario-035-volatility_feedback-agent-volatility_feedback-20",
    "action": "new",
    "side": "buy",
    "price": 65126.049000000006,
    "quantity": 0.02,
    "remaining_quantity": 0.02
  },
  {
    "event_id": "01dad9bbd19b584006e05127940c83e21a7912bf1f7d8af89663582931e82c30",
    "schema_version": "1.0.0",
    "event_type": "agent_order",
    "source": "synthetic_agent",
    "symbol": "BTCUSDT",
    "exchange": "binance_usdm",
    "timestamp": "2024-05-01T00:00:00.420000Z",
    "sequence": 21,
    "scenario_id": "scenario-035-volatility_feedback",
    "agent_id": "agent-volatility_feedback",
    "order_id": "scenario-035-volatility_feedback-agent-volatility_feedback-21",
    "action": "new",
    "side": "sell",
    "price": 64942.6503,
    "quantity": 0.03,
    "remaining_quantity": 0.03
  },
  {
    "event_id": "d8c2a4d4429a9f6a3bc9af00fa69a19a67dcd6e74a5f203928182a9f014928aa",
    "schema_version": "1.0.0",
    "event_type": "agent_order",
    "source": "synthetic_agent",
    "symbol": "BTCUSDT",
    "exchange": "binance_usdm",
    "timestamp": "2024-05-01T00:00:00.440000Z",
    "sequence": 22,
    "scenario_id": "scenario-035-volatility_feedback",
    "agent_id": "agent-volatility_feedback",
    "order_id": "scenario-035-volatility_feedback-agent-volatility_feedback-22",
    "action": "new",
    "side": "buy",
    "price": 65128.650400000006,
    "quantity": 0.04,
    "remaining_quantity": 0.04
  },
  {
    "event_id": "a97a49740bf63ebca17c7fb84ed1b21e0434ab01d29fa87abf5100c98fed8eaf",
    "schema_version": "1.0.0",
    "event_type": "agent_order",
    "source": "synthetic_agent",
    "symbol": "BTCUSDT",
    "exchange": "binance_usdm",
    "timestamp": "2024-05-01T00:00:00.460000Z",
    "sequence": 23,
    "scenario_id": "scenario-035-volatility_feedback",
    "agent_id": "agent-volatility_feedback",
    "order_id": "scenario-035-volatility_feedback-agent-volatility_feedback-23",
    "action": "new",
    "side": "sell",
    "price": 64940.0489,
    "quantity": 0.05,
    "remaining_quantity": 0.05
  },
  {
    "event_id": "dbe799c41ed1cb26b68ca5ef73dbb8f9a8f584442c0820afc865e545745c03b6",
    "schema_version": "1.0.0",
    "event_type": "agent_order",
    "source": "synthetic_agent",
    "symbol": "BTCUSDT",
    "exchange": "binance_usdm",
    "timestamp": "2024-05-01T00:00:00.480000Z",
    "sequence": 24,
    "scenario_id": "scenario-035-volatility_feedback",
    "agent_id": "agent-volatility_feedback",
    "order_id": "scenario-035-volatility_feedback-agent-volatility_feedback-24",
    "action": "new",
    "side": "buy",
    "price": 65131.2518,
    "quantity": 0.02,
    "remaining_quantity": 0.02
  },
  {
    "event_id": "712959eb9d51a198859f18f65356d8ef4bfe884335ce7a37c16c455529ff0174",
    "schema_version": "1.0.0",
    "event_type": "agent_order",
    "source": "synthetic_agent",
    "symbol": "BTCUSDT",
    "exchange": "binance_usdm",
    "timestamp": "2024-05-01T00:00:00.500000Z",
    "sequence": 25,
    "scenario_id": "scenario-035-volatility_feedback",
    "agent_id": "agent-volatility_feedback",
    "order_id": "scenario-035-volatility_feedback-agent-volatility_feedback-25",
    "action": "new",
    "side": "sell",
    "price": 64937.4475,
    "quantity": 0.03,
    "remaining_quantity": 0.03
  },
  {
    "event_id": "93785019cfb839c67f0cbbae9cfaba2a67cf2ed245f263b819b60d5e616699b6",
    "schema_version": "1.0.0",
    "event_type": "agent_order",
    "source": "synthetic_agent",
    "symbol": "BTCUSDT",
    "exchange": "binance_usdm",
    "timestamp": "2024-05-01T00:00:00.520000Z",
    "sequence": 26,
    "scenario_id": "scenario-035-volatility_feedback",
    "agent_id": "agent-volatility_feedback",
    "order_id": "scenario-035-volatility_feedback-agent-volatility_feedback-26",
    "action": "new",
    "side": "buy",
    "price": 65133.8532,
    "quantity": 0.04,
    "remaining_quantity": 0.04
  },
  {
    "event_id": "5d734f4f9d80ef7d6c3bc631fa07757c3c78990ac2a625432ab1fd1015c61d40",
    "schema_version": "1.0.0",
    "event_type": "agent_order",
    "source": "synthetic_agent",
    "symbol": "BTCUSDT",
    "exchange": "binance_usdm",
    "timestamp": "2024-05-01T00:00:00.540000Z",
    "sequence": 27,
    "scenario_id": "scenario-035-volatility_feedback",
    "agent_id": "agent-volatility_feedback",
    "order_id": "scenario-035-volatility_feedback-agent-volatility_feedback-27",
    "action": "new",
    "side": "sell",
    "price": 64934.8461,
    "quantity": 0.05,
    "remaining_quantity": 0.05
  },
  {
    "event_id": "ceafbde034152c73a8922eb793df481c282d1f3e537ce026bf3022c01071b0bd",
    "schema_version": "1.0.0",
    "event_type": "agent_order",
    "source": "synthetic_agent",
    "symbol": "BTCUSDT",
    "exchange": "binance_usdm",
    "timestamp": "2024-05-01T00:00:00.560000Z",
    "sequence": 28,
    "scenario_id": "scenario-035-volatility_feedback",
    "agent_id": "agent-volatility_feedback",
    "order_id": "scenario-035-volatility_feedback-agent-volatility_feedback-28",
    "action": "new",
    "side": "buy",
    "price": 65136.4546,
    "quantity": 0.02,
    "remaining_quantity": 0.02
  },
  {
    "event_id": "aefbda8ce8b6a272ce351c913f36ca355f9a6a8234f39ee3b4dc1d60e1680354",
    "schema_version": "1.0.0",
    "event_type": "agent_order",
    "source": "synthetic_agent",
    "symbol": "BTCUSDT",
    "exchange": "binance_usdm",
    "timestamp": "2024-05-01T00:00:00.580000Z",
    "sequence": 29,
    "scenario_id": "scenario-035-volatility_feedback",
    "agent_id": "agent-volatility_feedback",
    "order_id": "scenario-035-volatility_feedback-agent-volatility_feedback-29",
    "action": "new",
    "side": "sell",
    "price": 64932.244699999996,
    "quantity": 0.03,
    "remaining_quantity": 0.03
  }
]