[
  {
    "event_id": "674628236a9797195b5f8ea82b0307142a150736fe79b5050150517a60c84992",
    "schema_version": "1.0.0",
    "event_type": "agent_order",
    "source": "synthetic_agent",
    "symbol": "BTCUSDT",
    "exchange": "binance_usdm",
    "timestamp": "2024-05-01T00:00:00Z",
    "sequence": 0,
    "scenario_id": "scenario-252-passive_market_maker",
    "agent_id": "agent-passive_market_maker",
    "order_id": "scenario-252-passive_market_maker-agent-passive_market_maker-0",
    "action": "new",
    "side": "buy",
    "price": 65186.748,
    "quantity": 0.01,
    "remaining_quantity": 0.01
  },
  {
    "event_id": "6ec5dce26efd6635d43e069fb0ccc3f85adbff9b64814aee5f5fde233850b67e",
    "schema_version": "1.0.0",
    "event_type": "agent_order",
    "source": "synthetic_agent",
    "symbol": "BTCUSDT",
    "exchange": "binance_usdm",
    "timestamp": "2024-05-01T00:00:00.100000Z",
    "sequence": 1,
    "scenario_id": "scenario-252-passive_market_maker",
    "agent_id": "agent-passive_market_maker",
    "order_id": "scenario-252-passive_market_maker-agent-passive_market_maker-1",
    "action": "new",
    "side": "sell",
    "price": 65317.25199999999,
    "quantity": 0.01,
    "remaining_quantity": 0.01
  },
  {
    "event_id": "60f6d71120e47cc0f98fd3964773187521edc94cb80a2b3e9b47a7f55cd85a1b",
    "schema_version": "1.0.0",
    "event_type": "agent_order",
    "source": "synthetic_agent",
    "symbol": "BTCUSDT",
    "exchange": "binance_usdm",
    "timestamp": "2024-05-01T00:00:00.200000Z",
    "sequence": 2,
    "scenario_id": "scenario-252-passive_market_maker",
    "agent_id": "agent-passive_market_maker",
    "order_id": "scenario-252-passive_market_maker-agent-passive_market_maker-2",
    "action": "new",
    "side": "buy",
    "price": 65186.748,
    "quantity": 0.01,
    "remaining_quantity": 0.01
  },
  {
    "event_id": "edb3f66e95a920a67c5a5c48260b23f08788e4b53f7aae3c52ce87992918e354",
    "schema_version": "1.0.0",
    "event_type": "agent_order",
    "source": "synthetic_agent",
    "symbol": "BTCUSDT",
    "exchange": "binance_usdm",
    "timestamp": "2024-05-01T00:00:00.300000Z",
    "sequence": 3,
    "scenario_id": "scenario-252-passive_market_maker",
    "agent_id": "agent-passive_market_maker",
    "order_id": "scenario-252-passive_market_maker-agent-passive_market_maker-3",
    "action": "new",
    "side": "sell",
    "price": 65317.25199999999,
    "quantity": 0.01,
    "remaining_quantity": 0.01
  },
  {
    "event_id": "f3ac57b70aac69a3cca170c1fade4f82bec2da265fa38d03da8537bd20f61e89",
    "schema_version": "1.0.0",
    "event_type": "agent_order",
    "source": "synthetic_agent",
    "symbol": "BTCUSDT",
    "exchange": "binance_usdm",
    "timestamp": "2024-05-01T00:00:00.400000Z",
    "sequence": 4,
    "scenario_id": "scenario-252-passive_market_maker",
    "agent_id": "agent-passive_market_maker",
    "order_id": "scenario-252-passive_market_maker-agent-passive_market_maker-4",
    "action": "new",
    "side": "buy",
    "price": 65186.748,
    "quantity": 0.01,
    "remaining_quantity": 0.01
  },
  {
    "event_id": "5876a3e3213a20aa726fe57fba9f24b5b7e48e8a05648f95c454774ece3fb99b",
    "schema_version": "1.0.0",
    "event_type": "agent_order",
    "source": "synthetic_agent",
    "symbol": "BTCUSDT",
    "exchange": "binance_usdm",
    "timestamp": "2024-05-01T00:00:00.500000Z",
    "sequence": 5,
    "scenario_id": "scenario-252-passive_market_maker",
    "agent_id": "agent-passive_market_maker",
    "order_id": "scenario-252-passive_market_maker-agent-passive_market_maker-5",
    "action": "new",
    "side": "sell",
    "price": 65317.25199999999,
    "quantity": 0.01,
    "remaining_quantity": 0.01
  },
  {
    "event_id": "3ebfacf303ed1150f4caaa21a3c7e6794339def2708b44c71c1fae648cdefe9f",
    "schema_version": "1.0.0",
    "event_type": "agent_order",
    "source": "synthetic_agent",
    "symbol": "BTCUSDT",
    "exchange": "binance_usdm",
    "timestamp": "2024-05-01T00:00:00.600000Z",
    "sequence": 6,
    "scenario_id": "scenario-252-passive_market_maker",
    "agent_id": "agent-passive_market_maker",
    "order_id": "scenario-252-passive_market_maker-agent-passive_market_maker-6",
    "action": "new",
    "side": "buy",
    "price": 65186.748,
    "quantity": 0.01,
    "remaining_quantity": 0.01
  },
  {
    "event_id": "5ef3ea20b459bcd68acd0f3b060bebb8e60e447dff56f7430b28a61714d4ec60",
    "schema_version": "1.0.0",
    "event_type": "agent_order",
    "source": "synthetic_agent",
    "symbol": "BTCUSDT",
    "exchange": "binance_usdm",
    "timestamp": "2024-05-01T00:00:00.700000Z",
    "sequence": 7,
    "scenario_id": "scenario-252-passive_market_maker",
    "agent_id": "agent-passive_market_maker",
    "order_id": "scenario-252-passive_market_maker-agent-passive_market_maker-7",
    "action": "new",
    "side": "sell",
    "price": 65317.25199999999,
    "quantity": 0.01,
    "remaining_quantity": 0.01
  },
  {
    "event_id": "2c3d102e979f4af1bf5f303ea14ccca5e0f924fdb3839fdac0b6d24136f63226",
    "schema_version": "1.0.0",
    "event_type": "agent_order",
    "source": "synthetic_agent",
    "symbol": "BTCUSDT",
    "exchange": "binance_usdm",
    "timestamp": "2024-05-01T00:00:00.800000Z",
    "sequence": 8,
    "scenario_id": "scenario-252-passive_market_maker",
    "agent_id": "agent-passive_market_maker",
    "order_id": "scenario-252-passive_market_maker-agent-passive_market_maker-8",
    "action": "new",
    "side": "buy",
    "price": 65186.748,
    "quantity": 0.01,
    "remaining_quantity": 0.01
  },
  {
    "event_id": "ec3c3285d65c6061cbbeee6ab2550a868457dfc3c3f3cf42845bf910a3543c4d",
    "schema_version": "1.0.0",
    "event_type": "agent_order",
    "source": "synthetic_agent",
    "symbol": "BTCUSDT",
    "exchange": "binance_usdm",
    "timestamp": "2024-05-01T00:00:00.900000Z",
    "sequence": 9,
    "scenario_id": "scenario-252-passive_market_maker",
    "agent_id": "agent-passive_market_maker",
    "order_id": "scenario-252-passive_market_maker-agent-passive_market_maker-9",
    "action": "new",
    "side": "sell",
    "price": 65317.25199999999,
    "quantity": 0.01,
    "remaining_quantity": 0.01
  },
  {
    "event_id": "3a668ae8211225fbdaec48af98b6a88ee85c3b77e4b1f1ae3d299affe2aa7d81",
    "schema_version": "1.0.0",
    "event_type": "agent_order",
    "source": "synthetic_agent",
    "symbol": "BTCUSDT",
    "exchange": "binance_usdm",
    "timestamp": "2024-05-01T00:00:01Z",
    "sequence": 10,
    "scenario_id": "scenario-252-passive_market_maker",
    "agent_id": "agent-passive_market_maker",
    "order_id": "scenario-252-passive_market_maker-agent-passive_market_maker-10",
    "action": "new",
    "side": "buy",
    "price": 65186.748,
    "quantity": 0.01,
    "remaining_quantity": 0.01
  },
  {
    "event_id": "f51924cfb6cdc32ddc53582751d8f49f6757615ee64c69c1df06a32f0794a577",
    "schema_version": "1.0.0",
    "event_type": "agent_order",
    "source": "synthetic_agent",
    "symbol": "BTCUSDT",
    "exchange": "binance_usdm",
    "timestamp": "2024-05-01T00:00:01.100000Z",
    "sequence": 11,
    "scenario_id": "scenario-252-passive_market_maker",
    "agent_id": "agent-passive_market_maker",
    "order_id": "scenario-252-passive_market_maker-agent-passive_market_maker-11",
    "action": "new",
    "side": "sell",
    "price": 65317.25199999999,
    "quantity": 0.01,
    "remaining_quantity": 0.01
  },
  {
    "event_id": "4732f2f68a9d02758065761fc3d950bd1978a0de9c459c09062a3f34f1351abc",
    "schema_version": "1.0.0",
    "event_type": "agent_order",
    "source": "synthetic_agent",
    "symbol": "BTCUSDT",
    "exchange": "binance_usdm",
    "timestamp": "2024-05-01T00:00:01.200000Z",
    "sequence": 12,
    "scenario_id": "scenario-252-passive_market_maker",
    "agent_id": "agent-passive_market_maker",
    "order_id": "scenario-252-passive_market_maker-agent-passive_market_maker-12",
    "action": "new",
    "side": "buy",
    "price": 65186.748,
    "quantity": 0.01,
    "remaining_quantity": 0.01
  },
  {
    "event_id": "faf0b0c41e3c7d34832e88e4a9bcfd2f87c9715afcfc433790af3cd6311db569",
    "schema_version": "1.0.0",
    "event_type": "agent_order",
    "source": "synthetic_agent",
    "symbol": "BTCUSDT",
    "exchange": "binance_usdm",
    "timestamp": "2024-05-01T00:00:01.300000Z",
    "sequence": 13,
    "scenario_id": "scenario-252-passive_market_maker",
    "agent_id": "agent-passive_market_maker",
    "order_id": "scenario-252-passive_market_maker-agent-passive_market_maker-13",
    "action": "new",
    "side": "sell",
    "price": 65317.25199999999,
    "quantity": 0.01,
    "remaining_quantity": 0.01
  },
  {
    "event_id": "2376e8a87770d831aeb32a4cc60c89038ea06f970a2467d2ce385ed597f4309c",
    "schema_version": "1.0.0",
    "event_type": "agent_order",
    "source": "synthetic_agent",
    "symbol": "BTCUSDT",
    "exchange": "binance_usdm",
    "timestamp": "2024-05-01T00:00:01.400000Z",
    "sequence": 14,
    "scenario_id": "scenario-252-passive_market_maker",
    "agent_id": "agent-passive_market_maker",
    "order_id": "scenario-252-passive_market_maker-agent-passive_market_maker-14",
    "action": "new",
    "side": "buy",
    "price": 65186.748,
    "quantity": 0.01,
    "remaining_quantity": 0.01
  },
  {
    "event_id": "6a340cfd55fefdb601a9c058fa82ee40f609cdf1b3187e4718749ecbd0a0dca2",
    "schema_version": "1.0.0",
    "event_type": "agent_order",
    "source": "synthetic_agent",
    "symbol": "BTCUSDT",
    "exchange": "binance_usdm",
    "timestamp": "2024-05-01T00:00:01.500000Z",
    "sequence": 15,
    "scenario_id": "scenario-252-passive_market_maker",
    "agent_id": "agent-passive_market_maker",
    "order_id": "scenario-252-passive_market_maker-agent-passive_market_maker-15",
    "action": "new",
    "side": "sell",
    "price": 65317.25199999999,
    "quantity": 0.01,
    "remaining_quantity": 0.01
  },
  {
    "event_id": "dccd0eb2b4355f1e8397afafe1a0a9e574a91bb714e450fc4ad3db20994b7fda",
    "schema_version": "1.0.0",
    "event_type": "agent_order",
    "source": "synthetic_agent",
    "symbol": "BTCUSDT",
    "exchange": "binance_usdm",
    "timestamp": "2024-05-01T00:00:01.600000Z",
    "sequence": 16,
    "scenario_id": "scenario-252-passive_market_maker",
    "agent_id": "agent-passive_market_maker",
    "order_id": "scenario-252-passive_market_maker-agent-passive_market_maker-16",
    "action": "new",
    "side": "buy",
    "price": 65186.748,
    "quantity": 0.01,
    "remaining_quantity": 0.01
  },
  {
    "event_id": "d4c397df42d3359033fe3a7a3f391c1573d1e7de2f5d51e9cd9b5333817274bc",
    "schema_version": "1.0.0",
    "event_type": "agent_order",
    "source": "synthetic_agent",
    "symbol": "BTCUSDT",
    "exchange": "binance_usdm",
    "timestamp": "2024-05-01T00:00:01.700000Z",
    "sequence": 17,
    "scenario_id": "scenario-252-passive_market_maker",
    "agent_id": "agent-passive_market_maker",
    "order_id": "scenario-252-passive_market_maker-agent-passive_market_maker-17",
    "action": "new",
    "side": "sell",
    "price": 65317.25199999999,
    "quantity": 0.01,
    "remaining_quantity": 0.01
  },
  {
    "event_id": "1c8a22aff3d3c1557b9ff79d690520aed2593444a15036cad9a06ff7a8471232",
    "schema_version": "1.0.0",
    "event_type": "agent_order",
    "source": "synthetic_agent",
    "symbol": "BTCUSDT",
    "exchange": "binance_usdm",
    "timestamp": "2024-05-01T00:00:01.800000Z",
    "sequence": 18,
    "scenario_id": "scenario-252-passive_market_maker",
    "agent_id": "agent-passive_market_maker",
    "order_id": "scenario-252-passive_market_maker-agent-passive_market_maker-18",
    "action": "new",
    "side": "buy",
    "price": 65186.748,
    "quantity": 0.01,
    "remaining_quantity": 0.01
  },
  {
    "event_id": "904f75ecea9bd80caef4f88368c077c6bdcee663de076056c3e8859f0803f2aa",
    "schema_version": "1.0.0",
    "event_type": "agent_order",
    "source": "synthetic_agent",
    "symbol": "BTCUSDT",
    "exchange": "binance_usdm",
    "timestamp": "2024-05-01T00:00:01.900000Z",
    "sequence": 19,
    "scenario_id": "scenario-252-passive_market_maker",
    "agent_id": "agent-passive_market_maker",
    "order_id": "scenario-252-passive_market_maker-agent-passive_market_maker-19",
    "action": "new",
    "side": "sell",
    "price": 65317.25199999999,
    "quantity": 0.01,
    "remaining_quantity": 0.01
  },
  {
    "event_id": "39613747e00112c0b206b616a147b202c31895beafad26a6c2c19fcf57560cd8",
    "schema_version": "1.0.0",
    "event_type": "agent_order",
    "source": "synthetic_agent",
    "symbol": "BTCUSDT",
    "exchange": "binance_usdm",
    "timestamp": "2024-05-01T00:00:02Z",
    "sequence": 20,
    "scenario_id": "scenario-252-passive_market_maker",
    "agent_id": "agent-passive_market_maker",
    "order_id": "scenario-252-passive_market_maker-agent-passive_market_maker-20",
    "action": "new",
    "side": "buy",
    "price": 65186.748,
    "quantity": 0.01,
    "remaining_quantity": 0.01
  },
  {
    "event_id": "89dcdf2484fd28cc01b58e0fb8b7e99309a146ee5b3ef72a7293064650762fb9",
    "schema_version": "1.0.0",
    "event_type": "agent_order",
    "source": "synthetic_agent",
    "symbol": "BTCUSDT",
    "exchange": "binance_usdm",
    "timestamp": "2024-05-01T00:00:02.100000Z",
    "sequence": 21,
    "scenario_id": "scenario-252-passive_market_maker",
    "agent_id": "agent-passive_market_maker",
    "order_id": "scenario-252-passive_market_maker-agent-passive_market_maker-21",
    "action": "new",
    "side": "sell",
    "price": 65317.25199999999,
    "quantity": 0.01,
    "remaining_quantity": 0.01
  },
  {
    "event_id": "a8e1284c68b0d892ee730a396f54601ce0dda8c785f0581b113d4806c6ad0cdd",
    "schema_version": "1.0.0",
    "event_type": "agent_order",
    "source": "synthetic_agent",
    "symbol": "BTCUSDT",
    "exchange": "binance_usdm",
    "timestamp": "2024-05-01T00:00:02.200000Z",
    "sequence": 22,
    "scenario_id": "scenario-252-passive_market_maker",
    "agent_id": "agent-passive_market_maker",
    "order_id": "scenario-252-passive_market_maker-agent-passive_market_maker-22",
    "action": "new",
    "side": "buy",
    "price": 65186.748,
    "quantity": 0.01,
    "remaining_quantity": 0.01
  },
  {
    "event_id": "0c5c85c3e89735ab0014d6987bc192c9da7d146e279a42fb050300c6887194c7",
    "schema_version": "1.0.0",
    "event_type": "agent_order",
    "source": "synthetic_agent",
    "symbol": "BTCUSDT",
    "exchange": "binance_usdm",
    "timestamp": "2024-05-01T00:00:02.300000Z",
    "sequence": 23,
    "scenario_id": "scenario-252-passive_market_maker",
    "agent_id": "agent-passive_market_maker",
    "order_id": "scenario-252-passive_market_maker-agent-passive_market_maker-23",
    "action": "new",
    "side": "sell",
    "price": 65317.25199999999,
    "quantity": 0.01,
    "remaining_quantity": 0.01
  },
  {
    "event_id": "3a5a14252494611296dc9fdbc0773714c2b957e9b1b520a885bbbaf9f135d87f",
    "schema_version": "1.0.0",
    "event_type": "agent_order",
    "source": "synthetic_agent",
    "symbol": "BTCUSDT",
    "exchange": "binance_usdm",
    "timestamp": "2024-05-01T00:00:02.400000Z",
    "sequence": 24,
    "scenario_id": "scenario-252-passive_market_maker",
    "agent_id": "agent-passive_market_maker",
    "order_id": "scenario-252-passive_market_maker-agent-passive_market_maker-24",
    "action": "new",
    "side": "buy",
    "price": 65186.748,
    "quantity": 0.01,
    "remaining_quantity": 0.01
  },
  {
    "event_id": "61fdbe6861c16373be0cf1d35529382b6cd8bdc8e3bc3068b3119a7bf1e76c7d",
    "schema_version": "1.0.0",
    "event_type": "agent_order",
    "source": "synthetic_agent",
    "symbol": "BTCUSDT",
    "exchange": "binance_usdm",
    "timestamp": "2024-05-01T00:00:02.500000Z",
    "sequence": 25,
    "scenario_id": "scenario-252-passive_market_maker",
    "agent_id": "agent-passive_market_maker",
    "order_id": "scenario-252-passive_market_maker-agent-passive_market_maker-25",
    "action": "new",
    "side": "sell",
    "price": 65317.25199999999,
    "quantity": 0.01,
    "remaining_quantity": 0.01
  },
  {
    "event_id": "21d3133411d2fde467e0d9befa6ced75798b3bcfd5d0b5e4300f0bf67d38ed97",
    "schema_version": "1.0.0",
    "event_type": "agent_order",
    "source": "synthetic_agent",
    "symbol": "BTCUSDT",
    "exchange": "binance_usdm",
    "timestamp": "2024-05-01T00:00:02.600000Z",
    "sequence": 26,
    "scenario_id": "scenario-252-passive_market_maker",
    "agent_id": "agent-passive_market_maker",
    "order_id": "scenario-252-passive_market_maker-agent-passive_market_maker-26",
    "action": "new",
    "side": "buy",
    "price": 65186.748,
    "quantity": 0.01,
    "remaining_quantity": 0.01
  },
  {
    "event_id": "6a2493fac80f07c340b75b581e0bdb76bc7ab7afa666f786bc684ce57e303687",
    "schema_version": "1.0.0",
    "event_type": "agent_order",
    "source": "synthetic_agent",
    "symbol": "BTCUSDT",
    "exchange": "binance_usdm",
    "timestamp": "2024-05-01T00:00:02.700000Z",
    "sequence": 27,
    "scenario_id": "scenario-252-passive_market_maker",
    "agent_id": "agent-passive_market_maker",
    "order_id": "scenario-252-passive_market_maker-agent-passive_market_maker-27",
    "action": "new",
    "side": "sell",
    "price": 65317.25199999999,
    "quantity": 0.01,
    "remaining_quantity": 0.01
  },
  {
    "event_id": "e6c2687a739893c91025cebb74a870e19003513288564015bfd093d98397f03a",
    "schema_version": "1.0.0",
    "event_type": "agent_order",
    "source": "synthetic_agent",
    "symbol": "BTCUSDT",
    "exchange": "binance_usdm",
    "timestamp": "2024-05-01T00:00:02.800000Z",
    "sequence": 28,
    "scenario_id": "scenario-252-passive_market_maker",
    "agent_id": "agent-passive_market_maker",
    "order_id": "scenario-252-passive_market_maker-agent-passive_market_maker-28",
    "action": "new",
    "side": "buy",
    "price": 65186.748,
    "quantity": 0.01,
    "remaining_quantity": 0.01
  },
  {
    "event_id": "3d6f5650d8e81b8ac10d7488a37378c1e34c32096caf6178bf10ca0b3b2dbec2",
    "schema_version": "1.0.0",
    "event_type": "agent_order",
    "source": "synthetic_agent",
    "symbol": "BTCUSDT",
    "exchange": "binance_usdm",
    "timestamp": "2024-05-01T00:00:02.900000Z",
    "sequence": 29,
    "scenario_id": "scenario-252-passive_market_maker",
    "agent_id": "agent-passive_market_maker",
    "order_id": "scenario-252-passive_market_maker-agent-passive_market_maker-29",
    "action": "new",
    "side": "sell",
    "price": 65317.25199999999,
    "quantity": 0.01,
    "remaining_quantity": 0.01
  }
]