[
  {
    "event_id": "63ca02eafc37454fa89f1efe28949530700878e7a8d8000379394017a4e94a54",
    "schema_version": "1.0.0",
    "event_type": "agent_order",
    "source": "synthetic_agent",
    "symbol": "BTCUSDT",
    "exchange": "binance_usdm",
    "timestamp": "2024-05-01T00:00:00Z",
    "sequence": 0,
    "scenario_id": "scenario-448-quote_stuffing",
    "agent_id": "agent-quote_stuffing",
    "order_id": "scenario-448-quote_stuffing-agent-quote_stuffing-0",
    "action": "new",
    "side": "buy",
    "price": 65441.455200000004,
    "quantity": 0.001,
    "remaining_quantity": 0.001
  },
  {
    "event_id": "e046245254d622ddd5d358ac4e7bd277a5a3c61f0a08845c4e09057e7b58ec8d",
    "schema_version": "1.0.0",
    "event_type": "agent_order",
    "source": "synthetic_agent",
    "symbol": "BTCUSDT",
    "exchange": "binance_usdm",
    "timestamp": "2024-05-01T00:00:00.005000Z",
    "sequence": 1,
    "scenario_id": "scenario-448-quote_stuffing",
    "agent_id": "agent-quote_stuffing",
    "order_id": "scenario-448-quote_stuffing-agent-quote_stuffing-1",
    "action": "new",
    "side": "sell",
    "price": 65454.544799999996,
    "quantity": 0.001,
    "remaining_quantity": 0.001
  },
  {
    "event_id": "d686332bf8641675814239a6aff612730cdd811ed61c1a7ddc746cc8cf20dcf8",
    "schema_version": "1.0.0",
    "event_type": "agent_order",
    "source": "synthetic_agent",
    "symbol": "BTCUSDT",
    "exchange": "binance_usdm",
    "timestamp": "2024-05-01T00:00:00.010000Z",
    "sequence": 2,
    "scenario_id": "scenario-448-quote_stuffing",
    "agent_id": "agent-quote_stuffing",
    "order_id": "scenario-448-quote_stuffing-agent-quote_stuffing-2",
    "action": "new",
    "side": "buy",
    "price": 65441.455200000004,
    "quantity": 0.001,
    "remaining_quantity": 0.001
  },
  {
    "event_id": "d08c449642ccebe8af4b5cb1fbb5c3968b1ddfa6ba9c5e99521550062e985c95",
    "schema_version": "1.0.0",
    "event_type": "agent_order",
    "source": "synthetic_agent",
    "symbol": "BTCUSDT",
    "exchange": "binance_usdm",
    "timestamp": "2024-05-01T00:00:00.015000Z",
    "sequence": 3,
    "scenario_id": "scenario-448-quote_stuffing",
    "agent_id": "agent-quote_stuffing",
    "order_id": "scenario-448-quote_stuffing-agent-quote_stuffing-3",
    "action": "new",
    "side": "sell",
    "price": 65454.544799999996,
    "quantity": 0.001,
    "remaining_quantity": 0.001
  },
  {
    "event_id": "b396056651bd0de7c1387218393ab8bbc6f8490b81ce88cb5e62e319b0c08b1d",
    "schema_version": "1.0.0",
    "event_type": "agent_order",
    "source": "synthetic_agent",
    "symbol": "BTCUSDT",
    "exchange": "binance_usdm",
    "timestamp": "2024-05-01T00:00:00.020000Z",
    "sequence": 4,
    "scenario_id": "scenario-448-quote_stuffing",
    "agent_id": "agent-quote_stuffing",
    "order_id": "scenario-448-quote_stuffing-agent-quote_stuffing-4",
    "action": "new",
    "side": "buy",
    "price": 65441.455200000004,
    "quantity": 0.001,
    "remaining_quantity": 0.001
  },
  {
    "event_id": "e9b3c53f7e3f6ef7331770e87f531712530b3f5ac0fdbb34e18a8fa0a798b958",
    "schema_version": "1.0.0",
    "event_type": "agent_order",
    "source": "synthetic_agent",
    "symbol": "BTCUSDT",
    "exchange": "binance_usdm",
    "timestamp": "2024-05-01T00:00:00.025000Z",
    "sequence": 5,
    "scenario_id": "scenario-448-quote_stuffing",
    "agent_id": "agent-quote_stuffing",
    "order_id": "scenario-448-quote_stuffing-agent-quote_stuffing-5",
    "action": "new",
    "side": "sell",
    "price": 65454.544799999996,
    "quantity": 0.001,
    "remaining_quantity": 0.001
  },
  {
    "event_id": "0345b505436ecf1fbdbe88f181afd2cbeeb55f714fcb54465d2492177074bdb1",
    "schema_version": "1.0.0",
    "event_type": "agent_order",
    "source": "synthetic_agent",
    "symbol": "BTCUSDT",
    "exchange": "binance_usdm",
    "timestamp": "2024-05-01T00:00:00.030000Z",
    "sequence": 6,
    "scenario_id": "scenario-448-quote_stuffing",
    "agent_id": "agent-quote_stuffing",
    "order_id": "scenario-448-quote_stuffing-agent-quote_stuffing-6",
    "action": "new",
    "side": "buy",
    "price": 65441.455200000004,
    "quantity": 0.001,
    "remaining_quantity": 0.001
  },
  {
    "event_id": "9e871d4b8316384a2a410a56e708d3125a01520f7eb727a1c4557cb717f7d9f5",
    "schema_version": "1.0.0",
    "event_type": "agent_order",
    "source": "synthetic_agent",
    "symbol": "BTCUSDT",
    "exchange": "binance_usdm",
    "timestamp": "2024-05-01T00:00:00.035000Z",
    "sequence": 7,
    "scenario_id": "scenario-448-quote_stuffing",
    "agent_id": "agent-quote_stuffing",
    "order_id": "scenario-448-quote_stuffing-agent-quote_stuffing-7",
    "action": "new",
    "side": "sell",
    "price": 65454.544799999996,
    "quantity": 0.001,
    "remaining_quantity": 0.001
  },
  {
    "event_id": "05f556b2c38ddb7f8a9cc32bc31ef9ff834d4713b372ccb3a7425b04db32ba10",
    "schema_version": "1.0.0",
    "event_type": "agent_order",
    "source": "synthetic_agent",
    "symbol": "BTCUSDT",
    "exchange": "binance_usdm",
    "timestamp": "2024-05-01T00:00:00.040000Z",
    "sequence": 8,
    "scenario_id": "scenario-448-quote_stuffing",
    "agent_id": "agent-quote_stuffing",
    "order_id": "scenario-448-quote_stuffing-agent-quote_stuffing-8",
    "action": "new",
    "side": "buy",
    "price": 65441.455200000004,
    "quantity": 0.001,
    "remaining_quantity": 0.001
  },
  {
    "event_id": "3a519c229fc8e145ac1982cbb1e9cc4e4479cb527170c8113af4b1b2484794da",
    "schema_version": "1.0.0",
    "event_type": "agent_order",
    "source": "synthetic_agent",
    "symbol": "BTCUSDT",
    "exchange": "binance_usdm",
    "timestamp": "2024-05-01T00:00:00.045000Z",
    "sequence": 9,
    "scenario_id": "scenario-448-quote_stuffing",
    "agent_id": "agent-quote_stuffing",
    "order_id": "scenario-448-quote_stuffing-agent-quote_stuffing-9",
    "action": "new",
    "side": "sell",
    "price": 65454.544799999996,
    "quantity": 0.001,
    "remaining_quantity": 0.001
  },
  {
    "event_id": "f4de11d302a7b7cd3161f6735d83fe50d26e77b87da9622dfe5990c6036bf41c",
    "schema_version": "1.0.0",
    "event_type": "agent_order",
    "source": "synthetic_agent",
    "symbol": "BTCUSDT",
    "exchange": "binance_usdm",
    "timestamp": "2024-05-01T00:00:00.050000Z",
    "sequence": 10,
    "scenario_id": "scenario-448-quote_stuffing",
    "agent_id": "agent-quote_stuffing",
    "order_id": "scenario-448-quote_stuffing-agent-quote_stuffing-10",
    "action": "new",
    "side": "buy",
    "price": 65441.455200000004,
    "quantity": 0.001,
    "remaining_quantity": 0.001
  },
  {
    "event_id": "0ca69b208f119527aab96fd25476cabb37f9d128fdd3969bd96648518d310e9e",
    "schema_version": "1.0.0",
    "event_type": "agent_order",
    "source": "synthetic_agent",
    "symbol": "BTCUSDT",
    "exchange": "binance_usdm",
    "timestamp": "2024-05-01T00:00:00.055000Z",
    "sequence": 11,
    "scenario_id": "scenario-448-quote_stuffing",
    "agent_id": "agent-quote_stuffing",
    "order_id": "scenario-448-quote_stuffing-agent-quote_stuffing-11",
    "action": "new",
    "side": "sell",
    "price": 65454.544799999996,
    "quantity": 0.001,
    "remaining_quantity": 0.001
  },
  {
    "event_id": "e30b1635bfb23321a038d414d48bd3532be28398938d2a5dc3540cf04cb0d101",
    "schema_version": "1.0.0",
    "event_type": "agent_order",
    "source": "synthetic_agent",
    "symbol": "BTCUSDT",
    "exchange": "binance_usdm",
    "timestamp": "2024-05-01T00:00:00.060000Z",
    "sequence": 12,
    "scenario_id": "scenario-448-quote_stuffing",
    "agent_id": "agent-quote_stuffing",
    "order_id": "scenario-448-quote_stuffing-agent-quote_stuffing-12",
    "action": "new",
    "side": "buy",
    "price": 65441.455200000004,
    "quantity": 0.001,
    "remaining_quantity": 0.001
  },
  {
    "event_id": "7c8c804b5ad5f8323c95acbdc21bfc858b8d948084f881a42c471cb06712d6fa",
    "schema_version": "1.0.0",
    "event_type": "agent_order",
    "source": "synthetic_agent",
    "symbol": "BTCUSDT",
    "exchange": "binance_usdm",
    "timestamp": "2024-05-01T00:00:00.065000Z",
    "sequence": 13,
    "scenario_id": "scenario-448-quote_stuffing",
    "agent_id": "agent-quote_stuffing",
    "order_id": "scenario-448-quote_stuffing-agent-quote_stuffing-13",
    "action": "new",
    "side": "sell",
    "price": 65454.544799999996,
    "quantity": 0.001,
    "remaining_quantity": 0.001
  },
  {
    "event_id": "d174c8969cbeb4911218682f92677c169844fbb792e49c80e99d0f1a1c6bdbc2",
    "schema_version": "1.0.0",
    "event_type": "agent_order",
    "source": "synthetic_agent",
    "symbol": "BTCUSDT",
    "exchange": "binance_usdm",
    "timestamp": "2024-05-01T00:00:00.070000Z",
    "sequence": 14,
    "scenario_id": "scenario-448-quote_stuffing",
    "agent_id": "agent-quote_stuffing",
    "order_id": "scenario-448-quote_stuffing-agent-quote_stuffing-14",
    "action": "new",
    "side": "buy",
    "price": 65441.455200000004,
    "quantity": 0.001,
    "remaining_quantity": 0.001
  },
  {
    "event_id": "4c3b07784e03b3f9df69e6777aff13e2b68f2bbb0c96faca50dc06b628fbbf1d",
    "schema_version": "1.0.0",
    "event_type": "agent_order",
    "source": "synthetic_agent",
    "symbol": "BTCUSDT",
    "exchange": "binance_usdm",
    "timestamp": "2024-05-01T00:00:00.075000Z",
    "sequence": 15,
    "scenario_id": "scenario-448-quote_stuffing",
    "agent_id": "agent-quote_stuffing",
    "order_id": "scenario-448-quote_stuffing-agent-quote_stuffing-15",
    "action": "new",
    "side": "sell",
    "price": 65454.544799999996,
    "quantity": 0.001,
    "remaining_quantity": 0.001
  },
  {
    "event_id": "c9f80e0f68335f4024e22156bff9832539a9b2607a682ad85506f9081e90e871",
    "schema_version": "1.0.0",
    "event_type": "agent_order",
    "source": "synthetic_agent",
    "symbol": "BTCUSDT",
    "exchange": "binance_usdm",
    "timestamp": "2024-05-01T00:00:00.080000Z",
    "sequence": 16,
    "scenario_id": "scenario-448-quote_stuffing",
    "agent_id": "agent-quote_stuffing",
    "order_id": "scenario-448-quote_stuffing-agent-quote_stuffing-16",
    "action": "new",
    "side": "buy",
    "price": 65441.455200000004,
    "quantity": 0.001,
    "remaining_quantity": 0.001
  },
  {
    "event_id": "633bfecb23d8aea78947e0890f6a0cbf42d7fb7c3a098ce0d6ba44aa80cab1a1",
    "schema_version": "1.0.0",
    "event_type": "agent_order",
    "source": "synthetic_agent",
    "symbol": "BTCUSDT",
    "exchange": "binance_usdm",
    "timestamp": "2024-05-01T00:00:00.085000Z",
    "sequence": 17,
    "scenario_id": "scenario-448-quote_stuffing",
    "agent_id": "agent-quote_stuffing",
    "order_id": "scenario-448-quote_stuffing-agent-quote_stuffing-17",
    "action": "new",
    "side": "sell",
    "price": 65454.544799999996,
    "quantity": 0.001,
    "remaining_quantity": 0.001
  },
  {
    "event_id": "f9eb37f2156fb18ad9782b5945098789041fdd78acd339a57d2ca721a4df4720",
    "schema_version": "1.0.0",
    "event_type": "agent_order",
    "source": "synthetic_agent",
    "symbol": "BTCUSDT",
    "exchange": "binance_usdm",
    "timestamp": "2024-05-01T00:00:00.090000Z",
    "sequence": 18,
    "scenario_id": "scenario-448-quote_stuffing",
    "agent_id": "agent-quote_stuffing",
    "order_id": "scenario-448-quote_stuffing-agent-quote_stuffing-18",
    "action": "new",
    "side": "buy",
    "price": 65441.455200000004,
    "quantity": 0.001,
    "remaining_quantity": 0.001
  },
  {
    "event_id": "a75781cc5b7204d80c88f7d27fea5f7f348e1d970431001c2bbea5a02b998b6a",
    "schema_version": "1.0.0",
    "event_type": "agent_order",
    "source": "synthetic_agent",
    "symbol": "BTCUSDT",
    "exchange": "binance_usdm",
    "timestamp": "2024-05-01T00:00:00.095000Z",
    "sequence": 19,
    "scenario_id": "scenario-448-quote_stuffing",
    "agent_id": "agent-quote_stuffing",
    "order_id": "scenario-448-quote_stuffing-agent-quote_stuffing-19",
    "action": "new",
    "side": "sell",
    "price": 65454.544799999996,
    "quantity": 0.001,
    "remaining_quantity": 0.001
  },
  {
    "event_id": "dca26504129fc46df50d440e6314297a1232e88c7106d9e2b3048df545fc7968",
    "schema_version": "1.0.0",
    "event_type": "agent_order",
    "source": "synthetic_agent",
    "symbol": "BTCUSDT",
    "exchange": "binance_usdm",
    "timestamp": "2024-05-01T00:00:00.100000Z",
    "sequence": 20,
    "scenario_id": "scenario-448-quote_stuffing",
    "agent_id": "agent-quote_stuffing",
    "order_id": "scenario-448-quote_stuffing-agent-quote_stuffing-20",
    "action": "new",
    "side": "buy",
    "price": 65441.455200000004,
    "quantity": 0.001,
    "remaining_quantity": 0.001
  },
  {
    "event_id": "e70fe78dcad2dacf059b85a0d3d90d02d87b7404e88cb9fc379443aa16019b4f",
    "schema_version": "1.0.0",
    "event_type": "agent_order",
    "source": "synthetic_agent",
    "symbol": "BTCUSDT",
    "exchange": "binance_usdm",
    "timestamp": "2024-05-01T00:00:00.105000Z",
    "sequence": 21,
    "scenario_id": "scenario-448-quote_stuffing",
    "agent_id": "agent-quote_stuffing",
    "order_id": "scenario-448-quote_stuffing-agent-quote_stuffing-21",
    "action": "new",
    "side": "sell",
    "price": 65454.544799999996,
    "quantity": 0.001,
    "remaining_quantity": 0.001
  },
  {
    "event_id": "05ff5a40b177328daa2ff8d4887f9a326ca7e8f9bac1a1e47780d6ba30d1bcb9",
    "schema_version": "1.0.0",
    "event_type": "agent_order",
    "source": "synthetic_agent",
    "symbol": "BTCUSDT",
    "exchange": "binance_usdm",
    "timestamp": "2024-05-01T00:00:00.110000Z",
    "sequence": 22,
    "scenario_id": "scenario-448-quote_stuffing",
    "agent_id": "agent-quote_stuffing",
    "order_id": "scenario-448-quote_stuffing-agent-quote_stuffing-22",
    "action": "new",
    "side": "buy",
    "price": 65441.455200000004,
    "quantity": 0.001,
    "remaining_quantity": 0.001
  },
  {
    "event_id": "1d84b5269c6212b5de78c72a7c619694b15fba90f8d8c0927a5cfbce598f2003",
    "schema_version": "1.0.0",
    "event_type": "agent_order",
    "source": "synthetic_agent",
    "symbol": "BTCUSDT",
    "exchange": "binance_usdm",
    "timestamp": "2024-05-01T00:00:00.115000Z",
    "sequence": 23,
    "scenario_id": "scenario-448-quote_stuffing",
    "agent_id": "agent-quote_stuffing",
    "order_id": "scenario-448-quote_stuffing-agent-quote_stuffing-23",
    "action": "new",
    "side": "sell",
    "price": 65454.544799999996,
    "quantity": 0.001,
    "remaining_quantity": 0.001
  },
  {
    "event_id": "1e2c419f4e06bd0a96f39a98517d8aa291ecf3dd79236908d269cbcaaf4fe9e1",
    "schema_version": "1.0.0",
    "event_type": "agent_order",
    "source": "synthetic_agent",
    "symbol": "BTCUSDT",
    "exchange": "binance_usdm",
    "timestamp": "2024-05-01T00:00:00.120000Z",
    "sequence": 24,
    "scenario_id": "scenario-448-quote_stuffing",
    "agent_id": "agent-quote_stuffing",
    "order_id": "scenario-448-quote_stuffing-agent-quote_stuffing-24",
    "action": "new",
    "side": "buy",
    "price": 65441.455200000004,
    "quantity": 0.001,
    "remaining_quantity": 0.001
  },
  {
    "event_id": "4d6919292c1577c86bc65b3ed34cf5dd5fb89345e8afdeb54cc83d5722faf8f5",
    "schema_version": "1.0.0",
    "event_type": "agent_order",
    "source": "synthetic_agent",
    "symbol": "BTCUSDT",
    "exchange": "binance_usdm",
    "timestamp": "2024-05-01T00:00:00.125000Z",
    "sequence": 25,
    "scenario_id": "scenario-448-quote_stuffing",
    "agent_id": "agent-quote_stuffing",
    "order_id": "scenario-448-quote_stuffing-agent-quote_stuffing-25",
    "action": "new",
    "side": "sell",
    "price": 65454.544799999996,
    "quantity": 0.001,
    "remaining_quantity": 0.001
  },
  {
    "event_id": "a711710228947a0e9d4741c0245818fc61a97ad8f53b055876772b75e834eedd",
    "schema_version": "1.0.0",
    "event_type": "agent_order",
    "source": "synthetic_agent",
    "symbol": "BTCUSDT",
    "exchange": "binance_usdm",
    "timestamp": "2024-05-01T00:00:00.130000Z",
    "sequence": 26,
    "scenario_id": "scenario-448-quote_stuffing",
    "agent_id": "agent-quote_stuffing",
    "order_id": "scenario-448-quote_stuffing-agent-quote_stuffing-26",
    "action": "new",
    "side": "buy",
    "price": 65441.455200000004,
    "quantity": 0.001,
    "remaining_quantity": 0.001
  },
  {
    "event_id": "a86a81f1a823744b1db7f79530026aa6dd946bf829d2893abca8e0dc34102a93",
    "schema_version": "1.0.0",
    "event_type": "agent_order",
    "source": "synthetic_agent",
    "symbol": "BTCUSDT",
    "exchange": "binance_usdm",
    "timestamp": "2024-05-01T00:00:00.135000Z",
    "sequence": 27,
    "scenario_id": "scenario-448-quote_stuffing",
    "agent_id": "agent-quote_stuffing",
    "order_id": "scenario-448-quote_stuffing-agent-quote_stuffing-27",
    "action": "new",
    "side": "sell",
    "price": 65454.544799999996,
    "quantity": 0.001,
    "remaining_quantity": 0.001
  },
  {
    "event_id": "334a0b32ba1dbb1211e76ecb39df81374b558367526d4c5569a5f67198a128dc",
    "schema_version": "1.0.0",
    "event_type": "agent_order",
    "source": "synthetic_agent",
    "symbol": "BTCUSDT",
    "exchange": "binance_usdm",
    "timestamp": "2024-05-01T00:00:00.140000Z",
    "sequence": 28,
    "scenario_id": "scenario-448-quote_stuffing",
    "agent_id": "agent-quote_stuffing",
    "order_id": "scenario-448-quote_stuffing-agent-quote_stuffing-28",
    "action": "new",
    "side": "buy",
    "price": 65441.455200000004,
    "quantity": 0.001,
    "remaining_quantity": 0.001
  },
  {
    "event_id": "cd627108a75d94855e846ae96fc68817b845550f8c6f280b6dc550cc98bc2713",
    "schema_version": "1.0.0",
    "event_type": "agent_order",
    "source": "synthetic_agent",
    "symbol": "BTCUSDT",
    "exchange": "binance_usdm",
    "timestamp": "2024-05-01T00:00:00.145000Z",
    "sequence": 29,
    "scenario_id": "scenario-448-quote_stuffing",
    "agent_id": "agent-quote_stuffing",
    "order_id": "scenario-448-quote_stuffing-agent-quote_stuffing-29",
    "action": "new",
    "side": "sell",
    "price": 65454.544799999996,
    "quantity": 0.001,
    "remaining_quantity": 0.001
  }
]