[
  {
    "event_id": "1a3b5824c29de8b1cc8909dc5096b5a30d0e101bcf30afab9f0b34a02dabd950",
    "schema_version": "1.0.0",
    "event_type": "agent_order",
    "source": "synthetic_agent",
    "symbol": "BTCUSDT",
    "exchange": "binance_usdm",
    "timestamp": "2024-05-01T00:00:00Z",
    "sequence": 0,
    "scenario_id": "scenario-405-stop_run_sweep",
    "agent_id": "agent-stop_run_sweep",
    "order_id": "scenario-405-stop_run_sweep-agent-stop_run_sweep-0",
    "action": "new",
    "side": "buy",
    "price": 65470.40499999999,
    "quantity": 0.06,
    "remaining_quantity": 0.06
  },
  {
    "event_id": "eaf937c17e40c05797c3c75ee9c6fb89725020cef778e7d74ed30c6921deca09",
    "schema_version": "1.0.0",
    "event_type": "agent_order",
    "source": "synthetic_agent",
    "symbol": "BTCUSDT",
    "exchange": "binance_usdm",
    "timestamp": "2024-05-01T00:00:00.030000Z",
    "sequence": 1,
    "scenario_id": "scenario-405-stop_run_sweep",
    "agent_id": "agent-stop_run_sweep",
    "order_id": "scenario-405-stop_run_sweep-agent-stop_run_sweep-1",
    "action": "new",
    "side": "buy",
    "price": 65473.67525,
    "quantity": 0.06,
    "remaining_quantity": 0.06
  },
  {
    "event_id": "f747139e37cba4d31dc4479b0c9f6051a0383f6b746bac8f3358502b3cc65ee1",
    "schema_version": "1.0.0",
    "event_type": "agent_order",
    "source": "synthetic_agent",
    "symbol": "BTCUSDT",
    "exchange": "binance_usdm",
    "timestamp": "2024-05-01T00:00:00.060000Z",
    "sequence": 2,
    "scenario_id": "scenario-405-stop_run_sweep",
    "agent_id": "agent-stop_run_sweep",
    "order_id": "scenario-405-stop_run_sweep-agent-stop_run_sweep-2",
    "action": "new",
    "side": "buy",
    "price": 65476.945499999994,
    "quantity": 0.06,
    "remaining_quantity": 0.06
  },
  {
    "event_id": "d021f167d470e54199fa859ef45cb25522ccfbf462f7d1765a5c9f004949d626",
    "schema_version": "1.0.0",
    "event_type": "agent_order",
    "source": "synthetic_agent",
    "symbol": "BTCUSDT",
    "exchange": "binance_usdm",
    "timestamp": "2024-05-01T00:00:00.090000Z",
    "sequence": 3,
    "scenario_id": "scenario-405-stop_run_sweep",
    "agent_id": "agent-stop_run_sweep",
    "order_id": "scenario-405-stop_run_sweep-agent-stop_run_sweep-3",
    "action": "new",
    "side": "buy",
    "price": 65480.215749999996,
    "quantity": 0.06,
    "remaining_quantity": 0.06
  },
  {
    "event_id": "e04505b93f78cc3e7ccc9cccd86bd86ee1aeef266f3f0d087814919beffd0f56",
    "schema_version": "1.0.0",
    "event_type": "agent_order",
    "source": "synthetic_agent",
    "symbol": "BTCUSDT",
    "exchange": "binance_usdm",
    "timestamp": "2024-05-01T00:00:00.120000Z",
    "sequence": 4,
    "scenario_id": "scenario-405-stop_run_sweep",
    "agent_id": "agent-stop_run_sweep",
    "order_id": "scenario-405-stop_run_sweep-agent-stop_run_sweep-4",
    "action": "new",
    "side": "buy",
    "price": 65483.48599999999,
    "quantity": 0.06,
    "remaining_quantity": 0.06
  },
  {
    "event_id": "237410987848025fbe39e656396aa96e418fb3a3b8fe3a3d1b24042acc895221",
    "schema_version": "1.0.0",
    "event_type": "agent_order",
    "source": "synthetic_agent",
    "symbol": "BTCUSDT",
    "exchange": "binance_usdm",
    "timestamp": "2024-05-01T00:00:00.150000Z",
    "sequence": 5,
    "scenario_id": "scenario-405-stop_run_sweep",
    "agent_id": "agent-stop_run_sweep",
    "order_id": "scenario-405-stop_run_sweep-agent-stop_run_sweep-5",
    "action": "new",
    "side": "buy",
    "price": 65486.75625,
    "quantity": 0.06,
    "remaining_quantity": 0.06
  },
  {
    "event_id": "d9273aac9cd6a6f5b31e84742ea97d5da65b3eb6c4d4929b872ca65701b911e8",
    "schema_version": "1.0.0",
    "event_type": "agent_order",
    "source": "synthetic_agent",
    "symbol": "BTCUSDT",
    "exchange": "binance_usdm",
    "timestamp": "2024-05-01T00:00:00.180000Z",
    "sequence": 6,
    "scenario_id": "scenario-405-stop_run_sweep",
    "agent_id": "agent-stop_run_sweep",
    "order_id": "scenario-405-stop_run_sweep-agent-stop_run_sweep-6",
    "action": "new",
    "side": "buy",
    "price": 65490.02649999999,
    "quantity": 0.06,
    "remaining_quantity": 0.06
  },
  {
    "event_id": "af1a980f4140d6f251b4ae3cedb14ddfc75500ab410e10e769a457843d76a816",
    "schema_version": "1.0.0",
    "event_type": "agent_order",
    "source": "synthetic_agent",
    "symbol": "BTCUSDT",
    "exchange": "binance_usdm",
    "timestamp": "2024-05-01T00:00:00.210000Z",
    "sequence": 7,
    "scenario_id": "scenario-405-stop_run_sweep",
    "agent_id": "agent-stop_run_sweep",
    "order_id": "scenario-405-stop_run_sweep-agent-stop_run_sweep-7",
    "action": "new",
    "side": "buy",
    "price": 65493.296749999994,
    "quantity": 0.06,
    "remaining_quantity": 0.06
  },
  {
    "event_id": "49932ad434baf4e47c41f5995f8b2355d74f082ff51ea3c6095ffee67351f04d",
    "schema_version": "1.0.0",
    "event_type": "agent_order",
    "source": "synthetic_agent",
    "symbol": "BTCUSDT",
    "exchange": "binance_usdm",
    "timestamp": "2024-05-01T00:00:00.240000Z",
    "sequence": 8,
    "scenario_id": "scenario-405-stop_run_sweep",
    "agent_id": "agent-stop_run_sweep",
    "order_id": "scenario-405-stop_run_sweep-agent-stop_run_sweep-8",
    "action": "new",
    "side": "buy",
    "price": 65496.56699999999,
    "quantity": 0.06,
    "remaining_quantity": 0.06
  },
  {
    "event_id": "77068a97d8ecafddb4fba573bee0fcb9159d5e71a815bbc1b82c13c2f06f1ebf",
    "schema_version": "1.0.0",
    "event_type": "agent_order",
    "source": "synthetic_agent",
    "symbol": "BTCUSDT",
    "exchange": "binance_usdm",
    "timestamp": "2024-05-01T00:00:00.270000Z",
    "sequence": 9,
    "scenario_id": "scenario-405-stop_run_sweep",
    "agent_id": "agent-stop_run_sweep",
    "order_id": "scenario-405-stop_run_sweep-agent-stop_run_sweep-9",
    "action": "new",
    "side": "buy",
    "price": 65499.83725,
    "quantity": 0.06,
    "remaining_quantity": 0.06
  },
  {
    "event_id": "abeb5ad863e7a10367dbc6e5d5d6a2be533a20a6c2182bc9d200c5506323357d",
    "schema_version": "1.0.0",
    "event_type": "agent_order",
    "source": "synthetic_agent",
    "symbol": "BTCUSDT",
    "exchange": "binance_usdm",
    "timestamp": "2024-05-01T00:00:00.300000Z",
    "sequence": 10,
    "scenario_id": "scenario-405-stop_run_sweep",
    "agent_id": "agent-stop_run_sweep",
    "order_id": "scenario-405-stop_run_sweep-agent-stop_run_sweep-10",
    "action": "new",
    "side": "buy",
    "price": 65503.10749999999,
    "quantity": 0.06,
    "remaining_quantity": 0.06
  },
  {
    "event_id": "cad8bc807a6998876d047ce2ff6cb8f1281a0a1c5858f8a11fb5d76881bb9e7b",
    "schema_version": "1.0.0",
    "event_type": "agent_order",
    "source": "synthetic_agent",
    "symbol": "BTCUSDT",
    "exchange": "binance_usdm",
    "timestamp": "2024-05-01T00:00:00.330000Z",
    "sequence": 11,
    "scenario_id": "scenario-405-stop_run_sweep",
    "agent_id": "agent-stop_run_sweep",
    "order_id": "scenario-405-stop_run_sweep-agent-stop_run_sweep-11",
    "action": "new",
    "side": "buy",
    "price": 65506.37775,
    "quantity": 0.06,
    "remaining_quantity": 0.06
  },
  {
    "event_id": "a8de56817b1b28d8207e72d993215600a1275e1e97a442c68fbfe26fbbf2a8d6",
    "schema_version": "1.0.0",
    "event_type": "agent_order",
    "source": "synthetic_agent",
    "symbol": "BTCUSDT",
    "exchange": "binance_usdm",
    "timestamp": "2024-05-01T00:00:00.360000Z",
    "sequence": 12,
    "scenario_id": "scenario-405-stop_run_sweep",
    "agent_id": "agent-stop_run_sweep",
    "order_id": "scenario-405-stop_run_sweep-agent-stop_run_sweep-12",
    "action": "new",
    "side": "buy",
    "price": 65509.64799999999,
    "quantity": 0.06,
    "remaining_quantity": 0.06
  },
  {
    "event_id": "53993512c9b4c1ddabbf80af5f821eb82b92041fe50546949a5988c2a4d7904a",
    "schema_version": "1.0.0",
    "event_type": "agent_order",
    "source": "synthetic_agent",
    "symbol": "BTCUSDT",
    "exchange": "binance_usdm",
    "timestamp": "2024-05-01T00:00:00.390000Z",
    "sequence": 13,
    "scenario_id": "scenario-405-stop_run_sweep",
    "agent_id": "agent-stop_run_sweep",
    "order_id": "scenario-405-stop_run_sweep-agent-stop_run_sweep-13",
    "action": "new",
    "side": "buy",
    "price": 65512.918249999995,
    "quantity": 0.06,
    "remaining_quantity": 0.06
  },
  {
    "event_id": "0a8eff3630cff6cda19d0ab46c4eecd01e80f5fab13d785da3a8addbb52eab9d",
    "schema_version": "1.0.0",
    "event_type": "agent_order",
    "source": "synthetic_agent",
    "symbol": "BTCUSDT",
    "exchange": "binance_usdm",
    "timestamp": "2024-05-01T00:00:00.420000Z",
    "sequence": 14,
    "scenario_id": "scenario-405-stop_run_sweep",
    "agent_id": "agent-stop_run_sweep",
    "order_id": "scenario-405-stop_run_sweep-agent-stop_run_sweep-14",
    "action": "new",
    "side": "buy",
    "price": 65516.18849999999,
    "quantity": 0.06,
    "remaining_quantity": 0.06
  },
  {
    "event_id": "9915c032fe62f3f3a0f70bf0d7f72b1e3e462dd012fc4deaf9d2fe94e8fdca58",
    "schema_version": "1.0.0",
    "event_type": "agent_order",
    "source": "synthetic_agent",
    "symbol": "BTCUSDT",
    "exchange": "binance_usdm",
    "timestamp": "2024-05-01T00:00:00.450000Z",
    "sequence": 15,
    "scenario_id": "scenario-405-stop_run_sweep",
    "agent_id": "agent-stop_run_sweep",
    "order_id": "scenario-405-stop_run_sweep-agent-stop_run_sweep-15",
    "action": "new",
    "side": "buy",
    "price": 65519.45875,
    "quantity": 0.06,
    "remaining_quantity": 0.06
  },
  {
    "event_id": "e0b64333487df97a0abffdc20e46ec2631ef1f4c44928f8c0ed04bbb42058b2f",
    "schema_version": "1.0.0",
    "event_type": "agent_order",
    "source": "synthetic_agent",
    "symbol": "BTCUSDT",
    "exchange": "binance_usdm",
    "timestamp": "2024-05-01T00:00:00.480000Z",
    "sequence": 16,
    "scenario_id": "scenario-405-stop_run_sweep",
    "agent_id": "agent-stop_run_sweep",
    "order_id": "scenario-405-stop_run_sweep-agent-stop_run_sweep-16",
    "action": "new",
    "side": "buy",
    "price": 65522.728999999985,
    "quantity": 0.06,
    "remaining_quantity": 0.06
  },
  {
    "event_id": "ef0d4bdb7da149e0f46a7e1ad1d15436307587a6413ea02305df54487f28ce50",
    "schema_version": "1.0.0",
    "event_type": "agent_order",
    "source": "synthetic_agent",
    "symbol": "BTCUSDT",
    "exchange": "binance_usdm",
    "timestamp": "2024-05-01T00:00:00.510000Z",
    "sequence": 17,
    "scenario_id": "scenario-405-stop_run_sweep",
    "agent_id": "agent-stop_run_sweep",
    "order_id": "scenario-405-stop_run_sweep-agent-stop_run_sweep-17",
    "action": "new",
    "side": "buy",
    "price": 65525.99924999999,
    "quantity": 0.06,
    "remaining_quantity": 0.06
  },
  {
    "event_id": "171c5e287fc4c9b5440d6a3c0bef34ab95f3ae75e968c3f801cbe575313be455",
    "schema_version": "1.0.0",
    "event_type": "agent_order",
    "source": "synthetic_agent",
    "symbol": "BTCUSDT",
    "exchange": "binance_usdm",
    "timestamp": "2024-05-01T00:00:00.540000Z",
    "sequence": 18,
    "scenario_id": "scenario-405-stop_run_sweep",
    "agent_id": "agent-stop_run_sweep",
    "order_id": "scenario-405-stop_run_sweep-agent-stop_run_sweep-18",
    "action": "new",
    "side": "buy",
    "price": 65529.26949999999,
    "quantity": 0.06,
    "remaining_quantity": 0.06
  },
  {
    "event_id": "a67458b4f7e41619a3bae72c46c1e010d2e53c36f27c3d670a16c92fde6c432b",
    "schema_version": "1.0.0",
    "event_type": "agent_order",
    "source": "synthetic_agent",
    "symbol": "BTCUSDT",
    "exchange": "binance_usdm",
    "timestamp": "2024-05-01T00:00:00.570000Z",
    "sequence": 19,
    "scenario_id": "scenario-405-stop_run_sweep",
    "agent_id": "agent-stop_run_sweep",
    "order_id": "scenario-405-stop_run_sweep-agent-stop_run_sweep-19",
    "action": "new",
    "side": "buy",
    "price": 65532.539749999996,
    "quantity": 0.06,
    "remaining_quantity": 0.06
  },
  {
    "event_id": "c6fb2720ce4fe9cee4e8979b82939166a0b906e705bb7da9f96758a40c06fdf2",
    "schema_version": "1.0.0",
    "event_type": "agent_order",
    "source": "synthetic_agent",
    "symbol": "BTCUSDT",
    "exchange": "binance_usdm",
    "timestamp": "2024-05-01T00:00:00.600000Z",
    "sequence": 20,
    "scenario_id": "scenario-405-stop_run_sweep",
    "agent_id": "agent-stop_run_sweep",
    "order_id": "scenario-405-stop_run_sweep-agent-stop_run_sweep-20",
    "action": "new",
    "side": "buy",
    "price": 65535.80999999998,
    "quantity": 0.06,
    "remaining_quantity": 0.06
  },
  {
    "event_id": "776c4db94aa77a438a7c1250c4a175c1544859f487dd67cbfe792304c4325b6e",
    "schema_version": "1.0.0",
    "event_type": "agent_order",
    "source": "synthetic_agent",
    "symbol": "BTCUSDT",
    "exchange": "binance_usdm",
    "timestamp": "2024-05-01T00:00:00.630000Z",
    "sequence": 21,
    "scenario_id": "scenario-405-stop_run_sweep",
    "agent_id": "agent-stop_run_sweep",
    "order_id": "scenario-405-stop_run_sweep-agent-stop_run_sweep-21",
    "action": "new",
    "side": "buy",
    "price": 65539.08025,
    "quantity": 0.06,
    "remaining_quantity": 0.06
  },
  {
    "event_id": "1e4413a08594fadf6bf60e219808abd5cd63a100994b3711fcb9e948629289d4",
    "schema_version": "1.0.0",
    "event_type": "agent_order",
    "source": "synthetic_agent",
    "symbol": "BTCUSDT",
    "exchange": "binance_usdm",
    "timestamp": "2024-05-01T00:00:00.660000Z",
    "sequence": 22,
    "scenario_id": "scenario-405-stop_run_sweep",
    "agent_id": "agent-stop_run_sweep",
    "order_id": "scenario-405-stop_run_sweep-agent-stop_run_sweep-22",
    "action": "new",
    "side": "buy",
    "price": 65542.3505,
    "quantity": 0.06,
    "remaining_quantity": 0.06
  },
  {
    "event_id": "412b58d8386ff9b8a2891c94f5143acef7e3d8bf36ff8f05286c42695b29a16b",
    "schema_version": "1.0.0",
    "event_type": "agent_order",
    "source": "synthetic_agent",
    "symbol": "BTCUSDT",
    "exchange": "binance_usdm",
    "timestamp": "2024-05-01T00:00:00.690000Z",
    "sequence": 23,
    "scenario_id": "scenario-405-stop_run_sweep",
    "agent_id": "agent-stop_run_sweep",
    "order_id": "scenario-405-stop_run_sweep-agent-stop_run_sweep-23",
    "action": "new",
    "side": "buy",
    "price": 65545.62074999999,
    "quantity": 0.06,
    "remaining_quantity": 0.06
  },
  {
    "event_id": "5bf1c97d76b11bb159d07058070c4b5f95556b6a90e43538e3615113b2b61b1f",
    "schema_version": "1.0.0",
    "event_type": "agent_order",
    "source": "synthetic_agent",
    "symbol": "BTCUSDT",
    "exchange": "binance_usdm",
    "timestamp": "2024-05-01T00:00:00.720000Z",
    "sequence": 24,
    "scenario_id": "scenario-405-stop_run_sweep",
    "agent_id": "agent-stop_run_sweep",
    "order_id": "scenario-405-stop_run_sweep-agent-stop_run_sweep-24",
    "action": "new",
    "side": "buy",
    "price": 65548.891,
    "quantity": 0.06,
    "remaining_quantity": 0.06
  },
  {
    "event_id": "434690c8b193da99bea573f360329fa4f14484e032549fc812a5bf2358862495",
    "schema_version": "1.0.0",
    "event_type": "agent_order",
    "source": "synthetic_agent",
    "symbol": "BTCUSDT",
    "exchange": "binance_usdm",
    "timestamp": "2024-05-01T00:00:00.750000Z",
    "sequence": 25,
    "scenario_id": "scenario-405-stop_run_sweep",
    "agent_id": "agent-stop_run_sweep",
    "order_id": "scenario-405-stop_run_sweep-agent-stop_run_sweep-25",
    "action": "new",
    "side": "buy",
    "price": 65552.16124999999,
    "quantity": 0.06,
    "remaining_quantity": 0.06
  },
  {
    "event_id": "ad9c7e7519a2152ec364afd73590376486c11771e631700a07a07d33fd8add6e",
    "schema_version": "1.0.0",
    "event_type": "agent_order",
    "source": "synthetic_agent",
    "symbol": "BTCUSDT",
    "exchange": "binance_usdm",
    "timestamp": "2024-05-01T00:00:00.780000Z",
    "sequence": 26,
    "scenario_id": "scenario-405-stop_run_sweep",
    "agent_id": "agent-stop_run_sweep",
    "order_id": "scenario-405-stop_run_sweep-agent-stop_run_sweep-26",
    "action": "new",
    "side": "buy",
    "price": 65555.43149999999,
    "quantity": 0.06,
    "remaining_quantity": 0.06
  },
  {
    "event_id": "723d65f28fdaf3e729e345a614b8c715edc1cd1a0e5fa803fe27e32b6a5ed3c1",
    "schema_version": "1.0.0",
    "event_type": "agent_order",
    "source": "synthetic_agent",
    "symbol": "BTCUSDT",
    "exchange": "binance_usdm",
    "timestamp": "2024-05-01T00:00:00.810000Z",
    "sequence": 27,
    "scenario_id": "scenario-405-stop_run_sweep",
    "agent_id": "agent-stop_run_sweep",
    "order_id": "scenario-405-stop_run_sweep-agent-stop_run_sweep-27",
    "action": "new",
    "side": "buy",
    "price": 65558.70175,
    "quantity": 0.06,
    "remaining_quantity": 0.06
  },
  {
    "event_id": "de2a786be84122f44b47e56ceb4edd19021af7a37c35edb30dac389097c58ce4",
    "schema_version": "1.0.0",
    "event_type": "agent_order",
    "source": "synthetic_agent",
    "symbol": "BTCUSDT",
    "exchange": "binance_usdm",
    "timestamp": "2024-05-01T00:00:00.840000Z",
    "sequence": 28,
    "scenario_id": "scenario-405-stop_run_sweep",
    "agent_id": "agent-stop_run_sweep",
    "order_id": "scenario-405-stop_run_sweep-agent-stop_run_sweep-28",
    "action": "new",
    "side": "buy",
    "price": 65561.972,
    "quantity": 0.06,
    "remaining_quantity": 0.06
  },
  {
    "event_id": "44966293e7bf626adc974e801ee17825286d838b4a73ff1df111b68124a3beea",
    "schema_version": "1.0.0",
    "event_type": "agent_order",
    "source": "synthetic_agent",
    "symbol": "BTCUSDT",
    "exchange": "binance_usdm",
    "timestamp": "2024-05-01T00:00:00.870000Z",
    "sequence": 29,
    "scenario_id": "scenario-405-stop_run_sweep",
    "agent_id": "agent-stop_run_sweep",
    "order_id": "scenario-405-stop_run_sweep-agent-stop_run_sweep-29",
    "action": "new",
    "side": "buy",
    "price": 65565.24225,
    "quantity": 0.06,
    "remaining_quantity": 0.06
  }
]