[
  {
    "event_id": "e1147db6f16c1a2bb49720277084495942d72f1b971a0f5fe4007f6445b58005",
    "schema_version": "1.0.0",
    "event_type": "agent_order",
    "source": "synthetic_agent",
    "symbol": "BTCUSDT",
    "exchange": "binance_usdm",
    "timestamp": "2024-05-01T00:00:00Z",
    "sequence": 0,
    "scenario_id": "scenario-436-quote_stuffing",
    "agent_id": "agent-quote_stuffing",
    "order_id": "scenario-436-quote_stuffing-agent-quote_stuffing-0",
    "action": "new",
    "side": "buy",
    "price": 65429.4564,
    "quantity": 0.001,
    "remaining_quantity": 0.001
  },
  {
    "event_id": "8a0a81bd9ad22300f4d64b49e6475b74a070260a7692a8db54960dc244796091",
    "schema_version": "1.0.0",
    "event_type": "agent_order",
    "source": "synthetic_agent",
    "symbol": "BTCUSDT",
    "exchange": "binance_usdm",
    "timestamp": "2024-05-01T00:00:00.005000Z",
    "sequence": 1,
    "scenario_id": "scenario-436-quote_stuffing",
    "agent_id": "agent-quote_stuffing",
    "order_id": "scenario-436-quote_stuffing-agent-quote_stuffing-1",
    "action": "new",
    "side": "sell",
    "price": 65442.5436,
    "quantity": 0.001,
    "remaining_quantity": 0.001
  },
  {
    "event_id": "e7bae965e399b5ab3da27d788315346f6a4d76d5241e74071a96cf423fe80af1",
    "schema_version": "1.0.0",
    "event_type": "agent_order",
    "source": "synthetic_agent",
    "symbol": "BTCUSDT",
    "exchange": "binance_usdm",
    "timestamp": "2024-05-01T00:00:00.010000Z",
    "sequence": 2,
    "scenario_id": "scenario-436-quote_stuffing",
    "agent_id": "agent-quote_stuffing",
    "order_id": "scenario-436-quote_stuffing-agent-quote_stuffing-2",
    "action": "new",
    "side": "buy",
    "price": 65429.4564,
    "quantity": 0.001,
    "remaining_quantity": 0.001
  },
  {
    "event_id": "489ba92f8328212286670689c71c0a34603e2f6c9e9afe92cd73265a31cde9ea",
    "schema_version": "1.0.0",
    "event_type": "agent_order",
    "source": "synthetic_agent",
    "symbol": "BTCUSDT",
    "exchange": "binance_usdm",
    "timestamp": "2024-05-01T00:00:00.015000Z",
    "sequence": 3,
    "scenario_id": "scenario-436-quote_stuffing",
    "agent_id": "agent-quote_stuffing",
    "order_id": "scenario-436-quote_stuffing-agent-quote_stuffing-3",
    "action": "new",
    "side": "sell",
    "price": 65442.5436,
    "quantity": 0.001,
    "remaining_quantity": 0.001
  },
  {
    "event_id": "d3381f27c11b83a34ee29f9032ed1d4f0fe00ab9555fbe20beb6177e210bc26a",
    "schema_version": "1.0.0",
    "event_type": "agent_order",
    "source": "synthetic_agent",
    "symbol": "BTCUSDT",
    "exchange": "binance_usdm",
    "timestamp": "2024-05-01T00:00:00.020000Z",
    "sequence": 4,
    "scenario_id": "scenario-436-quote_stuffing",
    "agent_id": "agent-quote_stuffing",
    "order_id": "scenario-436-quote_stuffing-agent-quote_stuffing-4",
    "action": "new",
    "side": "buy",
    "price": 65429.4564,
    "quantity": 0.001,
    "remaining_quantity": 0.001
  },
  {
    "event_id": "0a94c61dbec3b5411f9c80011a7d1eb3e24d6eed056cdb991fe2f64b721e832d",
    "schema_version": "1.0.0",
    "event_type": "agent_order",
    "source": "synthetic_agent",
    "symbol": "BTCUSDT",
    "exchange": "binance_usdm",
    "timestamp": "2024-05-01T00:00:00.025000Z",
    "sequence": 5,
    "scenario_id": "scenario-436-quote_stuffing",
    "agent_id": "agent-quote_stuffing",
    "order_id": "scenario-436-quote_stuffing-agent-quote_stuffing-5",
    "action": "new",
    "side": "sell",
    "price": 65442.5436,
    "quantity": 0.001,
    "remaining_quantity": 0.001
  },
  {
    "event_id": "a1f91ff9028fb7faa3ad0df30b44c96a89eefc5caa27fe48ee7c4fffdd9fe9c7",
    "schema_version": "1.0.0",
    "event_type": "agent_order",
    "source": "synthetic_agent",
    "symbol": "BTCUSDT",
    "exchange": "binance_usdm",
    "timestamp": "2024-05-01T00:00:00.030000Z",
    "sequence": 6,
    "scenario_id": "scenario-436-quote_stuffing",
    "agent_id": "agent-quote_stuffing",
    "order_id": "scenario-436-quote_stuffing-agent-quote_stuffing-6",
    "action": "new",
    "side": "buy",
    "price": 65429.4564,
    "quantity": 0.001,
    "remaining_quantity": 0.001
  },
  {
    "event_id": "eab8cae26ad1fd8a228f8de90e86094bce17ac5b381250ee6a7eda92e55e6a3b",
    "schema_version": "1.0.0",
    "event_type": "agent_order",
    "source": "synthetic_agent",
    "symbol": "BTCUSDT",
    "exchange": "binance_usdm",
    "timestamp": "2024-05-01T00:00:00.035000Z",
    "sequence": 7,
    "scenario_id": "scenario-436-quote_stuffing",
    "agent_id": "agent-quote_stuffing",
    "order_id": "scenario-436-quote_stuffing-agent-quote_stuffing-7",
    "action": "new",
    "side": "sell",
    "price": 65442.5436,
    "quantity": 0.001,
    "remaining_quantity": 0.001
  },
  {
    "event_id": "63a3640aa1da9e69783cb4f1fdb1864f93b5e479dec9b2aaa05cb1c6def33518",
    "schema_version": "1.0.0",
    "event_type": "agent_order",
    "source": "synthetic_agent",
    "symbol": "BTCUSDT",
    "exchange": "binance_usdm",
    "timestamp": "2024-05-01T00:00:00.040000Z",
    "sequence": 8,
    "scenario_id": "scenario-436-quote_stuffing",
    "agent_id": "agent-quote_stuffing",
    "order_id": "scenario-436-quote_stuffing-agent-quote_stuffing-8",
    "action": "new",
    "side": "buy",
    "price": 65429.4564,
    "quantity": 0.001,
    "remaining_quantity": 0.001
  },
  {
    "event_id": "15f4c7d5b93cae44d7286429ba20fb11f3c3727e50ca3b02bc25ca2f49989483",
    "schema_version": "1.0.0",
    "event_type": "agent_order",
    "source": "synthetic_agent",
    "symbol": "BTCUSDT",
    "exchange": "binance_usdm",
    "timestamp": "2024-05-01T00:00:00.045000Z",
    "sequence": 9,
    "scenario_id": "scenario-436-quote_stuffing",
    "agent_id": "agent-quote_stuffing",
    "order_id": "scenario-436-quote_stuffing-agent-quote_stuffing-9",
    "action": "new",
    "side": "sell",
    "price": 65442.5436,
    "quantity": 0.001,
    "remaining_quantity": 0.001
  },
  {
    "event_id": "5ced8c65c30573995707c2d80507460ffec837e4fa2d6ac862bc84bcadc02e11",
    "schema_version": "1.0.0",
    "event_type": "agent_order",
    "source": "synthetic_agent",
    "symbol": "BTCUSDT",
    "exchange": "binance_usdm",
    "timestamp": "2024-05-01T00:00:00.050000Z",
    "sequence": 10,
    "scenario_id": "scenario-436-quote_stuffing",
    "agent_id": "agent-quote_stuffing",
    "order_id": "scenario-436-quote_stuffing-agent-quote_stuffing-10",
    "action": "new",
    "side": "buy",
    "price": 65429.4564,
    "quantity": 0.001,
    "remaining_quantity": 0.001
  },
  {
    "event_id": "c61c4297ae3004f51ec7638e2d55c3851f8e6f5090a30e69f2a1e723615cd05b",
    "schema_version": "1.0.0",
    "event_type": "agent_order",
    "source": "synthetic_agent",
    "symbol": "BTCUSDT",
    "exchange": "binance_usdm",
    "timestamp": "2024-05-01T00:00:00.055000Z",
    "sequence": 11,
    "scenario_id": "scenario-436-quote_stuffing",
    "agent_id": "agent-quote_stuffing",
    "order_id": "scenario-436-quote_stuffing-agent-quote_stuffing-11",
    "action": "new",
    "side": "sell",
    "price": 65442.5436,
    "quantity": 0.001,
    "remaining_quantity": 0.001
  },
  {
    "event_id": "eb1de174edaabb8f34698adfac877e48e2f5a57d3b9b6a52c816be7f6aca227c",
    "schema_version": "1.0.0",
    "event_type": "agent_order",
    "source": "synthetic_agent",
    "symbol": "BTCUSDT",
    "exchange": "binance_usdm",
    "timestamp": "2024-05-01T00:00:00.060000Z",
    "sequence": 12,
    "scenario_id": "scenario-436-quote_stuffing",
    "agent_id": "agent-quote_stuffing",
    "order_id": "scenario-436-quote_stuffing-agent-quote_stuffing-12",
    "action": "new",
    "side": "buy",
    "price": 65429.4564,
    "quantity": 0.001,
    "remaining_quantity": 0.001
  },
  {
    "event_id": "927a4aa0ed5902591597dfaf160a923e134b9dd6e6c619add71dd67ec40a4ffa",
    "schema_version": "1.0.0",
    "event_type": "agent_order",
    "source": "synthetic_agent",
    "symbol": "BTCUSDT",
    "exchange": "binance_usdm",
    "timestamp": "2024-05-01T00:00:00.065000Z",
    "sequence": 13,
    "scenario_id": "scenario-436-quote_stuffing",
    "agent_id": "agent-quote_stuffing",
    "order_id": "scenario-436-quote_stuffing-agent-quote_stuffing-13",
    "action": "new",
    "side": "sell",
    "price": 65442.5436,
    "quantity": 0.001,
    "remaining_quantity": 0.001
  },
  {
    "event_id": "6f6f8325b4d27ad5307d169dc211fa7598b0dc89a306889fb42ac76f4f68cf6b",
    "schema_version": "1.0.0",
    "event_type": "agent_order",
    "source": "synthetic_agent",
    "symbol": "BTCUSDT",
    "exchange": "binance_usdm",
    "timestamp": "2024-05-01T00:00:00.070000Z",
    "sequence": 14,
    "scenario_id": "scenario-436-quote_stuffing",
    "agent_id": "agent-quote_stuffing",
    "order_id": "scenario-436-quote_stuffing-agent-quote_stuffing-14",
    "action": "new",
    "side": "buy",
    "price": 65429.4564,
    "quantity": 0.001,
    "remaining_quantity": 0.001
  },
  {
    "event_id": "9c4b9b09c9d944fd17d073f68d35f8539ebf8e1cb1f2c56db55853352d925bb8",
    "schema_version": "1.0.0",
    "event_type": "agent_order",
    "source": "synthetic_agent",
    "symbol": "BTCUSDT",
    "exchange": "binance_usdm",
    "timestamp": "2024-05-01T00:00:00.075000Z",
    "sequence": 15,
    "scenario_id": "scenario-436-quote_stuffing",
    "agent_id": "agent-quote_stuffing",
    "order_id": "scenario-436-quote_stuffing-agent-quote_stuffing-15",
    "action": "new",
    "side": "sell",
    "price": 65442.5436,
    "quantity": 0.001,
    "remaining_quantity": 0.001
  },
  {
    "event_id": "24f4ef684023831ce8c4746670c85fce43de7802db4cb7afc43407c4df81f4d7",
    "schema_version": "1.0.0",
    "event_type": "agent_order",
    "source": "synthetic_agent",
    "symbol": "BTCUSDT",
    "exchange": "binance_usdm",
    "timestamp": "2024-05-01T00:00:00.080000Z",
    "sequence": 16,
    "scenario_id": "scenario-436-quote_stuffing",
    "agent_id": "agent-quote_stuffing",
    "order_id": "scenario-436-quote_stuffing-agent-quote_stuffing-16",
    "action": "new",
    "side": "buy",
    "price": 65429.4564,
    "quantity": 0.001,
    "remaining_quantity": 0.001
  },
  {
    "event_id": "16c97329fb56576c812cae554fe3a8534093c0896b19d7db69e49ad19ece197f",
    "schema_version": "1.0.0",
    "event_type": "agent_order",
    "source": "synthetic_agent",
    "symbol": "BTCUSDT",
    "exchange": "binance_usdm",
    "timestamp": "2024-05-01T00:00:00.085000Z",
    "sequence": 17,
    "scenario_id": "scenario-436-quote_stuffing",
    "agent_id": "agent-quote_stuffing",
    "order_id": "scenario-436-quote_stuffing-agent-quote_stuffing-17",
    "action": "new",
    "side": "sell",
    "price": 65442.5436,
    "quantity": 0.001,
    "remaining_quantity": 0.001
  },
  {
    "event_id": "c521959ff37df52d65c80b2e744a90e0bc491d95e5f039f08cc773bfb1126cf5",
    "schema_version": "1.0.0",
    "event_type": "agent_order",
    "source": "synthetic_agent",
    "symbol": "BTCUSDT",
    "exchange": "binance_usdm",
    "timestamp": "2024-05-01T00:00:00.090000Z",
    "sequence": 18,
    "scenario_id": "scenario-436-quote_stuffing",
    "agent_id": "agent-quote_stuffing",
    "order_id": "scenario-436-quote_stuffing-agent-quote_stuffing-18",
    "action": "new",
    "side": "buy",
    "price": 65429.4564,
    "quantity": 0.001,
    "remaining_quantity": 0.001
  },
  {
    "event_id": "4418e72222ac5fc88b75abbdc1a935f15f4f569e846f8aef3e1c26f417fbf7c1",
    "schema_version": "1.0.0",
    "event_type": "agent_order",
    "source": "synthetic_agent",
    "symbol": "BTCUSDT",
    "exchange": "binance_usdm",
    "timestamp": "2024-05-01T00:00:00.095000Z",
    "sequence": 19,
    "scenario_id": "scenario-436-quote_stuffing",
    "agent_id": "agent-quote_stuffing",
    "order_id": "scenario-436-quote_stuffing-agent-quote_stuffing-19",
    "action": "new",
    "side": "sell",
    "price": 65442.5436,
    "quantity": 0.001,
    "remaining_quantity": 0.001
  },
  {
    "event_id": "e78052b36d9f15d1c14cb1626e7ee660f115f9c905376d715765cf75f783ed51",
    "schema_version": "1.0.0",
    "event_type": "agent_order",
    "source": "synthetic_agent",
    "symbol": "BTCUSDT",
    "exchange": "binance_usdm",
    "timestamp": "2024-05-01T00:00:00.100000Z",
    "sequence": 20,
    "scenario_id": "scenario-436-quote_stuffing",
    "agent_id": "agent-quote_stuffing",
    "order_id": "scenario-436-quote_stuffing-agent-quote_stuffing-20",
    "action": "new",
    "side": "buy",
    "price": 65429.4564,
    "quantity": 0.001,
    "remaining_quantity": 0.001
  },
  {
    "event_id": "fbb694e0cc42b5eb17302b74e81d8ff2c835a62314d7fa22edf9c0b8735b628b",
    "schema_version": "1.0.0",
    "event_type": "agent_order",
    "source": "synthetic_agent",
    "symbol": "BTCUSDT",
    "exchange": "binance_usdm",
    "timestamp": "2024-05-01T00:00:00.105000Z",
    "sequence": 21,
    "scenario_id": "scenario-436-quote_stuffing",
    "agent_id": "agent-quote_stuffing",
    "order_id": "scenario-436-quote_stuffing-agent-quote_stuffing-21",
    "action": "new",
    "side": "sell",
    "price": 65442.5436,
    "quantity": 0.001,
    "remaining_quantity": 0.001
  },
  {
    "event_id": "2bd4ae065991cabb5d6882c4e872f7d5295583849fb6d4f32cd3e3c4270c34b4",
    "schema_version": "1.0.0",
    "event_type": "agent_order",
    "source": "synthetic_agent",
    "symbol": "BTCUSDT",
    "exchange": "binance_usdm",
    "timestamp": "2024-05-01T00:00:00.110000Z",
    "sequence": 22,
    "scenario_id": "scenario-436-quote_stuffing",
    "agent_id": "agent-quote_stuffing",
    "order_id": "scenario-436-quote_stuffing-agent-quote_stuffing-22",
    "action": "new",
    "side": "buy",
    "price": 65429.4564,
    "quantity": 0.001,
    "remaining_quantity": 0.001
  },
  {
    "event_id": "43e45535d26330c2f3b85dd9f88d94e42de3ac72ccfdefd0a7967caa7690eb17",
    "schema_version": "1.0.0",
    "event_type": "agent_order",
    "source": "synthetic_agent",
    "symbol": "BTCUSDT",
    "exchange": "binance_usdm",
    "timestamp": "2024-05-01T00:00:00.115000Z",
    "sequence": 23,
    "scenario_id": "scenario-436-quote_stuffing",
    "agent_id": "agent-quote_stuffing",
    "order_id": "scenario-436-quote_stuffing-agent-quote_stuffing-23",
    "action": "new",
    "side": "sell",
    "price": 65442.5436,
    "quantity": 0.001,
    "remaining_quantity": 0.001
  },
  {
    "event_id": "924887a66fc057fcf3baee4b416d56b07ad27bef87a8cd72f8546dd32456a1b5",
    "schema_version": "1.0.0",
    "event_type": "agent_order",
    "source": "synthetic_agent",
    "symbol": "BTCUSDT",
    "exchange": "binance_usdm",
    "timestamp": "2024-05-01T00:00:00.120000Z",
    "sequence": 24,
    "scenario_id": "scenario-436-quote_stuffing",
    "agent_id": "agent-quote_stuffing",
    "order_id": "scenario-436-quote_stuffing-agent-quote_stuffing-24",
    "action": "new",
    "side": "buy",
    "price": 65429.4564,
    "quantity": 0.001,
    "remaining_quantity": 0.001
  },
  {
    "event_id": "8ac7ee8b2646a90c7fd88f6557e49326a2525181e7d182573eae6c5ae4454551",
    "schema_version": "1.0.0",
    "event_type": "agent_order",
    "source": "synthetic_agent",
    "symbol": "BTCUSDT",
    "exchange": "binance_usdm",
    "timestamp": "2024-05-01T00:00:00.125000Z",
    "sequence": 25,
    "scenario_id": "scenario-436-quote_stuffing",
    "agent_id": "agent-quote_stuffing",
    "order_id": "scenario-436-quote_stuffing-agent-quote_stuffing-25",
    "action": "new",
    "side": "sell",
    "price": 65442.5436,
    "quantity": 0.001,
    "remaining_quantity": 0.001
  },
  {
    "event_id": "5fa1c0747aaa4a6fb7654ad1f78990eb06056220f20580269e86436ab7f74add",
    "schema_version": "1.0.0",
    "event_type": "agent_order",
    "source": "synthetic_agent",
    "symbol": "BTCUSDT",
    "exchange": "binance_usdm",
    "timestamp": "2024-05-01T00:00:00.130000Z",
    "sequence": 26,
    "scenario_id": "scenario-436-quote_stuffing",
    "agent_id": "agent-quote_stuffing",
    "order_id": "scenario-436-quote_stuffing-agent-quote_stuffing-26",
    "action": "new",
    "side": "buy",
    "price": 65429.4564,
    "quantity": 0.001,
    "remaining_quantity": 0.001
  },
  {
    "event_id": "f905bdb241fe8e7104a2086347d15561f27c1e5c4c21739293b536f87d88eaff",
    "schema_version": "1.0.0",
    "event_type": "agent_order",
    "source": "synthetic_agent",
    "symbol": "BTCUSDT",
    "exchange": "binance_usdm",
    "timestamp": "2024-05-01T00:00:00.135000Z",
    "sequence": 27,
    "scenario_id": "scenario-436-quote_stuffing",
    "agent_id": "agent-quote_stuffing",
    "order_id": "scenario-436-quote_stuffing-agent-quote_stuffing-27",
    "action": "new",
    "side": "sell",
    "price": 65442.5436,
    "quantity": 0.001,
    "remaining_quantity": 0.001
  },
  {
    "event_id": "184206455751f88c50f6d0e5b8a55d3cf74760013c02c29bda8a98f5d1d773bc",
    "schema_version": "1.0.0",
    "event_type": "agent_order",
    "source": "synthetic_agent",
    "symbol": "BTCUSDT",
    "exchange": "binance_usdm",
    "timestamp": "2024-05-01T00:00:00.140000Z",
    "sequence": 28,
    "scenario_id": "scenario-436-quote_stuffing",
    "agent_id": "agent-quote_stuffing",
    "order_id": "scenario-436-quote_stuffing-agent-quote_stuffing-28",
    "action": "new",
    "side": "buy",
    "price": 65429.4564,
    "quantity": 0.001,
    "remaining_quantity": 0.001
  },
  {
    "event_id": "a4aa555a685f3edb1f15e5320cd2df3e77ef538d27fcdd9b144f946af11e0031",
    "schema_version": "1.0.0",
    "event_type": "agent_order",
    "source": "synthetic_agent",
    "symbol": "BTCUSDT",
    "exchange": "binance_usdm",
    "timestamp": "2024-05-01T00:00:00.145000Z",
    "sequence": 29,
    "scenario_id": "scenario-436-quote_stuffing",
    "agent_id": "agent-quote_stuffing",
    "order_id": "scenario-436-quote_stuffing-agent-quote_stuffing-29",
    "action": "new",
    "side": "sell",
    "price": 65442.5436,
    "quantity": 0.001,
    "remaining_quantity": 0.001
  }
]