[
  {
    "event_id": "27d4fb2760f5bbd3d580b509832eddb373ae98c8fe808fba9f8884dc36a04318",
    "schema_version": "1.0.0",
    "event_type": "agent_order",
    "source": "synthetic_agent",
    "symbol": "BTCUSDT",
    "exchange": "binance_usdm",
    "timestamp": "2024-05-01T00:00:00Z",
    "sequence": 0,
    "scenario_id": "scenario-305-momentum_ignition",
    "agent_id": "agent-momentum_ignition",
    "order_id": "scenario-305-momentum_ignition-agent-momentum_ignition-0",
    "action": "new",
    "side": "buy",
    "price": 65370.30499999999,
    "quantity": 0.08,
    "remaining_quantity": 0.08
  },
  {
    "event_id": "b2eeec71c8218da170fe1d627cce5ff514418bced77bbfaf1521b491b6ed208d",
    "schema_version": "1.0.0",
    "event_type": "agent_order",
    "source": "synthetic_agent",
    "symbol": "BTCUSDT",
    "exchange": "binance_usdm",
    "timestamp": "2024-05-01T00:00:00.080000Z",
    "sequence": 1,
    "scenario_id": "scenario-305-momentum_ignition",
    "agent_id": "agent-momentum_ignition",
    "order_id": "scenario-305-momentum_ignition-agent-momentum_ignition-1",
    "action": "new",
    "side": "buy",
    "price": 65371.61109999999,
    "quantity": 0.08,
    "remaining_quantity": 0.08
  },
  {
    "event_id": "7418b9e3eb50f819263343e0973245db2214909cd190ca348c297f1d440e8e4d",
    "schema_version": "1.0.0",
    "event_type": "agent_order",
    "source": "synthetic_agent",
    "symbol": "BTCUSDT",
    "exchange": "binance_usdm",
    "timestamp": "2024-05-01T00:00:00.160000Z",
    "sequence": 2,
    "scenario_id": "scenario-305-momentum_ignition",
    "agent_id": "agent-momentum_ignition",
    "order_id": "scenario-305-momentum_ignition-agent-momentum_ignition-2",
    "action": "new",
    "side": "buy",
    "price": 65372.917199999996,
    "quantity": 0.08,
    "remaining_quantity": 0.08
  },
  {
    "event_id": "e1f6a3b53d3bd0066370b449fa1ba17b78092dd95a9e88cd385c04ff01a9914b",
    "schema_version": "1.0.0",
    "event_type": "agent_order",
    "source": "synthetic_agent",
    "symbol": "BTCUSDT",
    "exchange": "binance_usdm",
    "timestamp": "2024-05-01T00:00:00.240000Z",
    "sequence": 3,
    "scenario_id": "scenario-305-momentum_ignition",
    "agent_id": "agent-momentum_ignition",
    "order_id": "scenario-305-momentum_ignition-agent-momentum_ignition-3",
    "action": "new",
    "side": "buy",
    "price": 65374.22329999999,
    "quantity": 0.08,
    "remaining_quantity": 0.08
  },
  {
    "event_id": "3961aaef62590b440a11062f56d96a560cf0d80f704e480631e471cb8cbbfc83",
    "schema_version": "1.0.0",
    "event_type": "agent_order",
    "source": "synthetic_agent",
    "symbol": "BTCUSDT",
    "exchange": "binance_usdm",
    "timestamp": "2024-05-01T00:00:00.320000Z",
    "sequence": 4,
    "scenario_id": "scenario-305-momentum_ignition",
    "agent_id": "agent-momentum_ignition",
    "order_id": "scenario-305-momentum_ignition-agent-momentum_ignition-4",
    "action": "new",
    "side": "buy",
    "price": 65375.5294,
    "quantity": 0.08,
    "remaining_quantity": 0.08
  },
  {
    "event_id": "98baa2cef4e5e1944c36218ebbff85504326800db566a8a23f01f8c3de01e704",
    "schema_version": "1.0.0",
    "event_type": "agent_order",
    "source": "synthetic_agent",
    "symbol": "BTCUSDT",
    "exchange": "binance_usdm",
    "timestamp": "2024-05-01T00:00:00.400000Z",
    "sequence": 5,
    "scenario_id": "scenario-305-momentum_ignition",
    "agent_id": "agent-momentum_ignition",
    "order_id": "scenario-305-momentum_ignition-agent-momentum_ignition-5",
    "action": "new",
    "side": "buy",
    "price": 65376.835499999994,
    "quantity": 0.08,
    "remaining_quantity": 0.08
  },
  {
    "event_id": "e227e4f80470209c01636e690f02c1e0442e8a286e4e2d2bb4ea83a8dd360181",
    "schema_version": "1.0.0",
    "event_type": "agent_order",
    "source": "synthetic_agent",
    "symbol": "BTCUSDT",
    "exchange": "binance_usdm",
    "timestamp": "2024-05-01T00:00:00.480000Z",
    "sequence": 6,
    "scenario_id": "scenario-305-momentum_ignition",
    "agent_id": "agent-momentum_ignition",
    "order_id": "scenario-305-momentum_ignition-agent-momentum_ignition-6",
    "action": "new",
    "side": "buy",
    "price": 65378.14159999999,
    "quantity": 0.08,
    "remaining_quantity": 0.08
  },
  {
    "event_id": "a567367ce3edb127699597fbf75c147a809a75cc838323545e451d31915be7f5",
    "schema_version": "1.0.0",
    "event_type": "agent_order",
    "source": "synthetic_agent",
    "symbol": "BTCUSDT",
    "exchange": "binance_usdm",
    "timestamp": "2024-05-01T00:00:00.560000Z",
    "sequence": 7,
    "scenario_id": "scenario-305-momentum_ignition",
    "agent_id": "agent-momentum_ignition",
    "order_id": "scenario-305-momentum_ignition-agent-momentum_ignition-7",
    "action": "new",
    "side": "buy",
    "price": 65379.4477,
    "quantity": 0.08,
    "remaining_quantity": 0.08
  },
  {
    "event_id": "d973271a51cfbf1301f52b690e575443d323ce982a310ed2a806fd2c2a504781",
    "schema_version": "1.0.0",
    "event_type": "agent_order",
    "source": "synthetic_agent",
    "symbol": "BTCUSDT",
    "exchange": "binance_usdm",
    "timestamp": "2024-05-01T00:00:00.640000Z",
    "sequence": 8,
    "scenario_id": "scenario-305-momentum_ignition",
    "agent_id": "agent-momentum_ignition",
    "order_id": "scenario-305-momentum_ignition-agent-momentum_ignition-8",
    "action": "new",
    "side": "buy",
    "price": 65380.75379999999,
    "quantity": 0.08,
    "remaining_quantity": 0.08
  },
  {
    "event_id": "cf8b11aa2441b9b7c97d6e31c3137c56f5688b91e3f7a73d54097d0ea48d1e58",
    "schema_version": "1.0.0",
    "event_type": "agent_order",
    "source": "synthetic_agent",
    "symbol": "BTCUSDT",
    "exchange": "binance_usdm",
    "timestamp": "2024-05-01T00:00:00.720000Z",
    "sequence": 9,
    "scenario_id": "scenario-305-momentum_ignition",
    "agent_id": "agent-momentum_ignition",
    "order_id": "scenario-305-momentum_ignition-agent-momentum_ignition-9",
    "action": "new",
    "side": "buy",
    "price": 65382.0599,
    "quantity": 0.08,
    "remaining_quantity": 0.08
  },
  {
    "event_id": "9fdc860e948512cbf9f9e2a3167da3b7b73f8b879a37d1dc5bff58021b53631c",
    "schema_version": "1.0.0",
    "event_type": "agent_order",
    "source": "synthetic_agent",
    "symbol": "BTCUSDT",
    "exchange": "binance_usdm",
    "timestamp": "2024-05-01T00:00:00.800000Z",
    "sequence": 10,
    "scenario_id": "scenario-305-momentum_ignition",
    "agent_id": "agent-momentum_ignition",
    "order_id": "scenario-305-momentum_ignition-agent-momentum_ignition-10",
    "action": "new",
    "side": "buy",
    "price": 65383.365999999995,
    "quantity": 0.08,
    "remaining_quantity": 0.08
  },
  {
    "event_id": "218eb37c944741b8564a428afb78c4c14661e73ec994a247fe4f95e45ccf3d46",
    "schema_version": "1.0.0",
    "event_type": "agent_order",
    "source": "synthetic_agent",
    "symbol": "BTCUSDT",
    "exchange": "binance_usdm",
    "timestamp": "2024-05-01T00:00:00.880000Z",
    "sequence": 11,
    "scenario_id": "scenario-305-momentum_ignition",
    "agent_id": "agent-momentum_ignition",
    "order_id": "scenario-305-momentum_ignition-agent-momentum_ignition-11",
    "action": "new",
    "side": "buy",
    "price": 65384.6721,
    "quantity": 0.08,
    "remaining_quantity": 0.08
  },
  {
    "event_id": "f8194211cb1bbb2eb92fd715477b3b3ecaefcc07c1e2dcd22a1d2a102d25fd87",
    "schema_version": "1.0.0",
    "event_type": "agent_order",
    "source": "synthetic_agent",
    "symbol": "BTCUSDT",
    "exchange": "binance_usdm",
    "timestamp": "2024-05-01T00:00:00.960000Z",
    "sequence": 12,
    "scenario_id": "scenario-305-momentum_ignition",
    "agent_id": "agent-momentum_ignition",
    "order_id": "scenario-305-momentum_ignition-agent-momentum_ignition-12",
    "action": "new",
    "side": "buy",
    "price": 65385.97819999999,
    "quantity": 0.08,
    "remaining_quantity": 0.08
  },
  {
    "event_id": "77fe5f4348b00794745a6feb92a392ae03494342fb01a4f198cedda3e151223f",
    "schema_version": "1.0.0",
    "event_type": "agent_order",
    "source": "synthetic_agent",
    "symbol": "BTCUSDT",
    "exchange": "binance_usdm",
    "timestamp": "2024-05-01T00:00:01.040000Z",
    "sequence": 13,
    "scenario_id": "scenario-305-momentum_ignition",
    "agent_id": "agent-momentum_ignition",
    "order_id": "scenario-305-momentum_ignition-agent-momentum_ignition-13",
    "action": "new",
    "side": "buy",
    "price": 65387.284299999985,
    "quantity": 0.08,
    "remaining_quantity": 0.08
  },
  {
    "event_id": "8255dbe4814aa9e4a733170b2c6def228def82342afacf00600495310a8111b6",
    "schema_version": "1.0.0",
    "event_type": "agent_order",
    "source": "synthetic_agent",
    "symbol": "BTCUSDT",
    "exchange": "binance_usdm",
    "timestamp": "2024-05-01T00:00:01.120000Z",
    "sequence": 14,
    "scenario_id": "scenario-305-momentum_ignition",
    "agent_id": "agent-momentum_ignition",
    "order_id": "scenario-305-momentum_ignition-agent-momentum_ignition-14",
    "action": "new",
    "side": "buy",
    "price": 65388.590399999994,
    "quantity": 0.08,
    "remaining_quantity": 0.08
  },
  {
    "event_id": "2c43ed7a48701d4f7e31e3ee445a2f35ca3c0b076794a0bd87bff615a8e82a43",
    "schema_version": "1.0.0",
    "event_type": "agent_order",
    "source": "synthetic_agent",
    "symbol": "BTCUSDT",
    "exchange": "binance_usdm",
    "timestamp": "2024-05-01T00:00:01.200000Z",
    "sequence": 15,
    "scenario_id": "scenario-305-momentum_ignition",
    "agent_id": "agent-momentum_ignition",
    "order_id": "scenario-305-momentum_ignition-agent-momentum_ignition-15",
    "action": "new",
    "side": "buy",
    "price": 65389.89649999999,
    "quantity": 0.08,
    "remaining_quantity": 0.08
  },
  {
    "event_id": "45f52cc575045fe406e23dae677b7d60a0927d2aafd921adf3908b213f9918fb",
    "schema_version": "1.0.0",
    "event_type": "agent_order",
    "source": "synthetic_agent",
    "symbol": "BTCUSDT",
    "exchange": "binance_usdm",
    "timestamp": "2024-05-01T00:00:01.280000Z",
    "sequence": 16,
    "scenario_id": "scenario-305-momentum_ignition",
    "agent_id": "agent-momentum_ignition",
    "order_id": "scenario-305-momentum_ignition-agent-momentum_ignition-16",
    "action": "new",
    "side": "buy",
    "price": 65391.2026,
    "quantity": 0.08,
    "remaining_quantity": 0.08
  },
  {
    "event_id": "a76e4832b5e5177e4014006a4a12b2fc07344ee3da28f2b329941157dd3e71b6",
    "schema_version": "1.0.0",
    "event_type": "agent_order",
    "source": "synthetic_agent",
    "symbol": "BTCUSDT",
    "exchange": "binance_usdm",
    "timestamp": "2024-05-01T00:00:01.360000Z",
    "sequence": 17,
    "scenario_id": "scenario-305-momentum_ignition",
    "agent_id": "agent-momentum_ignition",
    "order_id": "scenario-305-momentum_ignition-agent-momentum_ignition-17",
    "action": "new",
    "side": "buy",
    "price": 65392.50869999999,
    "quantity": 0.08,
    "remaining_quantity": 0.08
  },
  {
    "event_id": "fa85a8db220bff6a196b5a4affb5eb4faa499a1f144edca3b5fcf65880ae2cbd",
    "schema_version": "1.0.0",
    "event_type": "agent_order",
    "source": "synthetic_agent",
    "symbol": "BTCUSDT",
    "exchange": "binance_usdm",
    "timestamp": "2024-05-01T00:00:01.440000Z",
    "sequence": 18,
    "scenario_id": "scenario-305-momentum_ignition",
    "agent_id": "agent-momentum_ignition",
    "order_id": "scenario-305-momentum_ignition-agent-momentum_ignition-18",
    "action": "new",
    "side": "buy",
    "price": 65393.814799999986,
    "quantity": 0.08,
    "remaining_quantity": 0.08
  },
  {
    "event_id": "50798a10e6da55ae70147105572e639cc586a7c3c0bd6cabdfddf364c26a196d",
    "schema_version": "1.0.0",
    "event_type": "agent_order",
    "source": "synthetic_agent",
    "symbol": "BTCUSDT",
    "exchange": "binance_usdm",
    "timestamp": "2024-05-01T00:00:01.520000Z",
    "sequence": 19,
    "scenario_id": "scenario-305-momentum_ignition",
    "agent_id": "agent-momentum_ignition",
    "order_id": "scenario-305-momentum_ignition-agent-momentum_ignition-19",
    "action": "new",
    "side": "buy",
    "price": 65395.120899999994,
    "quantity": 0.08,
    "remaining_quantity": 0.08
  },
  {
    "event_id": "f893f132df4e88452626fe1e7492a2fca288ed4e2d21306cd8a469cac6ca0490",
    "schema_version": "1.0.0",
    "event_type": "agent_order",
    "source": "synthetic_agent",
    "symbol": "BTCUSDT",
    "exchange": "binance_usdm",
    "timestamp": "2024-05-01T00:00:01.600000Z",
    "sequence": 20,
    "scenario_id": "scenario-305-momentum_ignition",
    "agent_id": "agent-momentum_ignition",
    "order_id": "scenario-305-momentum_ignition-agent-momentum_ignition-20",
    "action": "new",
    "side": "buy",
    "price": 65396.42699999999,
    "quantity": 0.08,
    "remaining_quantity": 0.08
  },
  {
    "event_id": "73cbad32a86d13f71d556280352babe85e019b57752796226553312e83c62a61",
    "schema_version": "1.0.0",
    "event_type": "agent_order",
    "source": "synthetic_agent",
    "symbol": "BTCUSDT",
    "exchange": "binance_usdm",
    "timestamp": "2024-05-01T00:00:01.680000Z",
    "sequence": 21,
    "scenario_id": "scenario-305-momentum_ignition",
    "agent_id": "agent-momentum_ignition",
    "order_id": "scenario-305-momentum_ignition-agent-momentum_ignition-21",
    "action": "new",
    "side": "buy",
    "price": 65397.7331,
    "quantity": 0.08,
    "remaining_quantity": 0.08
  },
  {
    "event_id": "9431268358d82661dce427556143e3ea7501a9067f94989690ad4f8fe4029af1",
    "schema_version": "1.0.0",
    "event_type": "agent_order",
    "source": "synthetic_agent",
    "symbol": "BTCUSDT",
    "exchange": "binance_usdm",
    "timestamp": "2024-05-01T00:00:01.760000Z",
    "sequence": 22,
    "scenario_id": "scenario-305-momentum_ignition",
    "agent_id": "agent-momentum_ignition",
    "order_id": "scenario-305-momentum_ignition-agent-momentum_ignition-22",
    "action": "new",
    "side": "buy",
    "price": 65399.03919999999,
    "quantity": 0.08,
    "remaining_quantity": 0.08
  },
  {
    "event_id": "1fa90d09b6c5442e21d5f97ea28356aa8af3fafce71359e6e8b12a998e7ef276",
    "schema_version": "1.0.0",
    "event_type": "agent_order",
    "source": "synthetic_agent",
    "symbol": "BTCUSDT",
    "exchange": "binance_usdm",
    "timestamp": "2024-05-01T00:00:01.840000Z",
    "sequence": 23,
    "scenario_id": "scenario-305-momentum_ignition",
    "agent_id": "agent-momentum_ignition",
    "order_id": "scenario-305-momentum_ignition-agent-momentum_ignition-23",
    "action": "new",
    "side": "buy",
    "price": 65400.345299999986,
    "quantity": 0.08,
    "remaining_quantity": 0.08
  },
  {
    "event_id": "dc125e51a4794321308c9c5dcaa18dfcf796df9e7bf149a648a11f5e58411914",
    "schema_version": "1.0.0",
    "event_type": "agent_order",
    "source": "synthetic_agent",
    "symbol": "BTCUSDT",
    "exchange": "binance_usdm",
    "timestamp": "2024-05-01T00:00:01.920000Z",
    "sequence": 24,
    "scenario_id": "scenario-305-momentum_ignition",
    "agent_id": "agent-momentum_ignition",
    "order_id": "scenario-305-momentum_ignition-agent-momentum_ignition-24",
    "action": "new",
    "side": "buy",
    "price": 65401.651399999995,
    "quantity": 0.08,
    "remaining_quantity": 0.08
  },
  {
    "event_id": "b2ed824205b0b4ad7af6085868a3bcd7c37ebdb9879d09bad334af7c2dd56687",
    "schema_version": "1.0.0",
    "event_type": "agent_order",
    "source": "synthetic_agent",
    "symbol": "BTCUSDT",
    "exchange": "binance_usdm",
    "timestamp": "2024-05-01T00:00:02Z",
    "sequence": 25,
    "scenario_id": "scenario-305-momentum_ignition",
    "agent_id": "agent-momentum_ignition",
    "order_id": "scenario-305-momentum_ignition-agent-momentum_ignition-25",
    "action": "new",
    "side": "buy",
    "price": 65402.95749999999,
    "quantity": 0.08,
    "remaining_quantity": 0.08
  },
  {
    "event_id": "7c92f97c8fddfdb36895c776ca9f9e0b07cf6fdfafab638389b57da66b4c76cd",
    "schema_version": "1.0.0",
    "event_type": "agent_order",
    "source": "synthetic_agent",
    "symbol": "BTCUSDT",
    "exchange": "binance_usdm",
    "timestamp": "2024-05-01T00:00:02.080000Z",
    "sequence": 26,
    "scenario_id": "scenario-305-momentum_ignition",
    "agent_id": "agent-momentum_ignition",
    "order_id": "scenario-305-momentum_ignition-agent-momentum_ignition-26",
    "action": "new",
    "side": "buy",
    "price": 65404.2636,
    "quantity": 0.08,
    "remaining_quantity": 0.08
  },
  {
    "event_id": "266ee17aaa5c8ef6ea39fb764de2f569df723b195e7f91e2122f26c8b4a7b38b",
    "schema_version": "1.0.0",
    "event_type": "agent_order",
    "source": "synthetic_agent",
    "symbol": "BTCUSDT",
    "exchange": "binance_usdm",
    "timestamp": "2024-05-01T00:00:02.160000Z",
    "sequence": 27,
    "scenario_id": "scenario-305-momentum_ignition",
    "agent_id": "agent-momentum_ignition",
    "order_id": "scenario-305-momentum_ignition-agent-momentum_ignition-27",
    "action": "new",
    "side": "buy",
    "price": 65405.56969999999,
    "quantity": 0.08,
    "remaining_quantity": 0.08
  },
  {
    "event_id": "733cfada117e458173a55aa4074da84195e3e0f7dcf01bdc975607d64e8cfd04",
    "schema_version": "1.0.0",
    "event_type": "agent_order",
    "source": "synthetic_agent",
    "symbol": "BTCUSDT",
    "exchange": "binance_usdm",
    "timestamp": "2024-05-01T00:00:02.240000Z",
    "sequence": 28,
    "scenario_id": "scenario-305-momentum_ignition",
    "agent_id": "agent-momentum_ignition",
    "order_id": "scenario-305-momentum_ignition-agent-momentum_ignition-28",
    "action": "new",
    "side": "buy",
    "price": 65406.87579999999,
    "quantity": 0.08,
    "remaining_quantity": 0.08
  },
  {
    "event_id": "abe991d1d466e1036a4ed143532f02fc88e9fa8c8a5fdefb52be87dcad888de2",
    "schema_version": "1.0.0",
    "event_type": "agent_order",
    "source": "synthetic_agent",
    "symbol": "BTCUSDT",
    "exchange": "binance_usdm",
    "timestamp": "2024-05-01T00:00:02.320000Z",
    "sequence": 29,
    "scenario_id": "scenario-305-momentum_ignition",
    "agent_id": "agent-momentum_ignition",
    "order_id": "scenario-305-momentum_ignition-agent-momentum_ignition-29",
    "action": "new",
    "side": "buy",
    "price": 65408.181899999996,
    "quantity": 0.08,
    "remaining_quantity": 0.08
  }
]