[
  {
    "event_id": "ad9343c003c6629222d0977a3a01269ee921cc5f0acc52f6daab03cbeab63723",
    "schema_version": "1.0.0",
    "event_type": "agent_order",
    "source": "synthetic_agent",
    "symbol": "BTCUSDT",
    "exchange": "binance_usdm",
    "timestamp": "2024-05-01T00:00:00Z",
    "sequence": 0,
    "scenario_id": "scenario-017-momentum_ignition",
    "agent_id": "agent-momentum_ignition",
    "order_id": "scenario-017-momentum_ignition-agent-momentum_ignition-0",
    "action": "new",
    "side": "buy",
    "price": 65082.01699999999,
    "quantity": 0.08,
    "remaining_quantity": 0.08
  },
  {
    "event_id": "b8b0abf53c348f5d326a91107b2b8c72db7611a6fd98f309cda450a2ec779be9",
    "schema_version": "1.0.0",
    "event_type": "agent_order",
    "source": "synthetic_agent",
    "symbol": "BTCUSDT",
    "exchange": "binance_usdm",
    "timestamp": "2024-05-01T00:00:00.080000Z",
    "sequence": 1,
    "scenario_id": "scenario-017-momentum_ignition",
    "agent_id": "agent-momentum_ignition",
    "order_id": "scenario-017-momentum_ignition-agent-momentum_ignition-1",
    "action": "new",
    "side": "buy",
    "price": 65083.31733999999,
    "quantity": 0.08,
    "remaining_quantity": 0.08
  },
  {
    "event_id": "0940abf365b48a51f97a758317965af5ab62d693c3aedbc248d0f8a3a345a4c7",
    "schema_version": "1.0.0",
    "event_type": "agent_order",
    "source": "synthetic_agent",
    "symbol": "BTCUSDT",
    "exchange": "binance_usdm",
    "timestamp": "2024-05-01T00:00:00.160000Z",
    "sequence": 2,
    "scenario_id": "scenario-017-momentum_ignition",
    "agent_id": "agent-momentum_ignition",
    "order_id": "scenario-017-momentum_ignition-agent-momentum_ignition-2",
    "action": "new",
    "side": "buy",
    "price": 65084.617679999996,
    "quantity": 0.08,
    "remaining_quantity": 0.08
  },
  {
    "event_id": "e7030a3998031650999941b48ba5da3231d1b4211c8052472b0b2fdf487ad832",
    "schema_version": "1.0.0",
    "event_type": "agent_order",
    "source": "synthetic_agent",
    "symbol": "BTCUSDT",
    "exchange": "binance_usdm",
    "timestamp": "2024-05-01T00:00:00.240000Z",
    "sequence": 3,
    "scenario_id": "scenario-017-momentum_ignition",
    "agent_id": "agent-momentum_ignition",
    "order_id": "scenario-017-momentum_ignition-agent-momentum_ignition-3",
    "action": "new",
    "side": "buy",
    "price": 65085.91801999999,
    "quantity": 0.08,
    "remaining_quantity": 0.08
  },
  {
    "event_id": "e8c6d9904144f485dab2fd6b28c304a3763884efa6bc34d49c793d73d2ff25fa",
    "schema_version": "1.0.0",
    "event_type": "agent_order",
    "source": "synthetic_agent",
    "symbol": "BTCUSDT",
    "exchange": "binance_usdm",
    "timestamp": "2024-05-01T00:00:00.320000Z",
    "sequence": 4,
    "scenario_id": "scenario-017-momentum_ignition",
    "agent_id": "agent-momentum_ignition",
    "order_id": "scenario-017-momentum_ignition-agent-momentum_ignition-4",
    "action": "new",
    "side": "buy",
    "price": 65087.21836,
    "quantity": 0.08,
    "remaining_quantity": 0.08
  },
  {
    "event_id": "3b1fe796be09cb384791df04292ce5f0e3c4ce71a6a3f7fa919a2b6f0ec08cab",
    "schema_version": "1.0.0",
    "event_type": "agent_order",
    "source": "synthetic_agent",
    "symbol": "BTCUSDT",
    "exchange": "binance_usdm",
    "timestamp": "2024-05-01T00:00:00.400000Z",
    "sequence": 5,
    "scenario_id": "scenario-017-momentum_ignition",
    "agent_id": "agent-momentum_ignition",
    "order_id": "scenario-017-momentum_ignition-agent-momentum_ignition-5",
    "action": "new",
    "side": "buy",
    "price": 65088.51869999999,
    "quantity": 0.08,
    "remaining_quantity": 0.08
  },
  {
    "event_id": "5bc961c9ecf2d2df43947a8a56b1b287a168215db64ed3494372d27180615523",
    "schema_version": "1.0.0",
    "event_type": "agent_order",
    "source": "synthetic_agent",
    "symbol": "BTCUSDT",
    "exchange": "binance_usdm",
    "timestamp": "2024-05-01T00:00:00.480000Z",
    "sequence": 6,
    "scenario_id": "scenario-017-momentum_ignition",
    "agent_id": "agent-momentum_ignition",
    "order_id": "scenario-017-momentum_ignition-agent-momentum_ignition-6",
    "action": "new",
    "side": "buy",
    "price": 65089.81903999999,
    "quantity": 0.08,
    "remaining_quantity": 0.08
  },
  {
    "event_id": "8e4c57ed638a7edcac3d01052feb4864ae2107335181c462b772c1ddcf1cb8f1",
    "schema_version": "1.0.0",
    "event_type": "agent_order",
    "source": "synthetic_agent",
    "symbol": "BTCUSDT",
    "exchange": "binance_usdm",
    "timestamp": "2024-05-01T00:00:00.560000Z",
    "sequence": 7,
    "scenario_id": "scenario-017-momentum_ignition",
    "agent_id": "agent-momentum_ignition",
    "order_id": "scenario-017-momentum_ignition-agent-momentum_ignition-7",
    "action": "new",
    "side": "buy",
    "price": 65091.11938,
    "quantity": 0.08,
    "remaining_quantity": 0.08
  },
  {
    "event_id": "337f67a370aa28e90aff011e29ba36cfe94271ef3a010fbae01913ab73189fd4",
    "schema_version": "1.0.0",
    "event_type": "agent_order",
    "source": "synthetic_agent",
    "symbol": "BTCUSDT",
    "exchange": "binance_usdm",
    "timestamp": "2024-05-01T00:00:00.640000Z",
    "sequence": 8,
    "scenario_id": "scenario-017-momentum_ignition",
    "agent_id": "agent-momentum_ignition",
    "order_id": "scenario-017-momentum_ignition-agent-momentum_ignition-8",
    "action": "new",
    "side": "buy",
    "price": 65092.41971999999,
    "quantity": 0.08,
    "remaining_quantity": 0.08
  },
  {
    "event_id": "6557214d1d082b91c3fff284ef6ec6020ea2620cb5851237e27c5526f94e3899",
    "schema_version": "1.0.0",
    "event_type": "agent_order",
    "source": "synthetic_agent",
    "symbol": "BTCUSDT",
    "exchange": "binance_usdm",
    "timestamp": "2024-05-01T00:00:00.720000Z",
    "sequence": 9,
    "scenario_id": "scenario-017-momentum_ignition",
    "agent_id": "agent-momentum_ignition",
    "order_id": "scenario-017-momentum_ignition-agent-momentum_ignition-9",
    "action": "new",
    "side": "buy",
    "price": 65093.72006,
    "quantity": 0.08,
    "remaining_quantity": 0.08
  },
  {
    "event_id": "bf53aef22b439ead6e609885f8f32752a1d9ab2323d210f528d547378edfffff",
    "schema_version": "1.0.0",
    "event_type": "agent_order",
    "source": "synthetic_agent",
    "symbol": "BTCUSDT",
    "exchange": "binance_usdm",
    "timestamp": "2024-05-01T00:00:00.800000Z",
    "sequence": 10,
    "scenario_id": "scenario-017-momentum_ignition",
    "agent_id": "agent-momentum_ignition",
    "order_id": "scenario-017-momentum_ignition-agent-momentum_ignition-10",
    "action": "new",
    "side": "buy",
    "price": 65095.020399999994,
    "quantity": 0.08,
    "remaining_quantity": 0.08
  },
  {
    "event_id": "91adf65c5d0ba1e13b1226bf674fbdd711536f72d6ed7e236fdf14288f15740e",
    "schema_version": "1.0.0",
    "event_type": "agent_order",
    "source": "synthetic_agent",
    "symbol": "BTCUSDT",
    "exchange": "binance_usdm",
    "timestamp": "2024-05-01T00:00:00.880000Z",
    "sequence": 11,
    "scenario_id": "scenario-017-momentum_ignition",
    "agent_id": "agent-momentum_ignition",
    "order_id": "scenario-017-momentum_ignition-agent-momentum_ignition-11",
    "action": "new",
    "side": "buy",
    "price": 65096.32074,
    "quantity": 0.08,
    "remaining_quantity": 0.08
  },
  {
    "event_id": "a4d1c8c29261ade84baf92ee7fca121da3c30ea87ba3bbd7ed651aa0395c685e",
    "schema_version": "1.0.0",
    "event_type": "agent_order",
    "source": "synthetic_agent",
    "symbol": "BTCUSDT",
    "exchange": "binance_usdm",
    "timestamp": "2024-05-01T00:00:00.960000Z",
    "sequence": 12,
    "scenario_id": "scenario-017-momentum_ignition",
    "agent_id": "agent-momentum_ignition",
    "order_id": "scenario-017-momentum_ignition-agent-momentum_ignition-12",
    "action": "new",
    "side": "buy",
    "price": 65097.62108,
    "quantity": 0.08,
    "remaining_quantity": 0.08
  },
  {
    "event_id": "34954be53822b30cd147fa472d488a5ff0a4f9a37b28e2d857856d2ff8459aaf",
    "schema_version": "1.0.0",
    "event_type": "agent_order",
    "source": "synthetic_agent",
    "symbol": "BTCUSDT",
    "exchange": "binance_usdm",
    "timestamp": "2024-05-01T00:00:01.040000Z",
    "sequence": 13,
    "scenario_id": "scenario-017-momentum_ignition",
    "agent_id": "agent-momentum_ignition",
    "order_id": "scenario-017-momentum_ignition-agent-momentum_ignition-13",
    "action": "new",
    "side": "buy",
    "price": 65098.92141999999,
    "quantity": 0.08,
    "remaining_quantity": 0.08
  },
  {
    "event_id": "e23f9f8feac0a0cfd48c3772b1d18478441c252293aa5303f26cc472f8d07cd4",
    "schema_version": "1.0.0",
    "event_type": "agent_order",
    "source": "synthetic_agent",
    "symbol": "BTCUSDT",
    "exchange": "binance_usdm",
    "timestamp": "2024-05-01T00:00:01.120000Z",
    "sequence": 14,
    "scenario_id": "scenario-017-momentum_ignition",
    "agent_id": "agent-momentum_ignition",
    "order_id": "scenario-017-momentum_ignition-agent-momentum_ignition-14",
    "action": "new",
    "side": "buy",
    "price": 65100.22175999999,
    "quantity": 0.08,
    "remaining_quantity": 0.08
  },
  {
    "event_id": "e0070760ac20d01dacd19dbcdf61e11e679ffe6ed922dee857f0813e66fc54d1",
    "schema_version": "1.0.0",
    "event_type": "agent_order",
    "source": "synthetic_agent",
    "symbol": "BTCUSDT",
    "exchange": "binance_usdm",
    "timestamp": "2024-05-01T00:00:01.200000Z",
    "sequence": 15,
    "scenario_id": "scenario-017-momentum_ignition",
    "agent_id": "agent-momentum_ignition",
    "order_id": "scenario-017-momentum_ignition-agent-momentum_ignition-15",
    "action": "new",
    "side": "buy",
    "price": 65101.52209999999,
    "quantity": 0.08,
    "remaining_quantity": 0.08
  },
  {
    "event_id": "49118ec9403f50ee2a3448281b5425b3e3f3afbe5bf07b3870867539a9b3e123",
    "schema_version": "1.0.0",
    "event_type": "agent_order",
    "source": "synthetic_agent",
    "symbol": "BTCUSDT",
    "exchange": "binance_usdm",
    "timestamp": "2024-05-01T00:00:01.280000Z",
    "sequence": 16,
    "scenario_id": "scenario-017-momentum_ignition",
    "agent_id": "agent-momentum_ignition",
    "order_id": "scenario-017-momentum_ignition-agent-momentum_ignition-16",
    "action": "new",
    "side": "buy",
    "price": 65102.822439999996,
    "quantity": 0.08,
    "remaining_quantity": 0.08
  },
  {
    "event_id": "5cefafd8538450c064e7b898a4693fa2b2e7f11f9428644b5d7a0e2a28c19dab",
    "schema_version": "1.0.0",
    "event_type": "agent_order",
    "source": "synthetic_agent",
    "symbol": "BTCUSDT",
    "exchange": "binance_usdm",
    "timestamp": "2024-05-01T00:00:01.360000Z",
    "sequence": 17,
    "scenario_id": "scenario-017-momentum_ignition",
    "agent_id": "agent-momentum_ignition",
    "order_id": "scenario-017-momentum_ignition-agent-momentum_ignition-17",
    "action": "new",
    "side": "buy",
    "price": 65104.12277999999,
    "quantity": 0.08,
    "remaining_quantity": 0.08
  },
  {
    "event_id": "7923e624662c073026042a2179f05188158a9133ef8b85d11f25483dcf84c4fc",
    "schema_version": "1.0.0",
    "event_type": "agent_order",
    "source": "synthetic_agent",
    "symbol": "BTCUSDT",
    "exchange": "binance_usdm",
    "timestamp": "2024-05-01T00:00:01.440000Z",
    "sequence": 18,
    "scenario_id": "scenario-017-momentum_ignition",
    "agent_id": "agent-momentum_ignition",
    "order_id": "scenario-017-momentum_ignition-agent-momentum_ignition-18",
    "action": "new",
    "side": "buy",
    "price": 65105.423119999985,
    "quantity": 0.08,
    "remaining_quantity": 0.08
  },
  {
    "event_id": "5dc1f030c64c85283ed6d3b573052ca6557945b00fe8336328c2e5396f293bc5",
    "schema_version": "1.0.0",
    "event_type": "agent_order",
    "source": "synthetic_agent",
    "symbol": "BTCUSDT",
    "exchange": "binance_usdm",
    "timestamp": "2024-05-01T00:00:01.520000Z",
    "sequence": 19,
    "scenario_id": "scenario-017-momentum_ignition",
    "agent_id": "agent-momentum_ignition",
    "order_id": "scenario-017-momentum_ignition-agent-momentum_ignition-19",
    "action": "new",
    "side": "buy",
    "price": 65106.723459999994,
    "quantity": 0.08,
    "remaining_quantity": 0.08
  },
  {
    "event_id": "7de48df068abcc0b5629181d8c588a87706ac5081cdd50ce13718ed99347d02e",
    "schema_version": "1.0.0",
    "event_type": "agent_order",
    "source": "synthetic_agent",
    "symbol": "BTCUSDT",
    "exchange": "binance_usdm",
    "timestamp": "2024-05-01T00:00:01.600000Z",
    "sequence": 20,
    "scenario_id": "scenario-017-momentum_ignition",
    "agent_id": "agent-momentum_ignition",
    "order_id": "scenario-017-momentum_ignition-agent-momentum_ignition-20",
    "action": "new",
    "side": "buy",
    "price": 65108.02379999999,
    "quantity": 0.08,
    "remaining_quantity": 0.08
  },
  {
    "event_id": "94d8bda2cbdbcd7d207a78c5aad904224ba63680f43bfc819ad6a618919408bb",
    "schema_version": "1.0.0",
    "event_type": "agent_order",
    "source": "synthetic_agent",
    "symbol": "BTCUSDT",
    "exchange": "binance_usdm",
    "timestamp": "2024-05-01T00:00:01.680000Z",
    "sequence": 21,
    "scenario_id": "scenario-017-momentum_ignition",
    "agent_id": "agent-momentum_ignition",
    "order_id": "scenario-017-momentum_ignition-agent-momentum_ignition-21",
    "action": "new",
    "side": "buy",
    "price": 65109.32414,
    "quantity": 0.08,
    "remaining_quantity": 0.08
  },
  {
    "event_id": "b41ad63e720c414b2bb65998a12e9f935d88bb383b527389f7b451d3b5716a1f",
    "schema_version": "1.0.0",
    "event_type": "agent_order",
    "source": "synthetic_agent",
    "symbol": "BTCUSDT",
    "exchange": "binance_usdm",
    "timestamp": "2024-05-01T00:00:01.760000Z",
    "sequence": 22,
    "scenario_id": "scenario-017-momentum_ignition",
    "agent_id": "agent-momentum_ignition",
    "order_id": "scenario-017-momentum_ignition-agent-momentum_ignition-22",
    "action": "new",
    "side": "buy",
    "price": 65110.62447999999,
    "quantity": 0.08,
    "remaining_quantity": 0.08
  },
  {
    "event_id": "915813ebd2ab02dd15b445e70f9bcfa45fd5da47538d110097a2ee602c02169f",
    "schema_version": "1.0.0",
    "event_type": "agent_order",
    "source": "synthetic_agent",
    "symbol": "BTCUSDT",
    "exchange": "binance_usdm",
    "timestamp": "2024-05-01T00:00:01.840000Z",
    "sequence": 23,
    "scenario_id": "scenario-017-momentum_ignition",
    "agent_id": "agent-momentum_ignition",
    "order_id": "scenario-017-momentum_ignition-agent-momentum_ignition-23",
    "action": "new",
    "side": "buy",
    "price": 65111.924819999986,
    "quantity": 0.08,
    "remaining_quantity": 0.08
  },
  {
    "event_id": "c8c437a6c4c1f2120172f66485fa7474b518a26776c6a389d39ab1aa690a7084",
    "schema_version": "1.0.0",
    "event_type": "agent_order",
    "source": "synthetic_agent",
    "symbol": "BTCUSDT",
    "exchange": "binance_usdm",
    "timestamp": "2024-05-01T00:00:01.920000Z",
    "sequence": 24,
    "scenario_id": "scenario-017-momentum_ignition",
    "agent_id": "agent-momentum_ignition",
    "order_id": "scenario-017-momentum_ignition-agent-momentum_ignition-24",
    "action": "new",
    "side": "buy",
    "price": 65113.225159999995,
    "quantity": 0.08,
    "remaining_quantity": 0.08
  },
  {
    "event_id": "badf519dc139f8c9842eb0c008fde6bfd6a34cd754b3ebef16cca75a67e5306f",
    "schema_version": "1.0.0",
    "event_type": "agent_order",
    "source": "synthetic_agent",
    "symbol": "BTCUSDT",
    "exchange": "binance_usdm",
    "timestamp": "2024-05-01T00:00:02Z",
    "sequence": 25,
    "scenario_id": "scenario-017-momentum_ignition",
    "agent_id": "agent-momentum_ignition",
    "order_id": "scenario-017-momentum_ignition-agent-momentum_ignition-25",
    "action": "new",
    "side": "buy",
    "price": 65114.52549999999,
    "quantity": 0.08,
    "remaining_quantity": 0.08
  },
  {
    "event_id": "342d65485282055f66fb7a1abeaad7a476c60e28b4af859fb0ad6a9a7d2076ca",
    "schema_version": "1.0.0",
    "event_type": "agent_order",
    "source": "synthetic_agent",
    "symbol": "BTCUSDT",
    "exchange": "binance_usdm",
    "timestamp": "2024-05-01T00:00:02.080000Z",
    "sequence": 26,
    "scenario_id": "scenario-017-momentum_ignition",
    "agent_id": "agent-momentum_ignition",
    "order_id": "scenario-017-momentum_ignition-agent-momentum_ignition-26",
    "action": "new",
    "side": "buy",
    "price": 65115.82584,
    "quantity": 0.08,
    "remaining_quantity": 0.08
  },
  {
    "event_id": "a13df72676ce07db1a3436dce41db8aec7dfbea4c2581d0a4999cd389abd8894",
    "schema_version": "1.0.0",
    "event_type": "agent_order",
    "source": "synthetic_agent",
    "symbol": "BTCUSDT",
    "exchange": "binance_usdm",
    "timestamp": "2024-05-01T00:00:02.160000Z",
    "sequence": 27,
    "scenario_id": "scenario-017-momentum_ignition",
    "agent_id": "agent-momentum_ignition",
    "order_id": "scenario-017-momentum_ignition-agent-momentum_ignition-27",
    "action": "new",
    "side": "buy",
    "price": 65117.12617999999,
    "quantity": 0.08,
    "remaining_quantity": 0.08
  },
  {
    "event_id": "311efea7d69960252c81da246f6a205f4f47902308de587946e46885c6a2d848",
    "schema_version": "1.0.0",
    "event_type": "agent_order",
    "source": "synthetic_agent",
    "symbol": "BTCUSDT",
    "exchange": "binance_usdm",
    "timestamp": "2024-05-01T00:00:02.240000Z",
    "sequence": 28,
    "scenario_id": "scenario-017-momentum_ignition",
    "agent_id": "agent-momentum_ignition",
    "order_id": "scenario-017-momentum_ignition-agent-momentum_ignition-28",
    "action": "new",
    "side": "buy",
    "price": 65118.426519999986,
    "quantity": 0.08,
    "remaining_quantity": 0.08
  },
  {
    "event_id": "91da2da290dbffd102acc7dbb5fbff5fe58022a8491d93e45848c064fd958970",
    "schema_version": "1.0.0",
    "event_type": "agent_order",
    "source": "synthetic_agent",
    "symbol": "BTCUSDT",
    "exchange": "binance_usdm",
    "timestamp": "2024-05-01T00:00:02.320000Z",
    "sequence": 29,
    "scenario_id": "scenario-017-momentum_ignition",
    "agent_id": "agent-momentum_ignition",
    "order_id": "scenario-017-momentum_ignition-agent-momentum_ignition-29",
    "action": "new",
    "side": "buy",
    "price": 65119.726859999995,
    "quantity": 0.08,
    "remaining_quantity": 0.08
  }
]