[
  {
    "event_id": "43ccb3ef71bfa9d724c431767ede4124f1a9edbbbdf89a2e95810a7a2de9cbbd",
    "schema_version": "1.0.0",
    "event_type": "agent_order",
    "source": "synthetic_agent",
    "symbol": "BTCUSDT",
    "exchange": "binance_usdm",
    "timestamp": "2024-05-01T00:00:00Z",
    "sequence": 0,
    "scenario_id": "scenario-248-latency_edge",
    "agent_id": "agent-latency_edge",
    "order_id": "scenario-248-latency_edge-agent-latency_edge-0",
    "action": "new",
    "side": "buy",
    "price": 65287.148799999995,
    "quantity": 0.006,
    "remaining_quantity": 0.006
  },
  {
    "event_id": "0dccf6dd2127e2a928fe5a378736e241049f418b72da974522001839a31c0fb9",
    "schema_version": "1.0.0",
    "event_type": "agent_order",
    "source": "synthetic_agent",
    "symbol": "BTCUSDT",
    "exchange": "binance_usdm",
    "timestamp": "2024-05-01T00:00:00.008000Z",
    "sequence": 1,
    "scenario_id": "scenario-248-latency_edge",
    "agent_id": "agent-latency_edge",
    "order_id": "scenario-248-latency_edge-agent-latency_edge-1",
    "action": "new",
    "side": "buy",
    "price": 65287.148799999995,
    "quantity": 0.006,
    "remaining_quantity": 0.006
  },
  {
    "event_id": "0819058c1bbe824160346569684fbd02a948a1424678a6d5feab94dacb1f3e2a",
    "schema_version": "1.0.0",
    "event_type": "agent_order",
    "source": "synthetic_agent",
    "symbol": "BTCUSDT",
    "exchange": "binance_usdm",
    "timestamp": "2024-05-01T00:00:00.016000Z",
    "sequence": 2,
    "scenario_id": "scenario-248-latency_edge",
    "agent_id": "agent-latency_edge",
    "order_id": "scenario-248-latency_edge-agent-latency_edge-2",
    "action": "new",
    "side": "sell",
    "price": 65208.8512,
    "quantity": 0.006,
    "remaining_quantity": 0.006
  },
  {
    "event_id": "f078993bc54155a5c6eaa9c05826eec3c4866c4c94ffaf045863b6fbef4a1e5d",
    "schema_version": "1.0.0",
    "event_type": "agent_order",
    "source": "synthetic_agent",
    "symbol": "BTCUSDT",
    "exchange": "binance_usdm",
    "timestamp": "2024-05-01T00:00:00.024000Z",
    "sequence": 3,
    "scenario_id": "scenario-248-latency_edge",
    "agent_id": "agent-latency_edge",
    "order_id": "scenario-248-latency_edge-agent-latency_edge-3",
    "action": "new",
    "side": "sell",
    "price": 65208.8512,
    "quantity": 0.006,
    "remaining_quantity": 0.006
  },
  {
    "event_id": "49edfcfb8dac62af360a1de36882c060e7a2870a448f1bdf8d8d7a86ee3db261",
    "schema_version": "1.0.0",
    "event_type": "agent_order",
    "source": "synthetic_agent",
    "symbol": "BTCUSDT",
    "exchange": "binance_usdm",
    "timestamp": "2024-05-01T00:00:00.032000Z",
    "sequence": 4,
    "scenario_id": "scenario-248-latency_edge",
    "agent_id": "agent-latency_edge",
    "order_id": "scenario-248-latency_edge-agent-latency_edge-4",
    "action": "new",
    "side": "buy",
    "price": 65287.148799999995,
    "quantity": 0.006,
    "remaining_quantity": 0.006
  },
  {
    "event_id": "1f08a3b23f985e6503f6152ca4e31c2b76f5fbe208f9d278e495e7c11c5328e2",
    "schema_version": "1.0.0",
    "event_type": "agent_order",
    "source": "synthetic_agent",
    "symbol": "BTCUSDT",
    "exchange": "binance_usdm",
    "timestamp": "2024-05-01T00:00:00.040000Z",
    "sequence": 5,
    "scenario_id": "scenario-248-latency_edge",
    "agent_id": "agent-latency_edge",
    "order_id": "scenario-248-latency_edge-agent-latency_edge-5",
    "action": "new",
    "side": "buy",
    "price": 65287.148799999995,
    "quantity": 0.006,
    "remaining_quantity": 0.006
  },
  {
    "event_id": "ae8dc138164922d7ed5eaf7f901d82de07766afc5d56dddfd0e2f17d6a6e1d13",
    "schema_version": "1.0.0",
    "event_type": "agent_order",
    "source": "synthetic_agent",
    "symbol": "BTCUSDT",
    "exchange": "binance_usdm",
    "timestamp": "2024-05-01T00:00:00.048000Z",
    "sequence": 6,
    "scenario_id": "scenario-248-latency_edge",
    "agent_id": "agent-latency_edge",
    "order_id": "scenario-248-latency_edge-agent-latency_edge-6",
    "action": "new",
    "side": "sell",
    "price": 65208.8512,
    "quantity": 0.006,
    "remaining_quantity": 0.006
  },
  {
    "event_id": "171ab1d6aee20a855a601aef9813bfca423ddfd626d4fa0b50ca046a590921bd",
    "schema_version": "1.0.0",
    "event_type": "agent_order",
    "source": "synthetic_agent",
    "symbol": "BTCUSDT",
    "exchange": "binance_usdm",
    "timestamp": "2024-05-01T00:00:00.056000Z",
    "sequence": 7,
    "scenario_id": "scenario-248-latency_edge",
    "agent_id": "agent-latency_edge",
    "order_id": "scenario-248-latency_edge-agent-latency_edge-7",
    "action": "new",
    "side": "sell",
    "price": 65208.8512,
    "quantity": 0.006,
    "remaining_quantity": 0.006
  },
  {
    "event_id": "deb7f5894b6e66e630b92e1b0a6debbb9f444b0cd9570beba98e08608828d7c0",
    "schema_version": "1.0.0",
    "event_type": "agent_order",
    "source": "synthetic_agent",
    "symbol": "BTCUSDT",
    "exchange": "binance_usdm",
    "timestamp": "2024-05-01T00:00:00.064000Z",
    "sequence": 8,
    "scenario_id": "scenario-248-latency_edge",
    "agent_id": "agent-latency_edge",
    "order_id": "scenario-248-latency_edge-agent-latency_edge-8",
    "action": "new",
    "side": "buy",
    "price": 65287.148799999995,
    "quantity": 0.006,
    "remaining_quantity": 0.006
  },
  {
    "event_id": "b71b3dc7290acf2f9f888a5366a61f35f686235eb972d68db300779d4ad9f032",
    "schema_version": "1.0.0",
    "event_type": "agent_order",
    "source": "synthetic_agent",
    "symbol": "BTCUSDT",
    "exchange": "binance_usdm",
    "timestamp": "2024-05-01T00:00:00.072000Z",
    "sequence": 9,
    "scenario_id": "scenario-248-latency_edge",
    "agent_id": "agent-latency_edge",
    "order_id": "scenario-248-latency_edge-agent-latency_edge-9",
    "action": "new",
    "side": "buy",
    "price": 65287.148799999995,
    "quantity": 0.006,
    "remaining_quantity": 0.006
  },
  {
    "event_id": "f3afd75f390d0eb49bbf1111a471a65f7eb4851c6398e5070849c79256994e96",
    "schema_version": "1.0.0",
    "event_type": "agent_order",
    "source": "synthetic_agent",
    "symbol": "BTCUSDT",
    "exchange": "binance_usdm",
    "timestamp": "2024-05-01T00:00:00.080000Z",
    "sequence": 10,
    "scenario_id": "scenario-248-latency_edge",
    "agent_id": "agent-latency_edge",
    "order_id": "scenario-248-latency_edge-agent-latency_edge-10",
    "action": "new",
    "side": "sell",
    "price": 65208.8512,
    "quantity": 0.006,
    "remaining_quantity": 0.006
  },
  {
    "event_id": "2dcdc34aa78c3b6b4dd69638262fc21e7a822c8a9ae0525199b37a8233a95115",
    "schema_version": "1.0.0",
    "event_type": "agent_order",
    "source": "synthetic_agent",
    "symbol": "BTCUSDT",
    "exchange": "binance_usdm",
    "timestamp": "2024-05-01T00:00:00.088000Z",
    "sequence": 11,
    "scenario_id": "scenario-248-latency_edge",
    "agent_id": "agent-latency_edge",
    "order_id": "scenario-248-latency_edge-agent-latency_edge-11",
    "action": "new",
    "side": "sell",
    "price": 65208.8512,
    "quantity": 0.006,
    "remaining_quantity": 0.006
  },
  {
    "event_id": "98b3434c361d9aecf531fdd2bcfe977ed749b55f4c719acb88035cfd1423c597",
    "schema_version": "1.0.0",
    "event_type": "agent_order",
    "source": "synthetic_agent",
    "symbol": "BTCUSDT",
    "exchange": "binance_usdm",
    "timestamp": "2024-05-01T00:00:00.096000Z",
    "sequence": 12,
    "scenario_id": "scenario-248-latency_edge",
    "agent_id": "agent-latency_edge",
    "order_id": "scenario-248-latency_edge-agent-latency_edge-12",
    "action": "new",
    "side": "buy",
    "price": 65287.148799999995,
    "quantity": 0.006,
    "remaining_quantity": 0.006
  },
  {
    "event_id": "d7939a9891ff453847d1ae702c1eeeb8dfdf0da5f9a6405caa7c1e374239d6ff",
    "schema_version": "1.0.0",
    "event_type": "agent_order",
    "source": "synthetic_agent",
    "symbol": "BTCUSDT",
    "exchange": "binance_usdm",
    "timestamp": "2024-05-01T00:00:00.104000Z",
    "sequence": 13,
    "scenario_id": "scenario-248-latency_edge",
    "agent_id": "agent-latency_edge",
    "order_id": "scenario-248-latency_edge-agent-latency_edge-13",
    "action": "new",
    "side": "buy",
    "price": 65287.148799999995,
    "quantity": 0.006,
    "remaining_quantity": 0.006
  },
  {
    "event_id": "990f90cfcc1a0ff651527bf658456f4dac29739ee68ba1df8c5fe5724992a11d",
    "schema_version": "1.0.0",
    "event_type": "agent_order",
    "source": "synthetic_agent",
    "symbol": "BTCUSDT",
    "exchange": "binance_usdm",
    "timestamp": "2024-05-01T00:00:00.112000Z",
    "sequence": 14,
    "scenario_id": "scenario-248-latency_edge",
    "agent_id": "agent-latency_edge",
    "order_id": "scenario-248-latency_edge-agent-latency_edge-14",
    "action": "new",
    "side": "sell",
    "price": 65208.8512,
    "quantity": 0.006,
    "remaining_quantity": 0.006
  },
  {
    "event_id": "261971c87edc95944e6404ac834036753b9212524333ac6671c2c97add9a5b34",
    "schema_version": "1.0.0",
    "event_type": "agent_order",
    "source": "synthetic_agent",
    "symbol": "BTCUSDT",
    "exchange": "binance_usdm",
    "timestamp": "2024-05-01T00:00:00.120000Z",
    "sequence": 15,
    "scenario_id": "scenario-248-latency_edge",
    "agent_id": "agent-latency_edge",
    "order_id": "scenario-248-latency_edge-agent-latency_edge-15",
    "action": "new",
    "side": "sell",
    "price": 65208.8512,
    "quantity": 0.006,
    "remaining_quantity": 0.006
  },
  {
    "event_id": "60ef6cea7f087562ef6d060e6cd4e3e146441c402e3c097fb6aebc27b9e8028b",
    "schema_version": "1.0.0",
    "event_type": "agent_order",
    "source": "synthetic_agent",
    "symbol": "BTCUSDT",
    "exchange": "binance_usdm",
    "timestamp": "2024-05-01T00:00:00.128000Z",
    "sequence": 16,
    "scenario_id": "scenario-248-latency_edge",
    "agent_id": "agent-latency_edge",
    "order_id": "scenario-248-latency_edge-agent-latency_edge-16",
    "action": "new",
    "side": "buy",
    "price": 65287.148799999995,
    "quantity": 0.006,
    "remaining_quantity": 0.006
  },
  {
    "event_id": "1e373978b935a5688cc4c1cdc48dae90907051960e14f50086b24871820064fa",
    "schema_version": "1.0.0",
    "event_type": "agent_order",
    "source": "synthetic_agent",
    "symbol": "BTCUSDT",
    "exchange": "binance_usdm",
    "timestamp": "2024-05-01T00:00:00.136000Z",
    "sequence": 17,
    "scenario_id": "scenario-248-latency_edge",
    "agent_id": "agent-latency_edge",
    "order_id": "scenario-248-latency_edge-agent-latency_edge-17",
    "action": "new",
    "side": "buy",
    "price": 65287.148799999995,
    "quantity": 0.006,
    "remaining_quantity": 0.006
  },
  {
    "event_id": "c5fe78b05085af5555769d31be9a72c0d063ea79cd1f76156edbbdbee8fc7429",
    "schema_version": "1.0.0",
    "event_type": "agent_order",
    "source": "synthetic_agent",
    "symbol": "BTCUSDT",
    "exchange": "binance_usdm",
    "timestamp": "2024-05-01T00:00:00.144000Z",
    "sequence": 18,
    "scenario_id": "scenario-248-latency_edge",
    "agent_id": "agent-latency_edge",
    "order_id": "scenario-248-latency_edge-agent-latency_edge-18",
    "action": "new",
    "side": "sell",
    "price": 65208.8512,
    "quantity": 0.006,
    "remaining_quantity": 0.006
  },
  {
    "event_id": "2f1ee0d85c86e137dd46389750440316e2cd3a0117b19fd9620a1cc84abdb9d8",
    "schema_version": "1.0.0",
    "event_type": "agent_order",
    "source": "synthetic_agent",
    "symbol": "BTCUSDT",
    "exchange": "binance_usdm",
    "timestamp": "2024-05-01T00:00:00.152000Z",
    "sequence": 19,
    "scenario_id": "scenario-248-latency_edge",
    "agent_id": "agent-latency_edge",
    "order_id": "scenario-248-latency_edge-agent-latency_edge-19",
    "action": "new",
    "side": "sell",
    "price": 65208.8512,
    "quantity": 0.006,
    "remaining_quantity": 0.006
  },
  {
    "event_id": "0da7b08e5cc453ed87fb11083fa95ee99c1f59318ed46e626bbdfe9a6f1e1b53",
    "schema_version": "1.0.0",
    "event_type": "agent_order",
    "source": "synthetic_agent",
    "symbol": "BTCUSDT",
    "exchange": "binance_usdm",
    "timestamp": "2024-05-01T00:00:00.160000Z",
    "sequence": 20,
    "scenario_id": "scenario-248-latency_edge",
    "agent_id": "agent-latency_edge",
    "order_id": "scenario-248-latency_edge-agent-latency_edge-20",
    "action": "new",
    "side": "buy",
    "price": 65287.148799999995,
    "quantity": 0.006,
    "remaining_quantity": 0.006
  },
  {
    "event_id": "3b4cba046ab8e9232749a5ac9a5eb2b7fb348aaf6f27b25362d1869055636b35",
    "schema_version": "1.0.0",
    "event_type": "agent_order",
    "source": "synthetic_agent",
    "symbol": "BTCUSDT",
    "exchange": "binance_usdm",
    "timestamp": "2024-05-01T00:00:00.168000Z",
    "sequence": 21,
    "scenario_id": "scenario-248-latency_edge",
    "agent_id": "agent-latency_edge",
    "order_id": "scenario-248-latency_edge-agent-latency_edge-21",
    "action": "new",
    "side": "buy",
    "price": 65287.148799999995,
    "quantity": 0.006,
    "remaining_quantity": 0.006
  },
  {
    "event_id": "deff083f05d88a5201e405210462f3807f23777a6928010213f08767bf1c6c34",
    "schema_version": "1.0.0",
    "event_type": "agent_order",
    "source": "synthetic_agent",
    "symbol": "BTCUSDT",
    "exchange": "binance_usdm",
    "timestamp": "2024-05-01T00:00:00.176000Z",
    "sequence": 22,
    "scenario_id": "scenario-248-latency_edge",
    "agent_id": "agent-latency_edge",
    "order_id": "scenario-248-latency_edge-agent-latency_edge-22",
    "action": "new",
    "side": "sell",
    "price": 65208.8512,
    "quantity": 0.006,
    "remaining_quantity": 0.006
  },
  {
    "event_id": "9e5edf37d1bfe58fafc9a13bd4a9c0576a1721409b32c792d0eae1dc0b443287",
    "schema_version": "1.0.0",
    "event_type": "agent_order",
    "source": "synthetic_agent",
    "symbol": "BTCUSDT",
    "exchange": "binance_usdm",
    "timestamp": "2024-05-01T00:00:00.184000Z",
    "sequence": 23,
    "scenario_id": "scenario-248-latency_edge",
    "agent_id": "agent-latency_edge",
    "order_id": "scenario-248-latency_edge-agent-latency_edge-23",
    "action": "new",
    "side": "sell",
    "price": 65208.8512,
    "quantity": 0.006,
    "remaining_quantity": 0.006
  },
  {
    "event_id": "0b679ca68ed5cf9a986e841a59071aca553161947a494e4d75346dcc9af34828",
    "schema_version": "1.0.0",
    "event_type": "agent_order",
    "source": "synthetic_agent",
    "symbol": "BTCUSDT",
    "exchange": "binance_usdm",
    "timestamp": "2024-05-01T00:00:00.192000Z",
    "sequence": 24,
    "scenario_id": "scenario-248-latency_edge",
    "agent_id": "agent-latency_edge",
    "order_id": "scenario-248-latency_edge-agent-latency_edge-24",
    "action": "new",
    "side": "buy",
    "price": 65287.148799999995,
    "quantity": 0.006,
    "remaining_quantity": 0.006
  },
  {
    "event_id": "185b273913b64d9d9683c85488eab733f686231d181a3c2a9f4b78d5512babb4",
    "schema_version": "1.0.0",
    "event_type": "agent_order",
    "source": "synthetic_agent",
    "symbol": "BTCUSDT",
    "exchange": "binance_usdm",
    "timestamp": "2024-05-01T00:00:00.200000Z",
    "sequence": 25,
    "scenario_id": "scenario-248-latency_edge",
    "agent_id": "agent-latency_edge",
    "order_id": "scenario-248-latency_edge-agent-latency_edge-25",
    "action": "new",
    "side": "buy",
    "price": 65287.148799999995,
    "quantity": 0.006,
    "remaining_quantity": 0.006
  },
  {
    "event_id": "3a4a60dba139ba003478e7a17cda7ca591184dbcc8db4ca1ab6ead92c877b7e3",
    "schema_version": "1.0.0",
    "event_type": "agent_order",
    "source": "synthetic_agent",
    "symbol": "BTCUSDT",
    "exchange": "binance_usdm",
    "timestamp": "2024-05-01T00:00:00.208000Z",
    "sequence": 26,
    "scenario_id": "scenario-248-latency_edge",
    "agent_id": "agent-latency_edge",
    "order_id": "scenario-248-latency_edge-agent-latency_edge-26",
    "action": "new",
    "side": "sell",
    "price": 65208.8512,
    "quantity": 0.006,
    "remaining_quantity": 0.006
  },
  {
    "event_id": "5843a6975473372530ae00d8fb3e7925f5d253947a343ce7ba155da9d7ea1cd7",
    "schema_version": "1.0.0",
    "event_type": "agent_order",
    "source": "synthetic_agent",
    "symbol": "BTCUSDT",
    "exchange": "binance_usdm",
    "timestamp": "2024-05-01T00:00:00.216000Z",
    "sequence": 27,
    "scenario_id": "scenario-248-latency_edge",
    "agent_id": "agent-latency_edge",
    "order_id": "scenario-248-latency_edge-agent-latency_edge-27",
    "action": "new",
    "side": "sell",
    "price": 65208.8512,
    "quantity": 0.006,
    "remaining_quantity": 0.006
  },
  {
    "event_id": "03c1dd43e63833ce2f80277516905d8528ff9f448f7b957af3e15a200468be0f",
    "schema_version": "1.0.0",
    "event_type": "agent_order",
    "source": "synthetic_agent",
    "symbol": "BTCUSDT",
    "exchange": "binance_usdm",
    "timestamp": "2024-05-01T00:00:00.224000Z",
    "sequence": 28,
    "scenario_id": "scenario-248-latency_edge",
    "agent_id": "agent-latency_edge",
    "order_id": "scenario-248-latency_edge-agent-latency_edge-28",
    "action": "new",
    "side": "buy",
    "price": 65287.148799999995,
    "quantity": 0.006,
    "remaining_quantity": 0.006
  },
  {
    "event_id": "08301130add898292d315b1c4afad6ad8d73dc3c4213b8b58089b110dcca8a30",
    "schema_version": "1.0.0",
    "event_type": "agent_order",
    "source": "synthetic_agent",
    "symbol": "BTCUSDT",
    "exchange": "binance_usdm",
    "timestamp": "2024-05-01T00:00:00.232000Z",
    "sequence": 29,
    "scenario_id": "scenario-248-latency_edge",
    "agent_id": "agent-latency_edge",
    "order_id": "scenario-248-latency_edge-agent-latency_edge-29",
    "action": "new",
    "side": "buy",
    "price": 65287.148799999995,
    "quantity": 0.006,
    "remaining_quantity": 0.006
  }
]