[
  {
    "event_id": "0d799e693ce222c0fe25a2261c1007f988d607cda44ecdbf92ae0325bb875db3",
    "schema_version": "1.0.0",
    "event_type": "agent_order",
    "source": "synthetic_agent",
    "symbol": "BTCUSDT",
    "exchange": "binance_usdm",
    "timestamp": "2024-05-01T00:00:00Z",
    "sequence": 0,
    "scenario_id": "scenario-236-latency_edge",
    "agent_id": "agent-latency_edge",
    "order_id": "scenario-236-latency_edge-agent-latency_edge-0",
    "action": "new",
    "side": "buy",
    "price": 65275.141599999995,
    "quantity": 0.006,
    "remaining_quantity": 0.006
  },
  {
    "event_id": "15a25691a3a4b05625ed553dac30258656941aa449fefb777a7bd84b6854584a",
    "schema_version": "1.0.0",
    "event_type": "agent_order",
    "source": "synthetic_agent",
    "symbol": "BTCUSDT",
    "exchange": "binance_usdm",
    "timestamp": "2024-05-01T00:00:00.008000Z",
    "sequence": 1,
    "scenario_id": "scenario-236-latency_edge",
    "agent_id": "agent-latency_edge",
    "order_id": "scenario-236-latency_edge-agent-latency_edge-1",
    "action": "new",
    "side": "buy",
    "price": 65275.141599999995,
    "quantity": 0.006,
    "remaining_quantity": 0.006
  },
  {
    "event_id": "3d6b0feffe502ddcdc49f02b29ec7cab184db694a1ce253ba394ae5739f446cf",
    "schema_version": "1.0.0",
    "event_type": "agent_order",
    "source": "synthetic_agent",
    "symbol": "BTCUSDT",
    "exchange": "binance_usdm",
    "timestamp": "2024-05-01T00:00:00.016000Z",
    "sequence": 2,
    "scenario_id": "scenario-236-latency_edge",
    "agent_id": "agent-latency_edge",
    "order_id": "scenario-236-latency_edge-agent-latency_edge-2",
    "action": "new",
    "side": "sell",
    "price": 65196.8584,
    "quantity": 0.006,
    "remaining_quantity": 0.006
  },
  {
    "event_id": "5d6a38f17118f5f053f6e3e9bbdf4c18905753ec9659244cfc3b505e5c77f286",
    "schema_version": "1.0.0",
    "event_type": "agent_order",
    "source": "synthetic_agent",
    "symbol": "BTCUSDT",
    "exchange": "binance_usdm",
    "timestamp": "2024-05-01T00:00:00.024000Z",
    "sequence": 3,
    "scenario_id": "scenario-236-latency_edge",
    "agent_id": "agent-latency_edge",
    "order_id": "scenario-236-latency_edge-agent-latency_edge-3",
    "action": "new",
    "side": "sell",
    "price": 65196.8584,
    "quantity": 0.006,
    "remaining_quantity": 0.006
  },
  {
    "event_id": "d7a9467cd4395b7b1ac5e3b17554f277e53e261b447172128c181db86d612afe",
    "schema_version": "1.0.0",
    "event_type": "agent_order",
    "source": "synthetic_agent",
    "symbol": "BTCUSDT",
    "exchange": "binance_usdm",
    "timestamp": "2024-05-01T00:00:00.032000Z",
    "sequence": 4,
    "scenario_id": "scenario-236-latency_edge",
    "agent_id": "agent-latency_edge",
    "order_id": "scenario-236-latency_edge-agent-latency_edge-4",
    "action": "new",
    "side": "buy",
    "price": 65275.141599999995,
    "quantity": 0.006,
    "remaining_quantity": 0.006
  },
  {
    "event_id": "fe463a39d47eb4612363d0bdd72785ae070df6b282af2d9f306deac0ca2f3b86",
    "schema_version": "1.0.0",
    "event_type": "agent_order",
    "source": "synthetic_agent",
    "symbol": "BTCUSDT",
    "exchange": "binance_usdm",
    "timestamp": "2024-05-01T00:00:00.040000Z",
    "sequence": 5,
    "scenario_id": "scenario-236-latency_edge",
    "agent_id": "agent-latency_edge",
    "order_id": "scenario-236-latency_edge-agent-latency_edge-5",
    "action": "new",
    "side": "buy",
    "price": 65275.141599999995,
    "quantity": 0.006,
    "remaining_quantity": 0.006
  },
  {
    "event_id": "a51d1158d987a426901341cc40655f14c7d5631087a734cdc1b92d07189d3fd0",
    "schema_version": "1.0.0",
    "event_type": "agent_order",
    "source": "synthetic_agent",
    "symbol": "BTCUSDT",
    "exchange": "binance_usdm",
    "timestamp": "2024-05-01T00:00:00.048000Z",
    "sequence": 6,
    "scenario_id": "scenario-236-latency_edge",
    "agent_id": "agent-latency_edge",
    "order_id": "scenario-236-latency_edge-agent-latency_edge-6",
    "action": "new",
    "side": "sell",
    "price": 65196.8584,
    "quantity": 0.006,
    "remaining_quantity": 0.006
  },
  {
    "event_id": "fcb0be71662ef83ccb58754769ec2fea982d1cb89eb2dc7fd6ea09b7fb33e130",
    "schema_version": "1.0.0",
    "event_type": "agent_order",
    "source": "synthetic_agent",
    "symbol": "BTCUSDT",
    "exchange": "binance_usdm",
    "timestamp": "2024-05-01T00:00:00.056000Z",
    "sequence": 7,
    "scenario_id": "scenario-236-latency_edge",
    "agent_id": "agent-latency_edge",
    "order_id": "scenario-236-latency_edge-agent-latency_edge-7",
    "action": "new",
    "side": "sell",
    "price": 65196.8584,
    "quantity": 0.006,
    "remaining_quantity": 0.006
  },
  {
    "event_id": "9a6c536e82bc94bb1599c506c356c6c8fd821c21802109c5ffa653420b1bb279",
    "schema_version": "1.0.0",
    "event_type": "agent_order",
    "source": "synthetic_agent",
    "symbol": "BTCUSDT",
    "exchange": "binance_usdm",
    "timestamp": "2024-05-01T00:00:00.064000Z",
    "sequence": 8,
    "scenario_id": "scenario-236-latency_edge",
    "agent_id": "agent-latency_edge",
    "order_id": "scenario-236-latency_edge-agent-latency_edge-8",
    "action": "new",
    "side": "buy",
    "price": 65275.141599999995,
    "quantity": 0.006,
    "remaining_quantity": 0.006
  },
  {
    "event_id": "ca929ffb7ea2f7d15761764efdd8f850df513778f6bdc3659ca054f3b8628c63",
    "schema_version": "1.0.0",
    "event_type": "agent_order",
    "source": "synthetic_agent",
    "symbol": "BTCUSDT",
    "exchange": "binance_usdm",
    "timestamp": "2024-05-01T00:00:00.072000Z",
    "sequence": 9,
    "scenario_id": "scenario-236-latency_edge",
    "agent_id": "agent-latency_edge",
    "order_id": "scenario-236-latency_edge-agent-latency_edge-9",
    "action": "new",
    "side": "buy",
    "price": 65275.141599999995,
    "quantity": 0.006,
    "remaining_quantity": 0.006
  },
  {
    "event_id": "25d2c7ac88102872d33483c58849afd43c6e9a7541a6f75b20315ba28a7a0eca",
    "schema_version": "1.0.0",
    "event_type": "agent_order",
    "source": "synthetic_agent",
    "symbol": "BTCUSDT",
    "exchange": "binance_usdm",
    "timestamp": "2024-05-01T00:00:00.080000Z",
    "sequence": 10,
    "scenario_id": "scenario-236-latency_edge",
    "agent_id": "agent-latency_edge",
    "order_id": "scenario-236-latency_edge-agent-latency_edge-10",
    "action": "new",
    "side": "sell",
    "price": 65196.8584,
    "quantity": 0.006,
    "remaining_quantity": 0.006
  },
  {
    "event_id": "6cc70135c938439772e4d9498fbc3cd7df7860f0052d47411357f6c0a6dfccb6",
    "schema_version": "1.0.0",
    "event_type": "agent_order",
    "source": "synthetic_agent",
    "symbol": "BTCUSDT",
    "exchange": "binance_usdm",
    "timestamp": "2024-05-01T00:00:00.088000Z",
    "sequence": 11,
    "scenario_id": "scenario-236-latency_edge",
    "agent_id": "agent-latency_edge",
    "order_id": "scenario-236-latency_edge-agent-latency_edge-11",
    "action": "new",
    "side": "sell",
    "price": 65196.8584,
    "quantity": 0.006,
    "remaining_quantity": 0.006
  },
  {
    "event_id": "b2d80f14bd10c70941a6c193747e083f38fb67b310dde7d666cfb74d828f4029",
    "schema_version": "1.0.0",
    "event_type": "agent_order",
    "source": "synthetic_agent",
    "symbol": "BTCUSDT",
    "exchange": "binance_usdm",
    "timestamp": "2024-05-01T00:00:00.096000Z",
    "sequence": 12,
    "scenario_id": "scenario-236-latency_edge",
    "agent_id": "agent-latency_edge",
    "order_id": "scenario-236-latency_edge-agent-latency_edge-12",
    "action": "new",
    "side": "buy",
    "price": 65275.141599999995,
    "quantity": 0.006,
    "remaining_quantity": 0.006
  },
  {
    "event_id": "4e4f7e28f9dc9c98e5bb674b466bfd674f8a9c4d468534e604e4e877ca74e47d",
    "schema_version": "1.0.0",
    "event_type": "agent_order",
    "source": "synthetic_agent",
    "symbol": "BTCUSDT",
    "exchange": "binance_usdm",
    "timestamp": "2024-05-01T00:00:00.104000Z",
    "sequence": 13,
    "scenario_id": "scenario-236-latency_edge",
    "agent_id": "agent-latency_edge",
    "order_id": "scenario-236-latency_edge-agent-latency_edge-13",
    "action": "new",
    "side": "buy",
    "price": 65275.141599999995,
    "quantity": 0.006,
    "remaining_quantity": 0.006
  },
  {
    "event_id": "b7e3d10e0050633810c69846935ab559db43f7d77b9d99115d57a947ddd3a4eb",
    "schema_version": "1.0.0",
    "event_type": "agent_order",
    "source": "synthetic_agent",
    "symbol": "BTCUSDT",
    "exchange": "binance_usdm",
    "timestamp": "2024-05-01T00:00:00.112000Z",
    "sequence": 14,
    "scenario_id": "scenario-236-latency_edge",
    "agent_id": "agent-latency_edge",
    "order_id": "scenario-236-latency_edge-agent-latency_edge-14",
    "action": "new",
    "side": "sell",
    "price": 65196.8584,
    "quantity": 0.006,
    "remaining_quantity": 0.006
  },
  {
    "event_id": "f4fd04fcfeef293ff82fdd1792f9d8b7b7fb2061f2fb38615f9a29f6843a7196",
    "schema_version": "1.0.0",
    "event_type": "agent_order",
    "source": "synthetic_agent",
    "symbol": "BTCUSDT",
    "exchange": "binance_usdm",
    "timestamp": "2024-05-01T00:00:00.120000Z",
    "sequence": 15,
    "scenario_id": "scenario-236-latency_edge",
    "agent_id": "agent-latency_edge",
    "order_id": "scenario-236-latency_edge-agent-latency_edge-15",
    "action": "new",
    "side": "sell",
    "price": 65196.8584,
    "quantity": 0.006,
    "remaining_quantity": 0.006
  },
  {
    "event_id": "0d03c75195c3df9da732b872eef10512c2b06950abcc3fab3456600f3c882b31",
    "schema_version": "1.0.0",
    "event_type": "agent_order",
    "source": "synthetic_agent",
    "symbol": "BTCUSDT",
    "exchange": "binance_usdm",
    "timestamp": "2024-05-01T00:00:00.128000Z",
    "sequence": 16,
    "scenario_id": "scenario-236-latency_edge",
    "agent_id": "agent-latency_edge",
    "order_id": "scenario-236-latency_edge-agent-latency_edge-16",
    "action": "new",
    "side": "buy",
    "price": 65275.141599999995,
    "quantity": 0.006,
    "remaining_quantity": 0.006
  },
  {
    "event_id": "5ea045baf3858dfb195c0f67151ec07611b96eb56302487a4efad905148d095e",
    "schema_version": "1.0.0",
    "event_type": "agent_order",
    "source": "synthetic_agent",
    "symbol": "BTCUSDT",
    "exchange": "binance_usdm",
    "timestamp": "2024-05-01T00:00:00.136000Z",
    "sequence": 17,
    "scenario_id": "scenario-236-latency_edge",
    "agent_id": "agent-latency_edge",
    "order_id": "scenario-236-latency_edge-agent-latency_edge-17",
    "action": "new",
    "side": "buy",
    "price": 65275.141599999995,
    "quantity": 0.006,
    "remaining_quantity": 0.006
  },
  {
    "event_id": "120718994af7e165e3939736bf9f1270296ba3ee7ebe0c7320a4c8e2f8b19dc4",
    "schema_version": "1.0.0",
    "event_type": "agent_order",
    "source": "synthetic_agent",
    "symbol": "BTCUSDT",
    "exchange": "binance_usdm",
    "timestamp": "2024-05-01T00:00:00.144000Z",
    "sequence": 18,
    "scenario_id": "scenario-236-latency_edge",
    "agent_id": "agent-latency_edge",
    "order_id": "scenario-236-latency_edge-agent-latency_edge-18",
    "action": "new",
    "side": "sell",
    "price": 65196.8584,
    "quantity": 0.006,
    "remaining_quantity": 0.006
  },
  {
    "event_id": "e4283459625d07e66a4bc979df315bdcd438f4d0741be3f83661ec65fcd34663",
    "schema_version": "1.0.0",
    "event_type": "agent_order",
    "source": "synthetic_agent",
    "symbol": "BTCUSDT",
    "exchange": "binance_usdm",
    "timestamp": "2024-05-01T00:00:00.152000Z",
    "sequence": 19,
    "scenario_id": "scenario-236-latency_edge",
    "agent_id": "agent-latency_edge",
    "order_id": "scenario-236-latency_edge-agent-latency_edge-19",
    "action": "new",
    "side": "sell",
    "price": 65196.8584,
    "quantity": 0.006,
    "remaining_quantity": 0.006
  },
  {
    "event_id": "d25b0cd364183006f1779159146fdbe2fa72fd552a3f00f6b6161ae4a1ab3307",
    "schema_version": "1.0.0",
    "event_type": "agent_order",
    "source": "synthetic_agent",
    "symbol": "BTCUSDT",
    "exchange": "binance_usdm",
    "timestamp": "2024-05-01T00:00:00.160000Z",
    "sequence": 20,
    "scenario_id": "scenario-236-latency_edge",
    "agent_id": "agent-latency_edge",
    "order_id": "scenario-236-latency_edge-agent-latency_edge-20",
    "action": "new",
    "side": "buy",
    "price": 65275.141599999995,
    "quantity": 0.006,
    "remaining_quantity": 0.006
  },
  {
    "event_id": "39a45f69d18daa748b92f8d61f51b2ea565f51f17e0e248f2e384ad3dfd00bd9",
    "schema_version": "1.0.0",
    "event_type": "agent_order",
    "source": "synthetic_agent",
    "symbol": "BTCUSDT",
    "exchange": "binance_usdm",
    "timestamp": "2024-05-01T00:00:00.168000Z",
    "sequence": 21,
    "scenario_id": "scenario-236-latency_edge",
    "agent_id": "agent-latency_edge",
    "order_id": "scenario-236-latency_edge-agent-latency_edge-21",
    "action": "new",
    "side": "buy",
    "price": 65275.141599999995,
    "quantity": 0.006,
    "remaining_quantity": 0.006
  },
  {
    "event_id": "7c8458b83b5fb6b98813ee8575961e1acd5e1649c5153011cedd39fdb2b44f1d",
    "schema_version": "1.0.0",
    "event_type": "agent_order",
    "source": "synthetic_agent",
    "symbol": "BTCUSDT",
    "exchange": "binance_usdm",
    "timestamp": "2024-05-01T00:00:00.176000Z",
    "sequence": 22,
    "scenario_id": "scenario-236-latency_edge",
    "agent_id": "agent-latency_edge",
    "order_id": "scenario-236-latency_edge-agent-latency_edge-22",
    "action": "new",
    "side": "sell",
    "price": 65196.8584,
    "quantity": 0.006,
    "remaining_quantity": 0.006
  },
  {
    "event_id": "3681530bb72d9165a1b73bf0f50d74d49d3f6c927fea955daae12bfb19d23358",
    "schema_version": "1.0.0",
    "event_type": "agent_order",
    "source": "synthetic_agent",
    "symbol": "BTCUSDT",
    "exchange": "binance_usdm",
    "timestamp": "2024-05-01T00:00:00.184000Z",
    "sequence": 23,
    "scenario_id": "scenario-236-latency_edge",
    "agent_id": "agent-latency_edge",
    "order_id": "scenario-236-latency_edge-agent-latency_edge-23",
    "action": "new",
    "side": "sell",
    "price": 65196.8584,
    "quantity": 0.006,
    "remaining_quantity": 0.006
  },
  {
    "event_id": "b99902a860f5984cf9c1ad76d0403ea6837f2aa09e97471201381714ccb38fc5",
    "schema_version": "1.0.0",
    "event_type": "agent_order",
    "source": "synthetic_agent",
    "symbol": "BTCUSDT",
    "exchange": "binance_usdm",
    "timestamp": "2024-05-01T00:00:00.192000Z",
    "sequence": 24,
    "scenario_id": "scenario-236-latency_edge",
    "agent_id": "agent-latency_edge",
    "order_id": "scenario-236-latency_edge-agent-latency_edge-24",
    "action": "new",
    "side": "buy",
    "price": 65275.141599999995,
    "quantity": 0.006,
    "remaining_quantity": 0.006
  },
  {
    "event_id": "28e8a9e2e7c545d0202620d7f95f40f0d8242ac0853fda1ef4a6b57da79e608d",
    "schema_version": "1.0.0",
    "event_type": "agent_order",
    "source": "synthetic_agent",
    "symbol": "BTCUSDT",
    "exchange": "binance_usdm",
    "timestamp": "2024-05-01T00:00:00.200000Z",
    "sequence": 25,
    "scenario_id": "scenario-236-latency_edge",
    "agent_id": "agent-latency_edge",
    "order_id": "scenario-236-latency_edge-agent-latency_edge-25",
    "action": "new",
    "side": "buy",
    "price": 65275.141599999995,
    "quantity": 0.006,
    "remaining_quantity": 0.006
  },
  {
    "event_id": "3b997103d654ad2b2d0ccdd2c549f7d393957634688612875acae7a8d424bfa0",
    "schema_version": "1.0.0",
    "event_type": "agent_order",
    "source": "synthetic_agent",
    "symbol": "BTCUSDT",
    "exchange": "binance_usdm",
    "timestamp": "2024-05-01T00:00:00.208000Z",
    "sequence": 26,
    "scenario_id": "scenario-236-latency_edge",
    "agent_id": "agent-latency_edge",
    "order_id": "scenario-236-latency_edge-agent-latency_edge-26",
    "action": "new",
    "side": "sell",
    "price": 65196.8584,
    "quantity": 0.006,
    "remaining_quantity": 0.006
  },
  {
    "event_id": "962bd32e9dedb8dfd7f47c65a07a37dc1096e8b43fdf740e502cf92169bccd3f",
    "schema_version": "1.0.0",
    "event_type": "agent_order",
    "source": "synthetic_agent",
    "symbol": "BTCUSDT",
    "exchange": "binance_usdm",
    "timestamp": "2024-05-01T00:00:00.216000Z",
    "sequence": 27,
    "scenario_id": "scenario-236-latency_edge",
    "agent_id": "agent-latency_edge",
    "order_id": "scenario-236-latency_edge-agent-latency_edge-27",
    "action": "new",
    "side": "sell",
    "price": 65196.8584,
    "quantity": 0.006,
    "remaining_quantity": 0.006
  },
  {
    "event_id": "0921f178dc8efc04f24e78ce21d24a0df567af5e204e1e750a807842605226ea",
    "schema_version": "1.0.0",
    "event_type": "agent_order",
    "source": "synthetic_agent",
    "symbol": "BTCUSDT",
    "exchange": "binance_usdm",
    "timestamp": "2024-05-01T00:00:00.224000Z",
    "sequence": 28,
    "scenario_id": "scenario-236-latency_edge",
    "agent_id": "agent-latency_edge",
    "order_id": "scenario-236-latency_edge-agent-latency_edge-28",
    "action": "new",
    "side": "buy",
    "price": 65275.141599999995,
    "quantity": 0.006,
    "remaining_quantity": 0.006
  },
  {
    "event_id": "ec850a01fddcc6d206ab5232e8505d503e45dbb687fa66a81b9514a717e59e5d",
    "schema_version": "1.0.0",
    "event_type": "agent_order",
    "source": "synthetic_agent",
    "symbol": "BTCUSDT",
    "exchange": "binance_usdm",
    "timestamp": "2024-05-01T00:00:00.232000Z",
    "sequence": 29,
    "scenario_id": "scenario-236-latency_edge",
    "agent_id": "agent-latency_edge",
    "order_id": "scenario-236-latency_edge-agent-latency_edge-29",
    "action": "new",
    "side": "buy",
    "price": 65275.141599999995,
    "quantity": 0.006,
    "remaining_quantity": 0.006
  }
]