[
  {
    "event_id": "c178978d12466e7e53fe049e4c75af8ea84571c13c50876105be0845d885bbf8",
    "schema_version": "1.0.0",
    "event_type": "agent_order",
    "source": "synthetic_agent",
    "symbol": "BTCUSDT",
    "exchange": "binance_usdm",
    "timestamp": "2024-05-01T00:00:00Z",
    "sequence": 0,
    "scenario_id": "scenario-147-spoofing_layering",
    "agent_id": "agent-spoofing_layering",
    "order_id": "scenario-147-spoofing_layering-agent-spoofing_layering-0",
    "action": "new",
    "side": "sell",
    "price": 65179.5735,
    "quantity": 0.5,
    "remaining_quantity": 0.5
  },
  {
    "event_id": "50edd719645a09a90043d5f7fc3b75746b7a4fa9ef96a8cc766f5db7634048ba",
    "schema_version": "1.0.0",
    "event_type": "agent_order",
    "source": "synthetic_agent",
    "symbol": "BTCUSDT",
    "exchange": "binance_usdm",
    "timestamp": "2024-05-01T00:00:00.050000Z",
    "sequence": 1,
    "scenario_id": "scenario-147-spoofing_layering",
    "agent_id": "agent-spoofing_layering",
    "order_id": "scenario-147-spoofing_layering-agent-spoofing_layering-1",
    "action": "new",
    "side": "sell",
    "price": 65180.22497,
    "quantity": 0.5,
    "remaining_quantity": 0.5
  },
  {
    "event_id": "4af208fb3cbb5143e394eceb3f42e888393b452fdd1f98269d7a0b36ebfa8339",
    "schema_version": "1.0.0",
    "event_type": "agent_order",
    "source": "synthetic_agent",
    "symbol": "BTCUSDT",
    "exchange": "binance_usdm",
    "timestamp": "2024-05-01T00:00:00.100000Z",
    "sequence": 2,
    "scenario_id": "scenario-147-spoofing_layering",
    "agent_id": "agent-spoofing_layering",
    "order_id": "scenario-147-spoofing_layering-agent-spoofing_layering-2",
    "action": "new",
    "side": "sell",
    "price": 65180.87643999999,
    "quantity": 0.5,
    "remaining_quantity": 0.5
  },
  {
    "event_id": "236d8c2452cbc7f808ea840e6d333a53d9133356bdd85a2d0a736683a91a6396",
    "schema_version": "1.0.0",
    "event_type": "agent_order",
    "source": "synthetic_agent",
    "symbol": "BTCUSDT",
    "exchange": "binance_usdm",
    "timestamp": "2024-05-01T00:00:00.150000Z",
    "sequence": 3,
    "scenario_id": "scenario-147-spoofing_layering",
    "agent_id": "agent-spoofing_layering",
    "order_id": "scenario-147-spoofing_layering-agent-spoofing_layering-3",
    "action": "new",
    "side": "sell",
    "price": 65181.52791,
    "quantity": 0.5,
    "remaining_quantity": 0.5
  },
  {
    "event_id": "1f781865d7e546ac0a61a702461540695693e865c2f1d216e90c3578666c7dfd",
    "schema_version": "1.0.0",
    "event_type": "agent_order",
    "source": "synthetic_agent",
    "symbol": "BTCUSDT",
    "exchange": "binance_usdm",
    "timestamp": "2024-05-01T00:00:00.200000Z",
    "sequence": 4,
    "scenario_id": "scenario-147-spoofing_layering",
    "agent_id": "agent-spoofing_layering",
    "order_id": "scenario-147-spoofing_layering-agent-spoofing_layering-4",
    "action": "new",
    "side": "sell",
    "price": 65182.17938,
    "quantity": 0.5,
    "remaining_quantity": 0.5
  },
  {
    "event_id": "7b10dbbce0b1e40eafad335e18c5a5300254478b812f38a1860a3758f92066b5",
    "schema_version": "1.0.0",
    "event_type": "agent_order",
    "source": "synthetic_agent",
    "symbol": "BTCUSDT",
    "exchange": "binance_usdm",
    "timestamp": "2024-05-01T00:00:00.250000Z",
    "sequence": 5,
    "scenario_id": "scenario-147-spoofing_layering",
    "agent_id": "agent-spoofing_layering",
    "order_id": "scenario-147-spoofing_layering-agent-spoofing_layering-5",
    "action": "new",
    "side": "sell",
    "price": 65182.830850000006,
    "quantity": 0.5,
    "remaining_quantity": 0.5
  },
  {
    "event_id": "add25be2804075f290eb554bed24ce32210774910b165d39468d6a9b66e5c52d",
    "schema_version": "1.0.0",
    "event_type": "agent_order",
    "source": "synthetic_agent",
    "symbol": "BTCUSDT",
    "exchange": "binance_usdm",
    "timestamp": "2024-05-01T00:00:00.300000Z",
    "sequence": 6,
    "scenario_id": "scenario-147-spoofing_layering",
    "agent_id": "agent-spoofing_layering",
    "order_id": "scenario-147-spoofing_layering-agent-spoofing_layering-6",
    "action": "new",
    "side": "sell",
    "price": 65183.482319999996,
    "quantity": 0.5,
    "remaining_quantity": 0.5
  },
  {
    "event_id": "23d9b3271ccd4f22df4adf13fed3ce4014ba0d99aeacb9272580ba7934f6be61",
    "schema_version": "1.0.0",
    "event_type": "agent_order",
    "source": "synthetic_agent",
    "symbol": "BTCUSDT",
    "exchange": "binance_usdm",
    "timestamp": "2024-05-01T00:00:00.350000Z",
    "sequence": 7,
    "scenario_id": "scenario-147-spoofing_layering",
    "agent_id": "agent-spoofing_layering",
    "order_id": "scenario-147-spoofing_layering-agent-spoofing_layering-7",
    "action": "new",
    "side": "sell",
    "price": 65184.13379,
    "quantity": 0.5,
    "remaining_quantity": 0.5
  },
  {
    "event_id": "d753ac60abfd0fd0eea5078638736a77338c808558b4fef46456b8bcbe5704cc",
    "schema_version": "1.0.0",
    "event_type": "agent_order",
    "source": "synthetic_agent",
    "symbol": "BTCUSDT",
    "exchange": "binance_usdm",
    "timestamp": "2024-05-01T00:00:00.400000Z",
    "sequence": 8,
    "scenario_id": "scenario-147-spoofing_layering",
    "agent_id": "agent-spoofing_layering",
    "order_id": "scenario-147-spoofing_layering-agent-spoofing_layering-8",
    "action": "new",
    "side": "sell",
    "price": 65184.785260000004,
    "quantity": 0.5,
    "remaining_quantity": 0.5
  },
  {
    "event_id": "d734a786f381ebce8d9a38eaeb6ec08cff0b07ef828b6ff8acc2da9db4489225",
    "schema_version": "1.0.0",
    "event_type": "agent_order",
    "source": "synthetic_agent",
    "symbol": "BTCUSDT",
    "exchange": "binance_usdm",
    "timestamp": "2024-05-01T00:00:00.450000Z",
    "sequence": 9,
    "scenario_id": "scenario-147-spoofing_layering",
    "agent_id": "agent-spoofing_layering",
    "order_id": "scenario-147-spoofing_layering-agent-spoofing_layering-9",
    "action": "new",
    "side": "sell",
    "price": 65185.436729999994,
    "quantity": 0.5,
    "remaining_quantity": 0.5
  },
  {
    "event_id": "9120f1abc314b68f8356a8bdbd2e1d17d6bf65059e0a9793662372e73f4bfb64",
    "schema_version": "1.0.0",
    "event_type": "agent_order",
    "source": "synthetic_agent",
    "symbol": "BTCUSDT",
    "exchange": "binance_usdm",
    "timestamp": "2024-05-01T00:00:00.500000Z",
    "sequence": 10,
    "scenario_id": "scenario-147-spoofing_layering",
    "agent_id": "agent-spoofing_layering",
    "order_id": "scenario-147-spoofing_layering-agent-spoofing_layering-10",
    "action": "new",
    "side": "sell",
    "price": 65186.0882,
    "quantity": 0.5,
    "remaining_quantity": 0.5
  },
  {
    "event_id": "b9992431011287f709e51d9451ed6f8dc2a138f36b7e4b86639c9989e8fc934c",
    "schema_version": "1.0.0",
    "event_type": "agent_order",
    "source": "synthetic_agent",
    "symbol": "BTCUSDT",
    "exchange": "binance_usdm",
    "timestamp": "2024-05-01T00:00:00.550000Z",
    "sequence": 11,
    "scenario_id": "scenario-147-spoofing_layering",
    "agent_id": "agent-spoofing_layering",
    "order_id": "scenario-147-spoofing_layering-agent-spoofing_layering-11",
    "action": "new",
    "side": "sell",
    "price": 65186.73967,
    "quantity": 0.5,
    "remaining_quantity": 0.5
  },
  {
    "event_id": "b287d2f87eeeb1a061ad01029c44608e755e5a41045281618195d59f13e1d6fd",
    "schema_version": "1.0.0",
    "event_type": "agent_order",
    "source": "synthetic_agent",
    "symbol": "BTCUSDT",
    "exchange": "binance_usdm",
    "timestamp": "2024-05-01T00:00:00.600000Z",
    "sequence": 12,
    "scenario_id": "scenario-147-spoofing_layering",
    "agent_id": "agent-spoofing_layering",
    "order_id": "scenario-147-spoofing_layering-agent-spoofing_layering-12",
    "action": "new",
    "side": "sell",
    "price": 65187.39113999999,
    "quantity": 0.5,
    "remaining_quantity": 0.5
  },
  {
    "event_id": "107f7b69c283b22bb6d35509a54032454a165153e8c28cef5984c06cd6f80bd2",
    "schema_version": "1.0.0",
    "event_type": "agent_order",
    "source": "synthetic_agent",
    "symbol": "BTCUSDT",
    "exchange": "binance_usdm",
    "timestamp": "2024-05-01T00:00:00.650000Z",
    "sequence": 13,
    "scenario_id": "scenario-147-spoofing_layering",
    "agent_id": "agent-spoofing_layering",
    "order_id": "scenario-147-spoofing_layering-agent-spoofing_layering-13",
    "action": "new",
    "side": "sell",
    "price": 65188.04261,
    "quantity": 0.5,
    "remaining_quantity": 0.5
  },
  {
    "event_id": "2a4d71b6512211e57c9223eb1c07feca8cb348474584441df43e32e8a7e8f4bd",
    "schema_version": "1.0.0",
    "event_type": "agent_order",
    "source": "synthetic_agent",
    "symbol": "BTCUSDT",
    "exchange": "binance_usdm",
    "timestamp": "2024-05-01T00:00:00.700000Z",
    "sequence": 14,
    "scenario_id": "scenario-147-spoofing_layering",
    "agent_id": "agent-spoofing_layering",
    "order_id": "scenario-147-spoofing_layering-agent-spoofing_layering-14",
    "action": "new",
    "side": "sell",
    "price": 65188.69408,
    "quantity": 0.5,
    "remaining_quantity": 0.5
  },
  {
    "event_id": "1998cd1ba3d397cb639e277673e69036ad804c096e8f2acbce8ca30c1008c114",
    "schema_version": "1.0.0",
    "event_type": "agent_order",
    "source": "synthetic_agent",
    "symbol": "BTCUSDT",
    "exchange": "binance_usdm",
    "timestamp": "2024-05-01T00:00:00.750000Z",
    "sequence": 15,
    "scenario_id": "scenario-147-spoofing_layering",
    "agent_id": "agent-spoofing_layering",
    "order_id": "scenario-147-spoofing_layering-agent-spoofing_layering-15",
    "action": "new",
    "side": "sell",
    "price": 65189.345550000005,
    "quantity": 0.5,
    "remaining_quantity": 0.5
  },
  {
    "event_id": "f083f839feb6c7e58caa9504510d0bea6389a15530fc1840d23afe3382c45a9d",
    "schema_version": "1.0.0",
    "event_type": "agent_order",
    "source": "synthetic_agent",
    "symbol": "BTCUSDT",
    "exchange": "binance_usdm",
    "timestamp": "2024-05-01T00:00:00.800000Z",
    "sequence": 16,
    "scenario_id": "scenario-147-spoofing_layering",
    "agent_id": "agent-spoofing_layering",
    "order_id": "scenario-147-spoofing_layering-agent-spoofing_layering-16",
    "action": "new",
    "side": "sell",
    "price": 65189.997019999995,
    "quantity": 0.5,
    "remaining_quantity": 0.5
  },
  {
    "event_id": "455cb895f94f4c63090def9fc9c2a8a87d3af6c6d7f633a9f6114783bb209342",
    "schema_version": "1.0.0",
    "event_type": "agent_order",
    "source": "synthetic_agent",
    "symbol": "BTCUSDT",
    "exchange": "binance_usdm",
    "timestamp": "2024-05-01T00:00:00.850000Z",
    "sequence": 17,
    "scenario_id": "scenario-147-spoofing_layering",
    "agent_id": "agent-spoofing_layering",
    "order_id": "scenario-147-spoofing_layering-agent-spoofing_layering-17",
    "action": "new",
    "side": "sell",
    "price": 65190.64849,
    "quantity": 0.5,
    "remaining_quantity": 0.5
  },
  {
    "event_id": "4d7f3f21b2b35c86826d971cc9c39d08cd831eaef2af58f7db7cd9691ae923cb",
    "schema_version": "1.0.0",
    "event_type": "agent_order",
    "source": "synthetic_agent",
    "symbol": "BTCUSDT",
    "exchange": "binance_usdm",
    "timestamp": "2024-05-01T00:00:00.900000Z",
    "sequence": 18,
    "scenario_id": "scenario-147-spoofing_layering",
    "agent_id": "agent-spoofing_layering",
    "order_id": "scenario-147-spoofing_layering-agent-spoofing_layering-18",
    "action": "new",
    "side": "sell",
    "price": 65191.299960000004,
    "quantity": 0.5,
    "remaining_quantity": 0.5
  },
  {
    "event_id": "23e7148e2ae891fad32671076eb288e454dd84957dc2c1832c663d9418549302",
    "schema_version": "1.0.0",
    "event_type": "agent_order",
    "source": "synthetic_agent",
    "symbol": "BTCUSDT",
    "exchange": "binance_usdm",
    "timestamp": "2024-05-01T00:00:00.950000Z",
    "sequence": 19,
    "scenario_id": "scenario-147-spoofing_layering",
    "agent_id": "agent-spoofing_layering",
    "order_id": "scenario-147-spoofing_layering-agent-spoofing_layering-19",
    "action": "new",
    "side": "sell",
    "price": 65191.951429999994,
    "quantity": 0.5,
    "remaining_quantity": 0.5
  },
  {
    "event_id": "d3cb3238f8b92989a4e9ba9e09edc4ad5df8a59c724d4a8c42f405eb8c4e481c",
    "schema_version": "1.0.0",
    "event_type": "agent_order",
    "source": "synthetic_agent",
    "symbol": "BTCUSDT",
    "exchange": "binance_usdm",
    "timestamp": "2024-05-01T00:00:01Z",
    "sequence": 20,
    "scenario_id": "scenario-147-spoofing_layering",
    "agent_id": "agent-spoofing_layering",
    "order_id": "scenario-147-spoofing_layering-agent-spoofing_layering-20",
    "action": "new",
    "side": "sell",
    "price": 65192.6029,
    "quantity": 0.5,
    "remaining_quantity": 0.5
  },
  {
    "event_id": "4c7a2335373f86f4fc05b35567a9e2cd76a24a4018466165fc41e7560190e15f",
    "schema_version": "1.0.0",
    "event_type": "agent_order",
    "source": "synthetic_agent",
    "symbol": "BTCUSDT",
    "exchange": "binance_usdm",
    "timestamp": "2024-05-01T00:00:01.050000Z",
    "sequence": 21,
    "scenario_id": "scenario-147-spoofing_layering",
    "agent_id": "agent-spoofing_layering",
    "order_id": "scenario-147-spoofing_layering-agent-spoofing_layering-21",
    "action": "new",
    "side": "sell",
    "price": 65193.25437,
    "quantity": 0.5,
    "remaining_quantity": 0.5
  },
  {
    "event_id": "2ae8cbfb67ccdf6de0d4124a4109337a64dc2275a773887747c97a71b21a5878",
    "schema_version": "1.0.0",
    "event_type": "agent_order",
    "source": "synthetic_agent",
    "symbol": "BTCUSDT",
    "exchange": "binance_usdm",
    "timestamp": "2024-05-01T00:00:01.100000Z",
    "sequence": 22,
    "scenario_id": "scenario-147-spoofing_layering",
    "agent_id": "agent-spoofing_layering",
    "order_id": "scenario-147-spoofing_layering-agent-spoofing_layering-22",
    "action": "new",
    "side": "sell",
    "price": 65193.90584000001,
    "quantity": 0.5,
    "remaining_quantity": 0.5
  },
  {
    "event_id": "e86b4d2064f5cc2258b6b1d9c963cc99f92365ab0e7f582a9a8a25b6b6686f08",
    "schema_version": "1.0.0",
    "event_type": "agent_order",
    "source": "synthetic_agent",
    "symbol": "BTCUSDT",
    "exchange": "binance_usdm",
    "timestamp": "2024-05-01T00:00:01.150000Z",
    "sequence": 23,
    "scenario_id": "scenario-147-spoofing_layering",
    "agent_id": "agent-spoofing_layering",
    "order_id": "scenario-147-spoofing_layering-agent-spoofing_layering-23",
    "action": "new",
    "side": "sell",
    "price": 65194.55731,
    "quantity": 0.5,
    "remaining_quantity": 0.5
  },
  {
    "event_id": "f2957126effbbf658165b14defb6bdde6681c07cab18eb8feda88d0f9dd3f136",
    "schema_version": "1.0.0",
    "event_type": "agent_order",
    "source": "synthetic_agent",
    "symbol": "BTCUSDT",
    "exchange": "binance_usdm",
    "timestamp": "2024-05-01T00:00:01.200000Z",
    "sequence": 24,
    "scenario_id": "scenario-147-spoofing_layering",
    "agent_id": "agent-spoofing_layering",
    "order_id": "scenario-147-spoofing_layering-agent-spoofing_layering-24",
    "action": "new",
    "side": "sell",
    "price": 65195.20878,
    "quantity": 0.5,
    "remaining_quantity": 0.5
  },
  {
    "event_id": "0e5edf6cbbe110bb2ec03cae65c15fa514391debb9b5f0ae4c45d3ffdd072f43",
    "schema_version": "1.0.0",
    "event_type": "agent_order",
    "source": "synthetic_agent",
    "symbol": "BTCUSDT",
    "exchange": "binance_usdm",
    "timestamp": "2024-05-01T00:00:01.250000Z",
    "sequence": 25,
    "scenario_id": "scenario-147-spoofing_layering",
    "agent_id": "agent-spoofing_layering",
    "order_id": "scenario-147-spoofing_layering-agent-spoofing_layering-25",
    "action": "new",
    "side": "sell",
    "price": 65195.860250000005,
    "quantity": 0.5,
    "remaining_quantity": 0.5
  },
  {
    "event_id": "98aaa508b5f16eb6b0e2975b478cfc082f99f31f69e1addace091b7c1d019801",
    "schema_version": "1.0.0",
    "event_type": "agent_order",
    "source": "synthetic_agent",
    "symbol": "BTCUSDT",
    "exchange": "binance_usdm",
    "timestamp": "2024-05-01T00:00:01.300000Z",
    "sequence": 26,
    "scenario_id": "scenario-147-spoofing_layering",
    "agent_id": "agent-spoofing_layering",
    "order_id": "scenario-147-spoofing_layering-agent-spoofing_layering-26",
    "action": "new",
    "side": "sell",
    "price": 65196.511719999995,
    "quantity": 0.5,
    "remaining_quantity": 0.5
  },
  {
    "event_id": "7e8f6ad4999493b6634ffa8dd2276f38bb63da6dae2a444b7d812035dd355e8f",
    "schema_version": "1.0.0",
    "event_type": "agent_order",
    "source": "synthetic_agent",
    "symbol": "BTCUSDT",
    "exchange": "binance_usdm",
    "timestamp": "2024-05-01T00:00:01.350000Z",
    "sequence": 27,
    "scenario_id": "scenario-147-spoofing_layering",
    "agent_id": "agent-spoofing_layering",
    "order_id": "scenario-147-spoofing_layering-agent-spoofing_layering-27",
    "action": "new",
    "side": "sell",
    "price": 65197.16319,
    "quantity": 0.5,
    "remaining_quantity": 0.5
  },
  {
    "event_id": "c814b47c68d7d047916363f48e89f6bbf784af722a0fa6fed27be47942e611c1",
    "schema_version": "1.0.0",
    "event_type": "agent_order",
    "source": "synthetic_agent",
    "symbol": "BTCUSDT",
    "exchange": "binance_usdm",
    "timestamp": "2024-05-01T00:00:01.400000Z",
    "sequence": 28,
    "scenario_id": "scenario-147-spoofing_layering",
    "agent_id": "agent-spoofing_layering",
    "order_id": "scenario-147-spoofing_layering-agent-spoofing_layering-28",
    "action": "new",
    "side": "sell",
    "price": 65197.814660000004,
    "quantity": 0.5,
    "remaining_quantity": 0.5
  },
  {
    "event_id": "7b6bd5ba6c3af261dd97b2398df5f97304c69bd0e6c627092b055347e27ca72c",
    "schema_version": "1.0.0",
    "event_type": "agent_order",
    "source": "synthetic_agent",
    "symbol": "BTCUSDT",
    "exchange": "binance_usdm",
    "timestamp": "2024-05-01T00:00:01.450000Z",
    "sequence": 29,
    "scenario_id": "scenario-147-spoofing_layering",
    "agent_id": "agent-spoofing_layering",
    "order_id": "scenario-147-spoofing_layering-agent-spoofing_layering-29",
    "action": "new",
    "side": "sell",
    "price": 65198.46612999999,
    "quantity": 0.5,
    "remaining_quantity": 0.5
  }
]