[
  {
    "event_id": "e16a22f2f3666edf148ff87876c9ee34f7602a2f4ced5ed9e8eed9ad28700178",
    "schema_version": "1.0.0",
    "event_type": "agent_order",
    "source": "synthetic_agent",
    "symbol": "BTCUSDT",
    "exchange": "binance_usdm",
    "timestamp": "2024-05-01T00:00:00Z",
    "sequence": 0,
    "scenario_id": "scenario-320-latency_edge",
    "agent_id": "agent-latency_edge",
    "order_id": "scenario-320-latency_edge-agent-latency_edge-0",
    "action": "new",
    "side": "buy",
    "price": 65359.191999999995,
    "quantity": 0.006,
    "remaining_quantity": 0.006
  },
  {
    "event_id": "6c909c89b906df0c259f83ff40fe8bbba9af13ee17e45a02994e228a4de4dead",
    "schema_version": "1.0.0",
    "event_type": "agent_order",
    "source": "synthetic_agent",
    "symbol": "BTCUSDT",
    "exchange": "binance_usdm",
    "timestamp": "2024-05-01T00:00:00.008000Z",
    "sequence": 1,
    "scenario_id": "scenario-320-latency_edge",
    "agent_id": "agent-latency_edge",
    "order_id": "scenario-320-latency_edge-agent-latency_edge-1",
    "action": "new",
    "side": "buy",
    "price": 65359.191999999995,
    "quantity": 0.006,
    "remaining_quantity": 0.006
  },
  {
    "event_id": "dff847494843df78dd56bf8c801a80c7ef53e87570f495bd4fe742b7ff018e79",
    "schema_version": "1.0.0",
    "event_type": "agent_order",
    "source": "synthetic_agent",
    "symbol": "BTCUSDT",
    "exchange": "binance_usdm",
    "timestamp": "2024-05-01T00:00:00.016000Z",
    "sequence": 2,
    "scenario_id": "scenario-320-latency_edge",
    "agent_id": "agent-latency_edge",
    "order_id": "scenario-320-latency_edge-agent-latency_edge-2",
    "action": "new",
    "side": "sell",
    "price": 65280.808,
    "quantity": 0.006,
    "remaining_quantity": 0.006
  },
  {
    "event_id": "2f700fc2a533cdd95e21c11b9b7880d09efe43254b7992f4cd2cb54977a6572e",
    "schema_version": "1.0.0",
    "event_type": "agent_order",
    "source": "synthetic_agent",
    "symbol": "BTCUSDT",
    "exchange": "binance_usdm",
    "timestamp": "2024-05-01T00:00:00.024000Z",
    "sequence": 3,
    "scenario_id": "scenario-320-latency_edge",
    "agent_id": "agent-latency_edge",
    "order_id": "scenario-320-latency_edge-agent-latency_edge-3",
    "action": "new",
    "side": "sell",
    "price": 65280.808,
    "quantity": 0.006,
    "remaining_quantity": 0.006
  },
  {
    "event_id": "897073e2033b24bd1d77f07434b3dce2e663ceff01b7f193ab186d748d59cd24",
    "schema_version": "1.0.0",
    "event_type": "agent_order",
    "source": "synthetic_agent",
    "symbol": "BTCUSDT",
    "exchange": "binance_usdm",
    "timestamp": "2024-05-01T00:00:00.032000Z",
    "sequence": 4,
    "scenario_id": "scenario-320-latency_edge",
    "agent_id": "agent-latency_edge",
    "order_id": "scenario-320-latency_edge-agent-latency_edge-4",
    "action": "new",
    "side": "buy",
    "price": 65359.191999999995,
    "quantity": 0.006,
    "remaining_quantity": 0.006
  },
  {
    "event_id": "c258c6fcd39b6a218a138b9c7bdff80967a3ebfa9223971475b482486d7eca23",
    "schema_version": "1.0.0",
    "event_type": "agent_order",
    "source": "synthetic_agent",
    "symbol": "BTCUSDT",
    "exchange": "binance_usdm",
    "timestamp": "2024-05-01T00:00:00.040000Z",
    "sequence": 5,
    "scenario_id": "scenario-320-latency_edge",
    "agent_id": "agent-latency_edge",
    "order_id": "scenario-320-latency_edge-agent-latency_edge-5",
    "action": "new",
    "side": "buy",
    "price": 65359.191999999995,
    "quantity": 0.006,
    "remaining_quantity": 0.006
  },
  {
    "event_id": "142ea26848d442efaa59d6ba832397a62743f33ce96437e5977d4d8fa8cae30b",
    "schema_version": "1.0.0",
    "event_type": "agent_order",
    "source": "synthetic_agent",
    "symbol": "BTCUSDT",
    "exchange": "binance_usdm",
    "timestamp": "2024-05-01T00:00:00.048000Z",
    "sequence": 6,
    "scenario_id": "scenario-320-latency_edge",
    "agent_id": "agent-latency_edge",
    "order_id": "scenario-320-latency_edge-agent-latency_edge-6",
    "action": "new",
    "side": "sell",
    "price": 65280.808,
    "quantity": 0.006,
    "remaining_quantity": 0.006
  },
  {
    "event_id": "a02539e3b5e7828ceb1607d3a3ca580bdfdefccdf6ddb584c8183da70b4a7e9e",
    "schema_version": "1.0.0",
    "event_type": "agent_order",
    "source": "synthetic_agent",
    "symbol": "BTCUSDT",
    "exchange": "binance_usdm",
    "timestamp": "2024-05-01T00:00:00.056000Z",
    "sequence": 7,
    "scenario_id": "scenario-320-latency_edge",
    "agent_id": "agent-latency_edge",
    "order_id": "scenario-320-latency_edge-agent-latency_edge-7",
    "action": "new",
    "side": "sell",
    "price": 65280.808,
    "quantity": 0.006,
    "remaining_quantity": 0.006
  },
  {
    "event_id": "0b1953740f86d49433b5c7ebad5d7ba2ae22d8cd0fdbb1bea6bb3b67cb123875",
    "schema_version": "1.0.0",
    "event_type": "agent_order",
    "source": "synthetic_agent",
    "symbol": "BTCUSDT",
    "exchange": "binance_usdm",
    "timestamp": "2024-05-01T00:00:00.064000Z",
    "sequence": 8,
    "scenario_id": "scenario-320-latency_edge",
    "agent_id": "agent-latency_edge",
    "order_id": "scenario-320-latency_edge-agent-latency_edge-8",
    "action": "new",
    "side": "buy",
    "price": 65359.191999999995,
    "quantity": 0.006,
    "remaining_quantity": 0.006
  },
  {
    "event_id": "b55cba2b5bf52d0761ff781741de9e117e3305eb5dfa2abcd388ea9afa491b1c",
    "schema_version": "1.0.0",
    "event_type": "agent_order",
    "source": "synthetic_agent",
    "symbol": "BTCUSDT",
    "exchange": "binance_usdm",
    "timestamp": "2024-05-01T00:00:00.072000Z",
    "sequence": 9,
    "scenario_id": "scenario-320-latency_edge",
    "agent_id": "agent-latency_edge",
    "order_id": "scenario-320-latency_edge-agent-latency_edge-9",
    "action": "new",
    "side": "buy",
    "price": 65359.191999999995,
    "quantity": 0.006,
    "remaining_quantity": 0.006
  },
  {
    "event_id": "3bd1d52dd1ef6d7e35e2747949b5b44b583cba9d8bd5b46aa827e6d95c359039",
    "schema_version": "1.0.0",
    "event_type": "agent_order",
    "source": "synthetic_agent",
    "symbol": "BTCUSDT",
    "exchange": "binance_usdm",
    "timestamp": "2024-05-01T00:00:00.080000Z",
    "sequence": 10,
    "scenario_id": "scenario-320-latency_edge",
    "agent_id": "agent-latency_edge",
    "order_id": "scenario-320-latency_edge-agent-latency_edge-10",
    "action": "new",
    "side": "sell",
    "price": 65280.808,
    "quantity": 0.006,
    "remaining_quantity": 0.006
  },
  {
    "event_id": "468e641ba62e310441a65e8b2be7467384d52a739f8f2b736a353cd94f7b937c",
    "schema_version": "1.0.0",
    "event_type": "agent_order",
    "source": "synthetic_agent",
    "symbol": "BTCUSDT",
    "exchange": "binance_usdm",
    "timestamp": "2024-05-01T00:00:00.088000Z",
    "sequence": 11,
    "scenario_id": "scenario-320-latency_edge",
    "agent_id": "agent-latency_edge",
    "order_id": "scenario-320-latency_edge-agent-latency_edge-11",
    "action": "new",
    "side": "sell",
    "price": 65280.808,
    "quantity": 0.006,
    "remaining_quantity": 0.006
  },
  {
    "event_id": "fc6a7f703074777fb108eaf9d185e3f3f501d956aaabaf1c9977f412a386e3e6",
    "schema_version": "1.0.0",
    "event_type": "agent_order",
    "source": "synthetic_agent",
    "symbol": "BTCUSDT",
    "exchange": "binance_usdm",
    "timestamp": "2024-05-01T00:00:00.096000Z",
    "sequence": 12,
    "scenario_id": "scenario-320-latency_edge",
    "agent_id": "agent-latency_edge",
    "order_id": "scenario-320-latency_edge-agent-latency_edge-12",
    "action": "new",
    "side": "buy",
    "price": 65359.191999999995,
    "quantity": 0.006,
    "remaining_quantity": 0.006
  },
  {
    "event_id": "e13619e6e9d60119c9978c8198b54b19d61a5502d88f7d3b65f5f75846c03c96",
    "schema_version": "1.0.0",
    "event_type": "agent_order",
    "source": "synthetic_agent",
    "symbol": "BTCUSDT",
    "exchange": "binance_usdm",
    "timestamp": "2024-05-01T00:00:00.104000Z",
    "sequence": 13,
    "scenario_id": "scenario-320-latency_edge",
    "agent_id": "agent-latency_edge",
    "order_id": "scenario-320-latency_edge-agent-latency_edge-13",
    "action": "new",
    "side": "buy",
    "price": 65359.191999999995,
    "quantity": 0.006,
    "remaining_quantity": 0.006
  },
  {
    "event_id": "94b306de5ceff60e113aacae5060ca8bc1ca162ba423dc8bd98b765f8a9a9970",
    "schema_version": "1.0.0",
    "event_type": "agent_order",
    "source": "synthetic_agent",
    "symbol": "BTCUSDT",
    "exchange": "binance_usdm",
    "timestamp": "2024-05-01T00:00:00.112000Z",
    "sequence": 14,
    "scenario_id": "scenario-320-latency_edge",
    "agent_id": "agent-latency_edge",
    "order_id": "scenario-320-latency_edge-agent-latency_edge-14",
    "action": "new",
    "side": "sell",
    "price": 65280.808,
    "quantity": 0.006,
    "remaining_quantity": 0.006
  },
  {
    "event_id": "0629ae228188b59d0184f3426f33c36a5ae8c2b74591b3ed5771f8ae43ae60c3",
    "schema_version": "1.0.0",
    "event_type": "agent_order",
    "source": "synthetic_agent",
    "symbol": "BTCUSDT",
    "exchange": "binance_usdm",
    "timestamp": "2024-05-01T00:00:00.120000Z",
    "sequence": 15,
    "scenario_id": "scenario-320-latency_edge",
    "agent_id": "agent-latency_edge",
    "order_id": "scenario-320-latency_edge-agent-latency_edge-15",
    "action": "new",
    "side": "sell",
    "price": 65280.808,
    "quantity": 0.006,
    "remaining_quantity": 0.006
  },
  {
    "event_id": "d0b63cd0cba807f3a8c0dc8887eb86316c275eb4c28dbdcf1b0a7ad02100bc31",
    "schema_version": "1.0.0",
    "event_type": "agent_order",
    "source": "synthetic_agent",
    "symbol": "BTCUSDT",
    "exchange": "binance_usdm",
    "timestamp": "2024-05-01T00:00:00.128000Z",
    "sequence": 16,
    "scenario_id": "scenario-320-latency_edge",
    "agent_id": "agent-latency_edge",
    "order_id": "scenario-320-latency_edge-agent-latency_edge-16",
    "action": "new",
    "side": "buy",
    "price": 65359.191999999995,
    "quantity": 0.006,
    "remaining_quantity": 0.006
  },
  {
    "event_id": "cd3d968a855b1af8d8c8f213ee777c4c40afa10fee32764fcf67b8a763f0015b",
    "schema_version": "1.0.0",
    "event_type": "agent_order",
    "source": "synthetic_agent",
    "symbol": "BTCUSDT",
    "exchange": "binance_usdm",
    "timestamp": "2024-05-01T00:00:00.136000Z",
    "sequence": 17,
    "scenario_id": "scenario-320-latency_edge",
    "agent_id": "agent-latency_edge",
    "order_id": "scenario-320-latency_edge-agent-latency_edge-17",
    "action": "new",
    "side": "buy",
    "price": 65359.191999999995,
    "quantity": 0.006,
    "remaining_quantity": 0.006
  },
  {
    "event_id": "256a787ab23970b0a1c51a62a2fec30fe69116bb718a870eddfc8d72ce499800",
    "schema_version": "1.0.0",
    "event_type": "agent_order",
    "source": "synthetic_agent",
    "symbol": "BTCUSDT",
    "exchange": "binance_usdm",
    "timestamp": "2024-05-01T00:00:00.144000Z",
    "sequence": 18,
    "scenario_id": "scenario-320-latency_edge",
    "agent_id": "agent-latency_edge",
    "order_id": "scenario-320-latency_edge-agent-latency_edge-18",
    "action": "new",
    "side": "sell",
    "price": 65280.808,
    "quantity": 0.006,
    "remaining_quantity": 0.006
  },
  {
    "event_id": "3d5b706cc8fc39a9c26ba1386781f0ee287c640222ece7947792e8d8bae6a0e3",
    "schema_version": "1.0.0",
    "event_type": "agent_order",
    "source": "synthetic_agent",
    "symbol": "BTCUSDT",
    "exchange": "binance_usdm",
    "timestamp": "2024-05-01T00:00:00.152000Z",
    "sequence": 19,
    "scenario_id": "scenario-320-latency_edge",
    "agent_id": "agent-latency_edge",
    "order_id": "scenario-320-latency_edge-agent-latency_edge-19",
    "action": "new",
    "side": "sell",
    "price": 65280.808,
    "quantity": 0.006,
    "remaining_quantity": 0.006
  },
  {
    "event_id": "46142ec32dcb057523b58c035bee9867ad946be31980ab23e97b185176608c95",
    "schema_version": "1.0.0",
    "event_type": "agent_order",
    "source": "synthetic_agent",
    "symbol": "BTCUSDT",
    "exchange": "binance_usdm",
    "timestamp": "2024-05-01T00:00:00.160000Z",
    "sequence": 20,
    "scenario_id": "scenario-320-latency_edge",
    "agent_id": "agent-latency_edge",
    "order_id": "scenario-320-latency_edge-agent-latency_edge-20",
    "action": "new",
    "side": "buy",
    "price": 65359.191999999995,
    "quantity": 0.006,
    "remaining_quantity": 0.006
  },
  {
    "event_id": "6052142ea58036a650e711388171c15776483f8c17145eaa8829bc0f9d00e2f9",
    "schema_version": "1.0.0",
    "event_type": "agent_order",
    "source": "synthetic_agent",
    "symbol": "BTCUSDT",
    "exchange": "binance_usdm",
    "timestamp": "2024-05-01T00:00:00.168000Z",
    "sequence": 21,
    "scenario_id": "scenario-320-latency_edge",
    "agent_id": "agent-latency_edge",
    "order_id": "scenario-320-latency_edge-agent-latency_edge-21",
    "action": "new",
    "side": "buy",
    "price": 65359.191999999995,
    "quantity": 0.006,
    "remaining_quantity": 0.006
  },
  {
    "event_id": "091153e6465830bb2ce2da29a217c81ffdabcb949a0db002b4ebd366bacac66f",
    "schema_version": "1.0.0",
    "event_type": "agent_order",
    "source": "synthetic_agent",
    "symbol": "BTCUSDT",
    "exchange": "binance_usdm",
    "timestamp": "2024-05-01T00:00:00.176000Z",
    "sequence": 22,
    "scenario_id": "scenario-320-latency_edge",
    "agent_id": "agent-latency_edge",
    "order_id": "scenario-320-latency_edge-agent-latency_edge-22",
    "action": "new",
    "side": "sell",
    "price": 65280.808,
    "quantity": 0.006,
    "remaining_quantity": 0.006
  },
  {
    "event_id": "a1596bf1e99779ea99cb3e93993c6285dbe6bd63a678709ff9ab6702ddb5a51a",
    "schema_version": "1.0.0",
    "event_type": "agent_order",
    "source": "synthetic_agent",
    "symbol": "BTCUSDT",
    "exchange": "binance_usdm",
    "timestamp": "2024-05-01T00:00:00.184000Z",
    "sequence": 23,
    "scenario_id": "scenario-320-latency_edge",
    "agent_id": "agent-latency_edge",
    "order_id": "scenario-320-latency_edge-agent-latency_edge-23",
    "action": "new",
    "side": "sell",
    "price": 65280.808,
    "quantity": 0.006,
    "remaining_quantity": 0.006
  },
  {
    "event_id": "4b4faeb5e9fb2d86d1c6093db78fd29191cb396d6c0ac1f95081b5495645b71d",
    "schema_version": "1.0.0",
    "event_type": "agent_order",
    "source": "synthetic_agent",
    "symbol": "BTCUSDT",
    "exchange": "binance_usdm",
    "timestamp": "2024-05-01T00:00:00.192000Z",
    "sequence": 24,
    "scenario_id": "scenario-320-latency_edge",
    "agent_id": "agent-latency_edge",
    "order_id": "scenario-320-latency_edge-agent-latency_edge-24",
    "action": "new",
    "side": "buy",
    "price": 65359.191999999995,
    "quantity": 0.006,
    "remaining_quantity": 0.006
  },
  {
    "event_id": "0195dfac98aa51fa65c888062938f6f03c491fa78cb53bfe2f19452d868098eb",
    "schema_version": "1.0.0",
    "event_type": "agent_order",
    "source": "synthetic_agent",
    "symbol": "BTCUSDT",
    "exchange": "binance_usdm",
    "timestamp": "2024-05-01T00:00:00.200000Z",
    "sequence": 25,
    "scenario_id": "scenario-320-latency_edge",
    "agent_id": "agent-latency_edge",
    "order_id": "scenario-320-latency_edge-agent-latency_edge-25",
    "action": "new",
    "side": "buy",
    "price": 65359.191999999995,
    "quantity": 0.006,
    "remaining_quantity": 0.006
  },
  {
    "event_id": "2e726c1ee308f55394d7b987aa89d89b235dfdeefb5261fe9c033069d88cb61b",
    "schema_version": "1.0.0",
    "event_type": "agent_order",
    "source": "synthetic_agent",
    "symbol": "BTCUSDT",
    "exchange": "binance_usdm",
    "timestamp": "2024-05-01T00:00:00.208000Z",
    "sequence": 26,
    "scenario_id": "scenario-320-latency_edge",
    "agent_id": "agent-latency_edge",
    "order_id": "scenario-320-latency_edge-agent-latency_edge-26",
    "action": "new",
    "side": "sell",
    "price": 65280.808,
    "quantity": 0.006,
    "remaining_quantity": 0.006
  },
  {
    "event_id": "9cc0b1b6a31298b30921b75c27b5ab2d5bd081f289f65a5de8665f12dec8f158",
    "schema_version": "1.0.0",
    "event_type": "agent_order",
    "source": "synthetic_agent",
    "symbol": "BTCUSDT",
    "exchange": "binance_usdm",
    "timestamp": "2024-05-01T00:00:00.216000Z",
    "sequence": 27,
    "scenario_id": "scenario-320-latency_edge",
    "agent_id": "agent-latency_edge",
    "order_id": "scenario-320-latency_edge-agent-latency_edge-27",
    "action": "new",
    "side": "sell",
    "price": 65280.808,
    "quantity": 0.006,
    "remaining_quantity": 0.006
  },
  {
    "event_id": "b8c961b87fbd8b999e8ab748cefe1a9ce40d457fa561773c2cf4eb8d40036f14",
    "schema_version": "1.0.0",
    "event_type": "agent_order",
    "source": "synthetic_agent",
    "symbol": "BTCUSDT",
    "exchange": "binance_usdm",
    "timestamp": "2024-05-01T00:00:00.224000Z",
    "sequence": 28,
    "scenario_id": "scenario-320-latency_edge",
    "agent_id": "agent-latency_edge",
    "order_id": "scenario-320-latency_edge-agent-latency_edge-28",
    "action": "new",
    "side": "buy",
    "price": 65359.191999999995,
    "quantity": 0.006,
    "remaining_quantity": 0.006
  },
  {
    "event_id": "642a17afbfdeffd2780862728abda85aa924649e1522e4fe9eca120501117d29",
    "schema_version": "1.0.0",
    "event_type": "agent_order",
    "source": "synthetic_agent",
    "symbol": "BTCUSDT",
    "exchange": "binance_usdm",
    "timestamp": "2024-05-01T00:00:00.232000Z",
    "sequence": 29,
    "scenario_id": "scenario-320-latency_edge",
    "agent_id": "agent-latency_edge",
    "order_id": "scenario-320-latency_edge-agent-latency_edge-29",
    "action": "new",
    "side": "buy",
    "price": 65359.191999999995,
    "quantity": 0.006,
    "remaining_quantity": 0.006
  }
]