[
  {
    "event_id": "a7c0f96ce1163699ebca71011fa889241db87322b2b4472326cab4142ad358c2",
    "schema_version": "1.0.0",
    "event_type": "agent_order",
    "source": "synthetic_agent",
    "symbol": "BTCUSDT",
    "exchange": "binance_usdm",
    "timestamp": "2024-05-01T00:00:00Z",
    "sequence": 0,
    "scenario_id": "scenario-076-quote_stuffing",
    "agent_id": "agent-quote_stuffing",
    "order_id": "scenario-076-quote_stuffing-agent-quote_stuffing-0",
    "action": "new",
    "side": "buy",
    "price": 65069.4924,
    "quantity": 0.001,
    "remaining_quantity": 0.001
  },
  {
    "event_id": "5c7137369ba91bf4d0c92d1728d4e84e896304e09e45ebf7b66999d82d49bcd0",
    "schema_version": "1.0.0",
    "event_type": "agent_order",
    "source": "synthetic_agent",
    "symbol": "BTCUSDT",
    "exchange": "binance_usdm",
    "timestamp": "2024-05-01T00:00:00.005000Z",
    "sequence": 1,
    "scenario_id": "scenario-076-quote_stuffing",
    "agent_id": "agent-quote_stuffing",
    "order_id": "scenario-076-quote_stuffing-agent-quote_stuffing-1",
    "action": "new",
    "side": "sell",
    "price": 65082.5076,
    "quantity": 0.001,
    "remaining_quantity": 0.001
  },
  {
    "event_id": "d070d4d5592f59ac843c88cc00bf359119a1f750fb21e1dfa0868852e34a2c35",
    "schema_version": "1.0.0",
    "event_type": "agent_order",
    "source": "synthetic_agent",
    "symbol": "BTCUSDT",
    "exchange": "binance_usdm",
    "timestamp": "2024-05-01T00:00:00.010000Z",
    "sequence": 2,
    "scenario_id": "scenario-076-quote_stuffing",
    "agent_id": "agent-quote_stuffing",
    "order_id": "scenario-076-quote_stuffing-agent-quote_stuffing-2",
    "action": "new",
    "side": "buy",
    "price": 65069.4924,
    "quantity": 0.001,
    "remaining_quantity": 0.001
  },
  {
    "event_id": "5498bc097f897b5b5950dca4affadd6c35625d5d3a394f4977078e981a656a75",
    "schema_version": "1.0.0",
    "event_type": "agent_order",
    "source": "synthetic_agent",
    "symbol": "BTCUSDT",
    "exchange": "binance_usdm",
    "timestamp": "2024-05-01T00:00:00.015000Z",
    "sequence": 3,
    "scenario_id": "scenario-076-quote_stuffing",
    "agent_id": "agent-quote_stuffing",
    "order_id": "scenario-076-quote_stuffing-agent-quote_stuffing-3",
    "action": "new",
    "side": "sell",
    "price": 65082.5076,
    "quantity": 0.001,
    "remaining_quantity": 0.001
  },
  {
    "event_id": "168cc338efa54e579d024c519a8982db797fd9b8da4526ad6de5f44c7abe6024",
    "schema_version": "1.0.0",
    "event_type": "agent_order",
    "source": "synthetic_agent",
    "symbol": "BTCUSDT",
    "exchange": "binance_usdm",
    "timestamp": "2024-05-01T00:00:00.020000Z",
    "sequence": 4,
    "scenario_id": "scenario-076-quote_stuffing",
    "agent_id": "agent-quote_stuffing",
    "order_id": "scenario-076-quote_stuffing-agent-quote_stuffing-4",
    "action": "new",
    "side": "buy",
    "price": 65069.4924,
    "quantity": 0.001,
    "remaining_quantity": 0.001
  },
  {
    "event_id": "db6cdecac6aac8e93c7d4086c00f6302754e3d8ab344fcf721b712a2c214fdf3",
    "schema_version": "1.0.0",
    "event_type": "agent_order",
    "source": "synthetic_agent",
    "symbol": "BTCUSDT",
    "exchange": "binance_usdm",
    "timestamp": "2024-05-01T00:00:00.025000Z",
    "sequence": 5,
    "scenario_id": "scenario-076-quote_stuffing",
    "agent_id": "agent-quote_stuffing",
    "order_id": "scenario-076-quote_stuffing-agent-quote_stuffing-5",
    "action": "new",
    "side": "sell",
    "price": 65082.5076,
    "quantity": 0.001,
    "remaining_quantity": 0.001
  },
  {
    "event_id": "e74821bdefc8d964de89a536f8e595495eb01724d22492e842043a5d364086e9",
    "schema_version": "1.0.0",
    "event_type": "agent_order",
    "source": "synthetic_agent",
    "symbol": "BTCUSDT",
    "exchange": "binance_usdm",
    "timestamp": "2024-05-01T00:00:00.030000Z",
    "sequence": 6,
    "scenario_id": "scenario-076-quote_stuffing",
    "agent_id": "agent-quote_stuffing",
    "order_id": "scenario-076-quote_stuffing-agent-quote_stuffing-6",
    "action": "new",
    "side": "buy",
    "price": 65069.4924,
    "quantity": 0.001,
    "remaining_quantity": 0.001
  },
  {
    "event_id": "2848af2ddc94ebb7ff83f93f5b9a49fa91432500250a549834d5cee37312ba30",
    "schema_version": "1.0.0",
    "event_type": "agent_order",
    "source": "synthetic_agent",
    "symbol": "BTCUSDT",
    "exchange": "binance_usdm",
    "timestamp": "2024-05-01T00:00:00.035000Z",
    "sequence": 7,
    "scenario_id": "scenario-076-quote_stuffing",
    "agent_id": "agent-quote_stuffing",
    "order_id": "scenario-076-quote_stuffing-agent-quote_stuffing-7",
    "action": "new",
    "side": "sell",
    "price": 65082.5076,
    "quantity": 0.001,
    "remaining_quantity": 0.001
  },
  {
    "event_id": "492d284a88614ed09887769d510950aa7ca2aa43dcfc79e8dcbf2cb5029d7fc6",
    "schema_version": "1.0.0",
    "event_type": "agent_order",
    "source": "synthetic_agent",
    "symbol": "BTCUSDT",
    "exchange": "binance_usdm",
    "timestamp": "2024-05-01T00:00:00.040000Z",
    "sequence": 8,
    "scenario_id": "scenario-076-quote_stuffing",
    "agent_id": "agent-quote_stuffing",
    "order_id": "scenario-076-quote_stuffing-agent-quote_stuffing-8",
    "action": "new",
    "side": "buy",
    "price": 65069.4924,
    "quantity": 0.001,
    "remaining_quantity": 0.001
  },
  {
    "event_id": "37c208da41d837daa69539df69ca8a801e901d7a9d08d1809ca32e3089dce0ec",
    "schema_version": "1.0.0",
    "event_type": "agent_order",
    "source": "synthetic_agent",
    "symbol": "BTCUSDT",
    "exchange": "binance_usdm",
    "timestamp": "2024-05-01T00:00:00.045000Z",
    "sequence": 9,
    "scenario_id": "scenario-076-quote_stuffing",
    "agent_id": "agent-quote_stuffing",
    "order_id": "scenario-076-quote_stuffing-agent-quote_stuffing-9",
    "action": "new",
    "side": "sell",
    "price": 65082.5076,
    "quantity": 0.001,
    "remaining_quantity": 0.001
  },
  {
    "event_id": "443b9db0e13dc0f680129f85ca7480e7a7345d8866e95c4979bcb209c92ad270",
    "schema_version": "1.0.0",
    "event_type": "agent_order",
    "source": "synthetic_agent",
    "symbol": "BTCUSDT",
    "exchange": "binance_usdm",
    "timestamp": "2024-05-01T00:00:00.050000Z",
    "sequence": 10,
    "scenario_id": "scenario-076-quote_stuffing",
    "agent_id": "agent-quote_stuffing",
    "order_id": "scenario-076-quote_stuffing-agent-quote_stuffing-10",
    "action": "new",
    "side": "buy",
    "price": 65069.4924,
    "quantity": 0.001,
    "remaining_quantity": 0.001
  },
  {
    "event_id": "c711f83bb02a1ecf8c585a3576d08a555ad643f746e0d9ed49c3a76e501d08ca",
    "schema_version": "1.0.0",
    "event_type": "agent_order",
    "source": "synthetic_agent",
    "symbol": "BTCUSDT",
    "exchange": "binance_usdm",
    "timestamp": "2024-05-01T00:00:00.055000Z",
    "sequence": 11,
    "scenario_id": "scenario-076-quote_stuffing",
    "agent_id": "agent-quote_stuffing",
    "order_id": "scenario-076-quote_stuffing-agent-quote_stuffing-11",
    "action": "new",
    "side": "sell",
    "price": 65082.5076,
    "quantity": 0.001,
    "remaining_quantity": 0.001
  },
  {
    "event_id": "53b27abfc516e10ad07b1a65b81e5b3371d7ceeba6fcea0a6556cfd42d0b0325",
    "schema_version": "1.0.0",
    "event_type": "agent_order",
    "source": "synthetic_agent",
    "symbol": "BTCUSDT",
    "exchange": "binance_usdm",
    "timestamp": "2024-05-01T00:00:00.060000Z",
    "sequence": 12,
    "scenario_id": "scenario-076-quote_stuffing",
    "agent_id": "agent-quote_stuffing",
    "order_id": "scenario-076-quote_stuffing-agent-quote_stuffing-12",
    "action": "new",
    "side": "buy",
    "price": 65069.4924,
    "quantity": 0.001,
    "remaining_quantity": 0.001
  },
  {
    "event_id": "0071e056b7d0915f821db1b48ee01e5b03d2055049a855d1f7aa298e602f976a",
    "schema_version": "1.0.0",
    "event_type": "agent_order",
    "source": "synthetic_agent",
    "symbol": "BTCUSDT",
    "exchange": "binance_usdm",
    "timestamp": "2024-05-01T00:00:00.065000Z",
    "sequence": 13,
    "scenario_id": "scenario-076-quote_stuffing",
    "agent_id": "agent-quote_stuffing",
    "order_id": "scenario-076-quote_stuffing-agent-quote_stuffing-13",
    "action": "new",
    "side": "sell",
    "price": 65082.5076,
    "quantity": 0.001,
    "remaining_quantity": 0.001
  },
  {
    "event_id": "2bda882894ef925fcc60a87b43ee2e90985a71a0cc9025161f08a132a27f41fb",
    "schema_version": "1.0.0",
    "event_type": "agent_order",
    "source": "synthetic_agent",
    "symbol": "BTCUSDT",
    "exchange": "binance_usdm",
    "timestamp": "2024-05-01T00:00:00.070000Z",
    "sequence": 14,
    "scenario_id": "scenario-076-quote_stuffing",
    "agent_id": "agent-quote_stuffing",
    "order_id": "scenario-076-quote_stuffing-agent-quote_stuffing-14",
    "action": "new",
    "side": "buy",
    "price": 65069.4924,
    "quantity": 0.001,
    "remaining_quantity": 0.001
  },
  {
    "event_id": "9aeca811308c678265cdac5f2e80d1c3dcb0a1daa73fd7b9a45fd8ebb845b1ba",
    "schema_version": "1.0.0",
    "event_type": "agent_order",
    "source": "synthetic_agent",
    "symbol": "BTCUSDT",
    "exchange": "binance_usdm",
    "timestamp": "2024-05-01T00:00:00.075000Z",
    "sequence": 15,
    "scenario_id": "scenario-076-quote_stuffing",
    "agent_id": "agent-quote_stuffing",
    "order_id": "scenario-076-quote_stuffing-agent-quote_stuffing-15",
    "action": "new",
    "side": "sell",
    "price": 65082.5076,
    "quantity": 0.001,
    "remaining_quantity": 0.001
  },
  {
    "event_id": "58211e41fba50cb1a814a2f743ca3b49f0b3041c75350aa08d17449c7ae00b55",
    "schema_version": "1.0.0",
    "event_type": "agent_order",
    "source": "synthetic_agent",
    "symbol": "BTCUSDT",
    "exchange": "binance_usdm",
    "timestamp": "2024-05-01T00:00:00.080000Z",
    "sequence": 16,
    "scenario_id": "scenario-076-quote_stuffing",
    "agent_id": "agent-quote_stuffing",
    "order_id": "scenario-076-quote_stuffing-agent-quote_stuffing-16",
    "action": "new",
    "side": "buy",
    "price": 65069.4924,
    "quantity": 0.001,
    "remaining_quantity": 0.001
  },
  {
    "event_id": "cebebdbb4af5e6d23a550e996a1807da96463edf84b21cd4aed7ccef423c3b32",
    "schema_version": "1.0.0",
    "event_type": "agent_order",
    "source": "synthetic_agent",
    "symbol": "BTCUSDT",
    "exchange": "binance_usdm",
    "timestamp": "2024-05-01T00:00:00.085000Z",
    "sequence": 17,
    "scenario_id": "scenario-076-quote_stuffing",
    "agent_id": "agent-quote_stuffing",
    "order_id": "scenario-076-quote_stuffing-agent-quote_stuffing-17",
    "action": "new",
    "side": "sell",
    "price": 65082.5076,
    "quantity": 0.001,
    "remaining_quantity": 0.001
  },
  {
    "event_id": "3a823fe99b9528174b3b4587b6b514202a47c92984e9e3f26c920feacf7cf010",
    "schema_version": "1.0.0",
    "event_type": "agent_order",
    "source": "synthetic_agent",
    "symbol": "BTCUSDT",
    "exchange": "binance_usdm",
    "timestamp": "2024-05-01T00:00:00.090000Z",
    "sequence": 18,
    "scenario_id": "scenario-076-quote_stuffing",
    "agent_id": "agent-quote_stuffing",
    "order_id": "scenario-076-quote_stuffing-agent-quote_stuffing-18",
    "action": "new",
    "side": "buy",
    "price": 65069.4924,
    "quantity": 0.001,
    "remaining_quantity": 0.001
  },
  {
    "event_id": "3a68f3891f9d6932b73e2edc2dbe24a458f9e23f1ccdfb47d8de912b1aec3a68",
    "schema_version": "1.0.0",
    "event_type": "agent_order",
    "source": "synthetic_agent",
    "symbol": "BTCUSDT",
    "exchange": "binance_usdm",
    "timestamp": "2024-05-01T00:00:00.095000Z",
    "sequence": 19,
    "scenario_id": "scenario-076-quote_stuffing",
    "agent_id": "agent-quote_stuffing",
    "order_id": "scenario-076-quote_stuffing-agent-quote_stuffing-19",
    "action": "new",
    "side": "sell",
    "price": 65082.5076,
    "quantity": 0.001,
    "remaining_quantity": 0.001
  },
  {
    "event_id": "1a2ad1837ab2ec259df2d0e75b519d946ed8819345be6f8e1713a79d29c6289b",
    "schema_version": "1.0.0",
    "event_type": "agent_order",
    "source": "synthetic_agent",
    "symbol": "BTCUSDT",
    "exchange": "binance_usdm",
    "timestamp": "2024-05-01T00:00:00.100000Z",
    "sequence": 20,
    "scenario_id": "scenario-076-quote_stuffing",
    "agent_id": "agent-quote_stuffing",
    "order_id": "scenario-076-quote_stuffing-agent-quote_stuffing-20",
    "action": "new",
    "side": "buy",
    "price": 65069.4924,
    "quantity": 0.001,
    "remaining_quantity": 0.001
  },
  {
    "event_id": "46a463a6107858614cc56c53703e8ff31307572e762021b31a5cab0b7d2b29bb",
    "schema_version": "1.0.0",
    "event_type": "agent_order",
    "source": "synthetic_agent",
    "symbol": "BTCUSDT",
    "exchange": "binance_usdm",
    "timestamp": "2024-05-01T00:00:00.105000Z",
    "sequence": 21,
    "scenario_id": "scenario-076-quote_stuffing",
    "agent_id": "agent-quote_stuffing",
    "order_id": "scenario-076-quote_stuffing-agent-quote_stuffing-21",
    "action": "new",
    "side": "sell",
    "price": 65082.5076,
    "quantity": 0.001,
    "remaining_quantity": 0.001
  },
  {
    "event_id": "23176678728bcfcd512d719811907fd399a5c35232bbb8bdee5e83e17b6054c3",
    "schema_version": "1.0.0",
    "event_type": "agent_order",
    "source": "synthetic_agent",
    "symbol": "BTCUSDT",
    "exchange": "binance_usdm",
    "timestamp": "2024-05-01T00:00:00.110000Z",
    "sequence": 22,
    "scenario_id": "scenario-076-quote_stuffing",
    "agent_id": "agent-quote_stuffing",
    "order_id": "scenario-076-quote_stuffing-agent-quote_stuffing-22",
    "action": "new",
    "side": "buy",
    "price": 65069.4924,
    "quantity": 0.001,
    "remaining_quantity": 0.001
  },
  {
    "event_id": "e4eec909dffaf29773136cd00fe4aff8472d0143baf0acf0d6f507cbe56f61a4",
    "schema_version": "1.0.0",
    "event_type": "agent_order",
    "source": "synthetic_agent",
    "symbol": "BTCUSDT",
    "exchange": "binance_usdm",
    "timestamp": "2024-05-01T00:00:00.115000Z",
    "sequence": 23,
    "scenario_id": "scenario-076-quote_stuffing",
    "agent_id": "agent-quote_stuffing",
    "order_id": "scenario-076-quote_stuffing-agent-quote_stuffing-23",
    "action": "new",
    "side": "sell",
    "price": 65082.5076,
    "quantity": 0.001,
    "remaining_quantity": 0.001
  },
  {
    "event_id": "68960bb214c16305e257f5685106e58e95a5aa17d72313543a52e63545cf7377",
    "schema_version": "1.0.0",
    "event_type": "agent_order",
    "source": "synthetic_agent",
    "symbol": "BTCUSDT",
    "exchange": "binance_usdm",
    "timestamp": "2024-05-01T00:00:00.120000Z",
    "sequence": 24,
    "scenario_id": "scenario-076-quote_stuffing",
    "agent_id": "agent-quote_stuffing",
    "order_id": "scenario-076-quote_stuffing-agent-quote_stuffing-24",
    "action": "new",
    "side": "buy",
    "price": 65069.4924,
    "quantity": 0.001,
    "remaining_quantity": 0.001
  },
  {
    "event_id": "575b52bdf3430a5fb373c606772a1d00710f44315f16ef687a5e042df2e4060b",
    "schema_version": "1.0.0",
    "event_type": "agent_order",
    "source": "synthetic_agent",
    "symbol": "BTCUSDT",
    "exchange": "binance_usdm",
    "timestamp": "2024-05-01T00:00:00.125000Z",
    "sequence": 25,
    "scenario_id": "scenario-076-quote_stuffing",
    "agent_id": "agent-quote_stuffing",
    "order_id": "scenario-076-quote_stuffing-agent-quote_stuffing-25",
    "action": "new",
    "side": "sell",
    "price": 65082.5076,
    "quantity": 0.001,
    "remaining_quantity": 0.001
  },
  {
    "event_id": "aaee892c1a7040a994ea9ead8a7736bc0551796ee12228730641b9262aafedfc",
    "schema_version": "1.0.0",
    "event_type": "agent_order",
    "source": "synthetic_agent",
    "symbol": "BTCUSDT",
    "exchange": "binance_usdm",
    "timestamp": "2024-05-01T00:00:00.130000Z",
    "sequence": 26,
    "scenario_id": "scenario-076-quote_stuffing",
    "agent_id": "agent-quote_stuffing",
    "order_id": "scenario-076-quote_stuffing-agent-quote_stuffing-26",
    "action": "new",
    "side": "buy",
    "price": 65069.4924,
    "quantity": 0.001,
    "remaining_quantity": 0.001
  },
  {
    "event_id": "27a4bb8b0cdbebf015b82eafb91ab211873282fe67b1f443c5cc109647c5c0a5",
    "schema_version": "1.0.0",
    "event_type": "agent_order",
    "source": "synthetic_agent",
    "symbol": "BTCUSDT",
    "exchange": "binance_usdm",
    "timestamp": "2024-05-01T00:00:00.135000Z",
    "sequence": 27,
    "scenario_id": "scenario-076-quote_stuffing",
    "agent_id": "agent-quote_stuffing",
    "order_id": "scenario-076-quote_stuffing-agent-quote_stuffing-27",
    "action": "new",
    "side": "sell",
    "price": 65082.5076,
    "quantity": 0.001,
    "remaining_quantity": 0.001
  },
  {
    "event_id": "009fc4dc5f21910aeed9a0e4cdadf994cc8ceb589ae1f4fb80d46bae54c367f3",
    "schema_version": "1.0.0",
    "event_type": "agent_order",
    "source": "synthetic_agent",
    "symbol": "BTCUSDT",
    "exchange": "binance_usdm",
    "timestamp": "2024-05-01T00:00:00.140000Z",
    "sequence": 28,
    "scenario_id": "scenario-076-quote_stuffing",
    "agent_id": "agent-quote_stuffing",
    "order_id": "scenario-076-quote_stuffing-agent-quote_stuffing-28",
    "action": "new",
    "side": "buy",
    "price": 65069.4924,
    "quantity": 0.001,
    "remaining_quantity": 0.001
  },
  {
    "event_id": "7369252c6e3e43fee82b929a2adbf496f457b020b85586c3750f7b5219fae9c6",
    "schema_version": "1.0.0",
    "event_type": "agent_order",
    "source": "synthetic_agent",
    "symbol": "BTCUSDT",
    "exchange": "binance_usdm",
    "timestamp": "2024-05-01T00:00:00.145000Z",
    "sequence": 29,
    "scenario_id": "scenario-076-quote_stuffing",
    "agent_id": "agent-quote_stuffing",
    "order_id": "scenario-076-quote_stuffing-agent-quote_stuffing-29",
    "action": "new",
    "side": "sell",
    "price": 65082.5076,
    "quantity": 0.001,
    "remaining_quantity": 0.001
  }
]