[
  {
    "event_id": "a3597718385475327b968c80e7abc0d23cefa9986edc65fecebc9d7d4651cada",
    "schema_version": "1.0.0",
    "event_type": "agent_order",
    "source": "synthetic_agent",
    "symbol": "BTCUSDT",
    "exchange": "binance_usdm",
    "timestamp": "2024-05-01T00:00:00Z",
    "sequence": 0,
    "scenario_id": "scenario-093-stop_run_sweep",
    "agent_id": "agent-stop_run_sweep",
    "order_id": "scenario-093-stop_run_sweep-agent-stop_run_sweep-0",
    "action": "new",
    "side": "buy",
    "price": 65158.09299999999,
    "quantity": 0.06,
    "remaining_quantity": 0.06
  },
  {
    "event_id": "ba8622cbddd8035661214a3e5f8f56743402454ee72cbc5546268e04c8bf14b8",
    "schema_version": "1.0.0",
    "event_type": "agent_order",
    "source": "synthetic_agent",
    "symbol": "BTCUSDT",
    "exchange": "binance_usdm",
    "timestamp": "2024-05-01T00:00:00.030000Z",
    "sequence": 1,
    "scenario_id": "scenario-093-stop_run_sweep",
    "agent_id": "agent-stop_run_sweep",
    "order_id": "scenario-093-stop_run_sweep-agent-stop_run_sweep-1",
    "action": "new",
    "side": "buy",
    "price": 65161.347649999996,
    "quantity": 0.06,
    "remaining_quantity": 0.06
  },
  {
    "event_id": "480b6b4cdc426b16cc09bc43551165e0ed591ad29de0e00601ff96e4c393d68e",
    "schema_version": "1.0.0",
    "event_type": "agent_order",
    "source": "synthetic_agent",
    "symbol": "BTCUSDT",
    "exchange": "binance_usdm",
    "timestamp": "2024-05-01T00:00:00.060000Z",
    "sequence": 2,
    "scenario_id": "scenario-093-stop_run_sweep",
    "agent_id": "agent-stop_run_sweep",
    "order_id": "scenario-093-stop_run_sweep-agent-stop_run_sweep-2",
    "action": "new",
    "side": "buy",
    "price": 65164.60229999999,
    "quantity": 0.06,
    "remaining_quantity": 0.06
  },
  {
    "event_id": "8874938c56295682df7320dcf07d8f32723f51b9f039f142e94b210c5de8474c",
    "schema_version": "1.0.0",
    "event_type": "agent_order",
    "source": "synthetic_agent",
    "symbol": "BTCUSDT",
    "exchange": "binance_usdm",
    "timestamp": "2024-05-01T00:00:00.090000Z",
    "sequence": 3,
    "scenario_id": "scenario-093-stop_run_sweep",
    "agent_id": "agent-stop_run_sweep",
    "order_id": "scenario-093-stop_run_sweep-agent-stop_run_sweep-3",
    "action": "new",
    "side": "buy",
    "price": 65167.85695,
    "quantity": 0.06,
    "remaining_quantity": 0.06
  },
  {
    "event_id": "e1ee8c01f802cece3bdcf8dd7f687468908812ca0afbc3ceafd4a73bb2b6bc9a",
    "schema_version": "1.0.0",
    "event_type": "agent_order",
    "source": "synthetic_agent",
    "symbol": "BTCUSDT",
    "exchange": "binance_usdm",
    "timestamp": "2024-05-01T00:00:00.120000Z",
    "sequence": 4,
    "scenario_id": "scenario-093-stop_run_sweep",
    "agent_id": "agent-stop_run_sweep",
    "order_id": "scenario-093-stop_run_sweep-agent-stop_run_sweep-4",
    "action": "new",
    "side": "buy",
    "price": 65171.11159999999,
    "quantity": 0.06,
    "remaining_quantity": 0.06
  },
  {
    "event_id": "e641ef5e6d93cdad17d7d9bb3f777e395d5dbce51d9ad8913bd9fb72fd4035bf",
    "schema_version": "1.0.0",
    "event_type": "agent_order",
    "source": "synthetic_agent",
    "symbol": "BTCUSDT",
    "exchange": "binance_usdm",
    "timestamp": "2024-05-01T00:00:00.150000Z",
    "sequence": 5,
    "scenario_id": "scenario-093-stop_run_sweep",
    "agent_id": "agent-stop_run_sweep",
    "order_id": "scenario-093-stop_run_sweep-agent-stop_run_sweep-5",
    "action": "new",
    "side": "buy",
    "price": 65174.36625,
    "quantity": 0.06,
    "remaining_quantity": 0.06
  },
  {
    "event_id": "f0d145949c0a6a5028c930f6e3c27ab7ccafcef5d371cb219ac3f8a72c8a368a",
    "schema_version": "1.0.0",
    "event_type": "agent_order",
    "source": "synthetic_agent",
    "symbol": "BTCUSDT",
    "exchange": "binance_usdm",
    "timestamp": "2024-05-01T00:00:00.180000Z",
    "sequence": 6,
    "scenario_id": "scenario-093-stop_run_sweep",
    "agent_id": "agent-stop_run_sweep",
    "order_id": "scenario-093-stop_run_sweep-agent-stop_run_sweep-6",
    "action": "new",
    "side": "buy",
    "price": 65177.62089999999,
    "quantity": 0.06,
    "remaining_quantity": 0.06
  },
  {
    "event_id": "33bf1d4e9b7a5b1dc34ffefe934fa98e0ad7c74ad4bee8e4f1fc5e59d4f6ac3a",
    "schema_version": "1.0.0",
    "event_type": "agent_order",
    "source": "synthetic_agent",
    "symbol": "BTCUSDT",
    "exchange": "binance_usdm",
    "timestamp": "2024-05-01T00:00:00.210000Z",
    "sequence": 7,
    "scenario_id": "scenario-093-stop_run_sweep",
    "agent_id": "agent-stop_run_sweep",
    "order_id": "scenario-093-stop_run_sweep-agent-stop_run_sweep-7",
    "action": "new",
    "side": "buy",
    "price": 65180.87555,
    "quantity": 0.06,
    "remaining_quantity": 0.06
  },
  {
    "event_id": "9ab4f367022ccbb454a9b3168c095bf1ce5e9a7aeeeb9202061b7707244cd4d0",
    "schema_version": "1.0.0",
    "event_type": "agent_order",
    "source": "synthetic_agent",
    "symbol": "BTCUSDT",
    "exchange": "binance_usdm",
    "timestamp": "2024-05-01T00:00:00.240000Z",
    "sequence": 8,
    "scenario_id": "scenario-093-stop_run_sweep",
    "agent_id": "agent-stop_run_sweep",
    "order_id": "scenario-093-stop_run_sweep-agent-stop_run_sweep-8",
    "action": "new",
    "side": "buy",
    "price": 65184.13019999999,
    "quantity": 0.06,
    "remaining_quantity": 0.06
  },
  {
    "event_id": "ef4f199a74af38bb2028e4f051ad5b7587df9fae8ac251734ab4b8772c249e07",
    "schema_version": "1.0.0",
    "event_type": "agent_order",
    "source": "synthetic_agent",
    "symbol": "BTCUSDT",
    "exchange": "binance_usdm",
    "timestamp": "2024-05-01T00:00:00.270000Z",
    "sequence": 9,
    "scenario_id": "scenario-093-stop_run_sweep",
    "agent_id": "agent-stop_run_sweep",
    "order_id": "scenario-093-stop_run_sweep-agent-stop_run_sweep-9",
    "action": "new",
    "side": "buy",
    "price": 65187.384849999995,
    "quantity": 0.06,
    "remaining_quantity": 0.06
  },
  {
    "event_id": "2dd3ac6884f6af1db4360ac78219d62c1de6d6dc5a7ca526c9eed7a08e8ef0aa",
    "schema_version": "1.0.0",
    "event_type": "agent_order",
    "source": "synthetic_agent",
    "symbol": "BTCUSDT",
    "exchange": "binance_usdm",
    "timestamp": "2024-05-01T00:00:00.300000Z",
    "sequence": 10,
    "scenario_id": "scenario-093-stop_run_sweep",
    "agent_id": "agent-stop_run_sweep",
    "order_id": "scenario-093-stop_run_sweep-agent-stop_run_sweep-10",
    "action": "new",
    "side": "buy",
    "price": 65190.63949999999,
    "quantity": 0.06,
    "remaining_quantity": 0.06
  },
  {
    "event_id": "b9d00f001b4b0730da75c24984b18583e15a93469507833912ffdb409b47ba21",
    "schema_version": "1.0.0",
    "event_type": "agent_order",
    "source": "synthetic_agent",
    "symbol": "BTCUSDT",
    "exchange": "binance_usdm",
    "timestamp": "2024-05-01T00:00:00.330000Z",
    "sequence": 11,
    "scenario_id": "scenario-093-stop_run_sweep",
    "agent_id": "agent-stop_run_sweep",
    "order_id": "scenario-093-stop_run_sweep-agent-stop_run_sweep-11",
    "action": "new",
    "side": "buy",
    "price": 65193.89414999999,
    "quantity": 0.06,
    "remaining_quantity": 0.06
  },
  {
    "event_id": "2d320b618a3961277ca9cb5c4a97e20df38925506cf4f35696ee3500413d3cf9",
    "schema_version": "1.0.0",
    "event_type": "agent_order",
    "source": "synthetic_agent",
    "symbol": "BTCUSDT",
    "exchange": "binance_usdm",
    "timestamp": "2024-05-01T00:00:00.360000Z",
    "sequence": 12,
    "scenario_id": "scenario-093-stop_run_sweep",
    "agent_id": "agent-stop_run_sweep",
    "order_id": "scenario-093-stop_run_sweep-agent-stop_run_sweep-12",
    "action": "new",
    "side": "buy",
    "price": 65197.14879999999,
    "quantity": 0.06,
    "remaining_quantity": 0.06
  },
  {
    "event_id": "fc698fcd3344d19294ce759f5dfd4a6b114a5f582f28c2d054be126687baf841",
    "schema_version": "1.0.0",
    "event_type": "agent_order",
    "source": "synthetic_agent",
    "symbol": "BTCUSDT",
    "exchange": "binance_usdm",
    "timestamp": "2024-05-01T00:00:00.390000Z",
    "sequence": 13,
    "scenario_id": "scenario-093-stop_run_sweep",
    "agent_id": "agent-stop_run_sweep",
    "order_id": "scenario-093-stop_run_sweep-agent-stop_run_sweep-13",
    "action": "new",
    "side": "buy",
    "price": 65200.40345,
    "quantity": 0.06,
    "remaining_quantity": 0.06
  },
  {
    "event_id": "1a12a1ccffc9717a4e832b01fb9d1a6c10f1fff1bb3239da17970f314d292a14",
    "schema_version": "1.0.0",
    "event_type": "agent_order",
    "source": "synthetic_agent",
    "symbol": "BTCUSDT",
    "exchange": "binance_usdm",
    "timestamp": "2024-05-01T00:00:00.420000Z",
    "sequence": 14,
    "scenario_id": "scenario-093-stop_run_sweep",
    "agent_id": "agent-stop_run_sweep",
    "order_id": "scenario-093-stop_run_sweep-agent-stop_run_sweep-14",
    "action": "new",
    "side": "buy",
    "price": 65203.658099999986,
    "quantity": 0.06,
    "remaining_quantity": 0.06
  },
  {
    "event_id": "952a80c09590fb3a674ad6327e29a83dcb2e06c9b98e74f3909a4bc3641a783c",
    "schema_version": "1.0.0",
    "event_type": "agent_order",
    "source": "synthetic_agent",
    "symbol": "BTCUSDT",
    "exchange": "binance_usdm",
    "timestamp": "2024-05-01T00:00:00.450000Z",
    "sequence": 15,
    "scenario_id": "scenario-093-stop_run_sweep",
    "agent_id": "agent-stop_run_sweep",
    "order_id": "scenario-093-stop_run_sweep-agent-stop_run_sweep-15",
    "action": "new",
    "side": "buy",
    "price": 65206.912749999996,
    "quantity": 0.06,
    "remaining_quantity": 0.06
  },
  {
    "event_id": "4bd3ecf76eb4e734ecf04e17f66c754d5e75bcd0d41947aad0491b669a062e1c",
    "schema_version": "1.0.0",
    "event_type": "agent_order",
    "source": "synthetic_agent",
    "symbol": "BTCUSDT",
    "exchange": "binance_usdm",
    "timestamp": "2024-05-01T00:00:00.480000Z",
    "sequence": 16,
    "scenario_id": "scenario-093-stop_run_sweep",
    "agent_id": "agent-stop_run_sweep",
    "order_id": "scenario-093-stop_run_sweep-agent-stop_run_sweep-16",
    "action": "new",
    "side": "buy",
    "price": 65210.167399999984,
    "quantity": 0.06,
    "remaining_quantity": 0.06
  },
  {
    "event_id": "c113e8f54082d9041fde5939879fd4389221721f0850b676f66c24f7510e26f0",
    "schema_version": "1.0.0",
    "event_type": "agent_order",
    "source": "synthetic_agent",
    "symbol": "BTCUSDT",
    "exchange": "binance_usdm",
    "timestamp": "2024-05-01T00:00:00.510000Z",
    "sequence": 17,
    "scenario_id": "scenario-093-stop_run_sweep",
    "agent_id": "agent-stop_run_sweep",
    "order_id": "scenario-093-stop_run_sweep-agent-stop_run_sweep-17",
    "action": "new",
    "side": "buy",
    "price": 65213.422049999994,
    "quantity": 0.06,
    "remaining_quantity": 0.06
  },
  {
    "event_id": "4815813434db5cba3bdfb62ea7fa3ed5d621e518e51d08d7cc27db398ac22b18",
    "schema_version": "1.0.0",
    "event_type": "agent_order",
    "source": "synthetic_agent",
    "symbol": "BTCUSDT",
    "exchange": "binance_usdm",
    "timestamp": "2024-05-01T00:00:00.540000Z",
    "sequence": 18,
    "scenario_id": "scenario-093-stop_run_sweep",
    "agent_id": "agent-stop_run_sweep",
    "order_id": "scenario-093-stop_run_sweep-agent-stop_run_sweep-18",
    "action": "new",
    "side": "buy",
    "price": 65216.67669999999,
    "quantity": 0.06,
    "remaining_quantity": 0.06
  },
  {
    "event_id": "b5aa9c7699325b1745d3a47131bc98c9e83819a75ff453714183e2eb7b6f160c",
    "schema_version": "1.0.0",
    "event_type": "agent_order",
    "source": "synthetic_agent",
    "symbol": "BTCUSDT",
    "exchange": "binance_usdm",
    "timestamp": "2024-05-01T00:00:00.570000Z",
    "sequence": 19,
    "scenario_id": "scenario-093-stop_run_sweep",
    "agent_id": "agent-stop_run_sweep",
    "order_id": "scenario-093-stop_run_sweep-agent-stop_run_sweep-19",
    "action": "new",
    "side": "buy",
    "price": 65219.93134999999,
    "quantity": 0.06,
    "remaining_quantity": 0.06
  },
  {
    "event_id": "777aee2afb7dd75127d82b33f4e78587d2b524c441a1f2e831ddd943787673c4",
    "schema_version": "1.0.0",
    "event_type": "agent_order",
    "source": "synthetic_agent",
    "symbol": "BTCUSDT",
    "exchange": "binance_usdm",
    "timestamp": "2024-05-01T00:00:00.600000Z",
    "sequence": 20,
    "scenario_id": "scenario-093-stop_run_sweep",
    "agent_id": "agent-stop_run_sweep",
    "order_id": "scenario-093-stop_run_sweep-agent-stop_run_sweep-20",
    "action": "new",
    "side": "buy",
    "price": 65223.18599999999,
    "quantity": 0.06,
    "remaining_quantity": 0.06
  },
  {
    "event_id": "3fd0d73523d47798f76df487f60040f69d048b2d8c3205ec7056a83a918860fc",
    "schema_version": "1.0.0",
    "event_type": "agent_order",
    "source": "synthetic_agent",
    "symbol": "BTCUSDT",
    "exchange": "binance_usdm",
    "timestamp": "2024-05-01T00:00:00.630000Z",
    "sequence": 21,
    "scenario_id": "scenario-093-stop_run_sweep",
    "agent_id": "agent-stop_run_sweep",
    "order_id": "scenario-093-stop_run_sweep-agent-stop_run_sweep-21",
    "action": "new",
    "side": "buy",
    "price": 65226.44064999999,
    "quantity": 0.06,
    "remaining_quantity": 0.06
  },
  {
    "event_id": "5f3edecd9aeebe7b669f757e3d4ba9011a0e0bcafdca389d64f46f74d2ffa2a9",
    "schema_version": "1.0.0",
    "event_type": "agent_order",
    "source": "synthetic_agent",
    "symbol": "BTCUSDT",
    "exchange": "binance_usdm",
    "timestamp": "2024-05-01T00:00:00.660000Z",
    "sequence": 22,
    "scenario_id": "scenario-093-stop_run_sweep",
    "agent_id": "agent-stop_run_sweep",
    "order_id": "scenario-093-stop_run_sweep-agent-stop_run_sweep-22",
    "action": "new",
    "side": "buy",
    "price": 65229.6953,
    "quantity": 0.06,
    "remaining_quantity": 0.06
  },
  {
    "event_id": "cc1b1cf4bde70924fcdc0f9a292b7520b42d816b179d24ec41f221e4f57e87e6",
    "schema_version": "1.0.0",
    "event_type": "agent_order",
    "source": "synthetic_agent",
    "symbol": "BTCUSDT",
    "exchange": "binance_usdm",
    "timestamp": "2024-05-01T00:00:00.690000Z",
    "sequence": 23,
    "scenario_id": "scenario-093-stop_run_sweep",
    "agent_id": "agent-stop_run_sweep",
    "order_id": "scenario-093-stop_run_sweep-agent-stop_run_sweep-23",
    "action": "new",
    "side": "buy",
    "price": 65232.949949999995,
    "quantity": 0.06,
    "remaining_quantity": 0.06
  },
  {
    "event_id": "d787605635ccf09ae0bf8dcd81c80df371fa64bf7d1dc3ba4659fd029a09f5b1",
    "schema_version": "1.0.0",
    "event_type": "agent_order",
    "source": "synthetic_agent",
    "symbol": "BTCUSDT",
    "exchange": "binance_usdm",
    "timestamp": "2024-05-01T00:00:00.720000Z",
    "sequence": 24,
    "scenario_id": "scenario-093-stop_run_sweep",
    "agent_id": "agent-stop_run_sweep",
    "order_id": "scenario-093-stop_run_sweep-agent-stop_run_sweep-24",
    "action": "new",
    "side": "buy",
    "price": 65236.2046,
    "quantity": 0.06,
    "remaining_quantity": 0.06
  },
  {
    "event_id": "c1965497be2367ca2fe32b62c7d8d5a846f94dc880a14adb215020fe2a839e27",
    "schema_version": "1.0.0",
    "event_type": "agent_order",
    "source": "synthetic_agent",
    "symbol": "BTCUSDT",
    "exchange": "binance_usdm",
    "timestamp": "2024-05-01T00:00:00.750000Z",
    "sequence": 25,
    "scenario_id": "scenario-093-stop_run_sweep",
    "agent_id": "agent-stop_run_sweep",
    "order_id": "scenario-093-stop_run_sweep-agent-stop_run_sweep-25",
    "action": "new",
    "side": "buy",
    "price": 65239.45924999999,
    "quantity": 0.06,
    "remaining_quantity": 0.06
  },
  {
    "event_id": "e38fd27c4ab42ec53df7b1b46a017c23f40f2f1d7b51a5bec6c09e8a6a6cc832",
    "schema_version": "1.0.0",
    "event_type": "agent_order",
    "source": "synthetic_agent",
    "symbol": "BTCUSDT",
    "exchange": "binance_usdm",
    "timestamp": "2024-05-01T00:00:00.780000Z",
    "sequence": 26,
    "scenario_id": "scenario-093-stop_run_sweep",
    "agent_id": "agent-stop_run_sweep",
    "order_id": "scenario-093-stop_run_sweep-agent-stop_run_sweep-26",
    "action": "new",
    "side": "buy",
    "price": 65242.713899999995,
    "quantity": 0.06,
    "remaining_quantity": 0.06
  },
  {
    "event_id": "2ebcd93f668953f868c8bddd69262f1969db419ff73a48cc69cbaadffce1f67e",
    "schema_version": "1.0.0",
    "event_type": "agent_order",
    "source": "synthetic_agent",
    "symbol": "BTCUSDT",
    "exchange": "binance_usdm",
    "timestamp": "2024-05-01T00:00:00.810000Z",
    "sequence": 27,
    "scenario_id": "scenario-093-stop_run_sweep",
    "agent_id": "agent-stop_run_sweep",
    "order_id": "scenario-093-stop_run_sweep-agent-stop_run_sweep-27",
    "action": "new",
    "side": "buy",
    "price": 65245.96854999999,
    "quantity": 0.06,
    "remaining_quantity": 0.06
  },
  {
    "event_id": "79e9682bece45fc3ad036d5379d5ae10dd8609b9428e641b31b9edeaf214047a",
    "schema_version": "1.0.0",
    "event_type": "agent_order",
    "source": "synthetic_agent",
    "symbol": "BTCUSDT",
    "exchange": "binance_usdm",
    "timestamp": "2024-05-01T00:00:00.840000Z",
    "sequence": 28,
    "scenario_id": "scenario-093-stop_run_sweep",
    "agent_id": "agent-stop_run_sweep",
    "order_id": "scenario-093-stop_run_sweep-agent-stop_run_sweep-28",
    "action": "new",
    "side": "buy",
    "price": 65249.2232,
    "quantity": 0.06,
    "remaining_quantity": 0.06
  },
  {
    "event_id": "4b088151edce29d25f9aa1800465d42de686c18949116e6aa5223d331becde08",
    "schema_version": "1.0.0",
    "event_type": "agent_order",
    "source": "synthetic_agent",
    "symbol": "BTCUSDT",
    "exchange": "binance_usdm",
    "timestamp": "2024-05-01T00:00:00.870000Z",
    "sequence": 29,
    "scenario_id": "scenario-093-stop_run_sweep",
    "agent_id": "agent-stop_run_sweep",
    "order_id": "scenario-093-stop_run_sweep-agent-stop_run_sweep-29",
    "action": "new",
    "side": "buy",
    "price": 65252.47784999999,
    "quantity": 0.06,
    "remaining_quantity": 0.06
  }
]