[
  {
    "event_id": "e0a336c359112e2d3916d5f8a7bd4f1473d913ee53b6932a176d7ec2cf8a8fa4",
    "schema_version": "1.0.0",
    "event_type": "agent_order",
    "source": "synthetic_agent",
    "symbol": "BTCUSDT",
    "exchange": "binance_usdm",
    "timestamp": "2024-05-01T00:00:00Z",
    "sequence": 0,
    "scenario_id": "scenario-130-runaway_inventory",
    "agent_id": "agent-runaway_inventory",
    "order_id": "scenario-130-runaway_inventory-agent-runaway_inventory-0",
    "action": "new",
    "side": "buy",
    "price": 65130.0,
    "quantity": 0.01,
    "remaining_quantity": 0.01
  },
  {
    "event_id": "7d052cfe65c8b58f78d9e3cee551c241bb53163f153f1724103591da33e2acb3",
    "schema_version": "1.0.0",
    "event_type": "agent_order",
    "source": "synthetic_agent",
    "symbol": "BTCUSDT",
    "exchange": "binance_usdm",
    "timestamp": "2024-05-01T00:00:00.070000Z",
    "sequence": 1,
    "scenario_id": "scenario-130-runaway_inventory",
    "agent_id": "agent-runaway_inventory",
    "order_id": "scenario-130-runaway_inventory-agent-runaway_inventory-1",
    "action": "new",
    "side": "buy",
    "price": 65131.9539,
    "quantity": 0.012,
    "remaining_quantity": 0.012
  },
  {
    "event_id": "b2fe247395d332dd7f504362251172634d0a00a0347ed09e3b1b8994e59b8c0e",
    "schema_version": "1.0.0",
    "event_type": "agent_order",
    "source": "synthetic_agent",
    "symbol": "BTCUSDT",
    "exchange": "binance_usdm",
    "timestamp": "2024-05-01T00:00:00.140000Z",
    "sequence": 2,
    "scenario_id": "scenario-130-runaway_inventory",
    "agent_id": "agent-runaway_inventory",
    "order_id": "scenario-130-runaway_inventory-agent-runaway_inventory-2",
    "action": "new",
    "side": "buy",
    "price": 65133.90779999999,
    "quantity": 0.014,
    "remaining_quantity": 0.014
  },
  {
    "event_id": "b8ceee19aee7a7c0de7ed03565e2207fc63ea614354b5d4f930a3722c78c21c2",
    "schema_version": "1.0.0",
    "event_type": "agent_order",
    "source": "synthetic_agent",
    "symbol": "BTCUSDT",
    "exchange": "binance_usdm",
    "timestamp": "2024-05-01T00:00:00.210000Z",
    "sequence": 3,
    "scenario_id": "scenario-130-runaway_inventory",
    "agent_id": "agent-runaway_inventory",
    "order_id": "scenario-130-runaway_inventory-agent-runaway_inventory-3",
    "action": "new",
    "side": "buy",
    "price": 65135.861699999994,
    "quantity": 0.016,
    "remaining_quantity": 0.016
  },
  {
    "event_id": "23081ab14cabda057e062c895c33ee651b6377d978a767534816a8ca4138796c",
    "schema_version": "1.0.0",
    "event_type": "agent_order",
    "source": "synthetic_agent",
    "symbol": "BTCUSDT",
    "exchange": "binance_usdm",
    "timestamp": "2024-05-01T00:00:00.280000Z",
    "sequence": 4,
    "scenario_id": "scenario-130-runaway_inventory",
    "agent_id": "agent-runaway_inventory",
    "order_id": "scenario-130-runaway_inventory-agent-runaway_inventory-4",
    "action": "new",
    "side": "buy",
    "price": 65137.815599999994,
    "quantity": 0.018000000000000002,
    "remaining_quantity": 0.018000000000000002
  },
  {
    "event_id": "ab1b27501692dfb3676dcc1484d5127fbd8d4b43ee40b64f19a432d81ec09a2f",
    "schema_version": "1.0.0",
    "event_type": "agent_order",
    "source": "synthetic_agent",
    "symbol": "BTCUSDT",
    "exchange": "binance_usdm",
    "timestamp": "2024-05-01T00:00:00.350000Z",
    "sequence": 5,
    "scenario_id": "scenario-130-runaway_inventory",
    "agent_id": "agent-runaway_inventory",
    "order_id": "scenario-130-runaway_inventory-agent-runaway_inventory-5",
    "action": "new",
    "side": "buy",
    "price": 65139.76950000001,
    "quantity": 0.02,
    "remaining_quantity": 0.02
  },
  {
    "event_id": "453a398290acfb955a0afa0cd54752c801ccac4600fc0ae3db15250a5145afd8",
    "schema_version": "1.0.0",
    "event_type": "agent_order",
    "source": "synthetic_agent",
    "symbol": "BTCUSDT",
    "exchange": "binance_usdm",
    "timestamp": "2024-05-01T00:00:00.420000Z",
    "sequence": 6,
    "scenario_id": "scenario-130-runaway_inventory",
    "agent_id": "agent-runaway_inventory",
    "order_id": "scenario-130-runaway_inventory-agent-runaway_inventory-6",
    "action": "new",
    "side": "buy",
    "price": 65141.7234,
    "quantity": 0.022,
    "remaining_quantity": 0.022
  },
  {
    "event_id": "757ba252d1b3a24ff36f0537b922b6c06b76233021f38b231af17d13099b461a",
    "schema_version": "1.0.0",
    "event_type": "agent_order",
    "source": "synthetic_agent",
    "symbol": "BTCUSDT",
    "exchange": "binance_usdm",
    "timestamp": "2024-05-01T00:00:00.490000Z",
    "sequence": 7,
    "scenario_id": "scenario-130-runaway_inventory",
    "agent_id": "agent-runaway_inventory",
    "order_id": "scenario-130-runaway_inventory-agent-runaway_inventory-7",
    "action": "new",
    "side": "buy",
    "price": 65143.6773,
    "quantity": 0.024,
    "remaining_quantity": 0.024
  },
  {
    "event_id": "332a3adfe61f05e90816cbb59b7101437bf4a15374fa8b414abb1c41157d1751",
    "schema_version": "1.0.0",
    "event_type": "agent_order",
    "source": "synthetic_agent",
    "symbol": "BTCUSDT",
    "exchange": "binance_usdm",
    "timestamp": "2024-05-01T00:00:00.560000Z",
    "sequence": 8,
    "scenario_id": "scenario-130-runaway_inventory",
    "agent_id": "agent-runaway_inventory",
    "order_id": "scenario-130-runaway_inventory-agent-runaway_inventory-8",
    "action": "new",
    "side": "buy",
    "price": 65145.6312,
    "quantity": 0.026000000000000002,
    "remaining_quantity": 0.026000000000000002
  },
  {
    "event_id": "10c5efe1f0e338d113a5a403ed76009ba24a84d6b7bdf26760a1ebde65b6028f",
    "schema_version": "1.0.0",
    "event_type": "agent_order",
    "source": "synthetic_agent",
    "symbol": "BTCUSDT",
    "exchange": "binance_usdm",
    "timestamp": "2024-05-01T00:00:00.630000Z",
    "sequence": 9,
    "scenario_id": "scenario-130-runaway_inventory",
    "agent_id": "agent-runaway_inventory",
    "order_id": "scenario-130-runaway_inventory-agent-runaway_inventory-9",
    "action": "new",
    "side": "buy",
    "price": 65147.5851,
    "quantity": 0.028000000000000004,
    "remaining_quantity": 0.028000000000000004
  },
  {
    "event_id": "bda30702bec8cf598eb4cfe975c0a4310e8754ec8f6f5eca316669b0d5e4b1d2",
    "schema_version": "1.0.0",
    "event_type": "agent_order",
    "source": "synthetic_agent",
    "symbol": "BTCUSDT",
    "exchange": "binance_usdm",
    "timestamp": "2024-05-01T00:00:00.700000Z",
    "sequence": 10,
    "scenario_id": "scenario-130-runaway_inventory",
    "agent_id": "agent-runaway_inventory",
    "order_id": "scenario-130-runaway_inventory-agent-runaway_inventory-10",
    "action": "new",
    "side": "buy",
    "price": 65149.539,
    "quantity": 0.03,
    "remaining_quantity": 0.03
  },
  {
    "event_id": "1a6aa8c72c26b83a0f45c02b6fde7c6abe1454f76e42a0ae97634e5f5f69ea1f",
    "schema_version": "1.0.0",
    "event_type": "agent_order",
    "source": "synthetic_agent",
    "symbol": "BTCUSDT",
    "exchange": "binance_usdm",
    "timestamp": "2024-05-01T00:00:00.770000Z",
    "sequence": 11,
    "scenario_id": "scenario-130-runaway_inventory",
    "agent_id": "agent-runaway_inventory",
    "order_id": "scenario-130-runaway_inventory-agent-runaway_inventory-11",
    "action": "new",
    "side": "buy",
    "price": 65151.4929,
    "quantity": 0.032,
    "remaining_quantity": 0.032
  },
  {
    "event_id": "a57096f2a4fe262528144df6e6e570d5550ecb2a5d6616de622b828275961dee",
    "schema_version": "1.0.0",
    "event_type": "agent_order",
    "source": "synthetic_agent",
    "symbol": "BTCUSDT",
    "exchange": "binance_usdm",
    "timestamp": "2024-05-01T00:00:00.840000Z",
    "sequence": 12,
    "scenario_id": "scenario-130-runaway_inventory",
    "agent_id": "agent-runaway_inventory",
    "order_id": "scenario-130-runaway_inventory-agent-runaway_inventory-12",
    "action": "new",
    "side": "buy",
    "price": 65153.4468,
    "quantity": 0.034,
    "remaining_quantity": 0.034
  },
  {
    "event_id": "eda1026c3766935ce35e2374cb3d74371b21525e7fb9ad1e51e4a0c16005e682",
    "schema_version": "1.0.0",
    "event_type": "agent_order",
    "source": "synthetic_agent",
    "symbol": "BTCUSDT",
    "exchange": "binance_usdm",
    "timestamp": "2024-05-01T00:00:00.910000Z",
    "sequence": 13,
    "scenario_id": "scenario-130-runaway_inventory",
    "agent_id": "agent-runaway_inventory",
    "order_id": "scenario-130-runaway_inventory-agent-runaway_inventory-13",
    "action": "new",
    "side": "buy",
    "price": 65155.40069999999,
    "quantity": 0.036000000000000004,
    "remaining_quantity": 0.036000000000000004
  },
  {
    "event_id": "3691147761471cb940885fbce2aaaf1b5945b5f9918d93f1208eb5c766eb20a4",
    "schema_version": "1.0.0",
    "event_type": "agent_order",
    "source": "synthetic_agent",
    "symbol": "BTCUSDT",
    "exchange": "binance_usdm",
    "timestamp": "2024-05-01T00:00:00.980000Z",
    "sequence": 14,
    "scenario_id": "scenario-130-runaway_inventory",
    "agent_id": "agent-runaway_inventory",
    "order_id": "scenario-130-runaway_inventory-agent-runaway_inventory-14",
    "action": "new",
    "side": "buy",
    "price": 65157.354600000006,
    "quantity": 0.038,
    "remaining_quantity": 0.038
  },
  {
    "event_id": "fc53d4a186cf69ef16f3ba3c8c49d7dc4145599ddd8717ea0658264313ad719f",
    "schema_version": "1.0.0",
    "event_type": "agent_order",
    "source": "synthetic_agent",
    "symbol": "BTCUSDT",
    "exchange": "binance_usdm",
    "timestamp": "2024-05-01T00:00:01.050000Z",
    "sequence": 15,
    "scenario_id": "scenario-130-runaway_inventory",
    "agent_id": "agent-runaway_inventory",
    "order_id": "scenario-130-runaway_inventory-agent-runaway_inventory-15",
    "action": "new",
    "side": "buy",
    "price": 65159.30850000001,
    "quantity": 0.04,
    "remaining_quantity": 0.04
  },
  {
    "event_id": "72c217c2bf34e62361adbcbedcef815c8331c7ebf229008370ae194f144a14e7",
    "schema_version": "1.0.0",
    "event_type": "agent_order",
    "source": "synthetic_agent",
    "symbol": "BTCUSDT",
    "exchange": "binance_usdm",
    "timestamp": "2024-05-01T00:00:01.120000Z",
    "sequence": 16,
    "scenario_id": "scenario-130-runaway_inventory",
    "agent_id": "agent-runaway_inventory",
    "order_id": "scenario-130-runaway_inventory-agent-runaway_inventory-16",
    "action": "new",
    "side": "buy",
    "price": 65161.2624,
    "quantity": 0.042,
    "remaining_quantity": 0.042
  },
  {
    "event_id": "a6e9fc8cd86cb853e4eb6a191edf1b7db18ea609b8849ff932e9457da34ef7d7",
    "schema_version": "1.0.0",
    "event_type": "agent_order",
    "source": "synthetic_agent",
    "symbol": "BTCUSDT",
    "exchange": "binance_usdm",
    "timestamp": "2024-05-01T00:00:01.190000Z",
    "sequence": 17,
    "scenario_id": "scenario-130-runaway_inventory",
    "agent_id": "agent-runaway_inventory",
    "order_id": "scenario-130-runaway_inventory-agent-runaway_inventory-17",
    "action": "new",
    "side": "buy",
    "price": 65163.2163,
    "quantity": 0.044000000000000004,
    "remaining_quantity": 0.044000000000000004
  },
  {
    "event_id": "10543615569f04976ca2b344f5b5b9c5591d3fc3552f9e24221c6a8093291cf5",
    "schema_version": "1.0.0",
    "event_type": "agent_order",
    "source": "synthetic_agent",
    "symbol": "BTCUSDT",
    "exchange": "binance_usdm",
    "timestamp": "2024-05-01T00:00:01.260000Z",
    "sequence": 18,
    "scenario_id": "scenario-130-runaway_inventory",
    "agent_id": "agent-runaway_inventory",
    "order_id": "scenario-130-runaway_inventory-agent-runaway_inventory-18",
    "action": "new",
    "side": "buy",
    "price": 65165.1702,
    "quantity": 0.046000000000000006,
    "remaining_quantity": 0.046000000000000006
  },
  {
    "event_id": "e8c4cddf6ff9b7f648c742e86de7b135b4489295dcb2a0667fe879dfabfa70ca",
    "schema_version": "1.0.0",
    "event_type": "agent_order",
    "source": "synthetic_agent",
    "symbol": "BTCUSDT",
    "exchange": "binance_usdm",
    "timestamp": "2024-05-01T00:00:01.330000Z",
    "sequence": 19,
    "scenario_id": "scenario-130-runaway_inventory",
    "agent_id": "agent-runaway_inventory",
    "order_id": "scenario-130-runaway_inventory-agent-runaway_inventory-19",
    "action": "new",
    "side": "buy",
    "price": 65167.1241,
    "quantity": 0.048,
    "remaining_quantity": 0.048
  },
  {
    "event_id": "c4595cc7a3a0947d5257ca860b499397146539b4e81d28ccf16de2640ce63593",
    "schema_version": "1.0.0",
    "event_type": "agent_order",
    "source": "synthetic_agent",
    "symbol": "BTCUSDT",
    "exchange": "binance_usdm",
    "timestamp": "2024-05-01T00:00:01.400000Z",
    "sequence": 20,
    "scenario_id": "scenario-130-runaway_inventory",
    "agent_id": "agent-runaway_inventory",
    "order_id": "scenario-130-runaway_inventory-agent-runaway_inventory-20",
    "action": "new",
    "side": "buy",
    "price": 65169.077999999994,
    "quantity": 0.05,
    "remaining_quantity": 0.05
  },
  {
    "event_id": "9f08c6acdf00c8dc085bd7bacea3d068cdfe12cb513f6c08b7a50495336a4df3",
    "schema_version": "1.0.0",
    "event_type": "agent_order",
    "source": "synthetic_agent",
    "symbol": "BTCUSDT",
    "exchange": "binance_usdm",
    "timestamp": "2024-05-01T00:00:01.470000Z",
    "sequence": 21,
    "scenario_id": "scenario-130-runaway_inventory",
    "agent_id": "agent-runaway_inventory",
    "order_id": "scenario-130-runaway_inventory-agent-runaway_inventory-21",
    "action": "new",
    "side": "buy",
    "price": 65171.031899999994,
    "quantity": 0.052000000000000005,
    "remaining_quantity": 0.052000000000000005
  },
  {
    "event_id": "0ad8cdb592def8615e160a51ec10af7ac652e04fa76c67ab9f98980397b7ecc5",
    "schema_version": "1.0.0",
    "event_type": "agent_order",
    "source": "synthetic_agent",
    "symbol": "BTCUSDT",
    "exchange": "binance_usdm",
    "timestamp": "2024-05-01T00:00:01.540000Z",
    "sequence": 22,
    "scenario_id": "scenario-130-runaway_inventory",
    "agent_id": "agent-runaway_inventory",
    "order_id": "scenario-130-runaway_inventory-agent-runaway_inventory-22",
    "action": "new",
    "side": "buy",
    "price": 65172.98580000001,
    "quantity": 0.054,
    "remaining_quantity": 0.054
  },
  {
    "event_id": "c11563741c499588e8334d357a66fd9646e8df0959e5a7496f2b577eb1df0bc1",
    "schema_version": "1.0.0",
    "event_type": "agent_order",
    "source": "synthetic_agent",
    "symbol": "BTCUSDT",
    "exchange": "binance_usdm",
    "timestamp": "2024-05-01T00:00:01.610000Z",
    "sequence": 23,
    "scenario_id": "scenario-130-runaway_inventory",
    "agent_id": "agent-runaway_inventory",
    "order_id": "scenario-130-runaway_inventory-agent-runaway_inventory-23",
    "action": "new",
    "side": "buy",
    "price": 65174.9397,
    "quantity": 0.056,
    "remaining_quantity": 0.056
  },
  {
    "event_id": "ba21b4a219adba4655ff57270a443fd4c483946766eb2e15d97800a63b5e3afa",
    "schema_version": "1.0.0",
    "event_type": "agent_order",
    "source": "synthetic_agent",
    "symbol": "BTCUSDT",
    "exchange": "binance_usdm",
    "timestamp": "2024-05-01T00:00:01.680000Z",
    "sequence": 24,
    "scenario_id": "scenario-130-runaway_inventory",
    "agent_id": "agent-runaway_inventory",
    "order_id": "scenario-130-runaway_inventory-agent-runaway_inventory-24",
    "action": "new",
    "side": "buy",
    "price": 65176.8936,
    "quantity": 0.058,
    "remaining_quantity": 0.058
  },
  {
    "event_id": "e942e934770c326a9de48ccf1c3abf983e900f612b44d0d557e6af2cd4a0c1eb",
    "schema_version": "1.0.0",
    "event_type": "agent_order",
    "source": "synthetic_agent",
    "symbol": "BTCUSDT",
    "exchange": "binance_usdm",
    "timestamp": "2024-05-01T00:00:01.750000Z",
    "sequence": 25,
    "scenario_id": "scenario-130-runaway_inventory",
    "agent_id": "agent-runaway_inventory",
    "order_id": "scenario-130-runaway_inventory-agent-runaway_inventory-25",
    "action": "new",
    "side": "buy",
    "price": 65178.8475,
    "quantity": 0.060000000000000005,
    "remaining_quantity": 0.060000000000000005
  },
  {
    "event_id": "5f2f5753de0c6574627bca2a40fc0a9be88bdfa5aa6cad4800a0ad9e21493e62",
    "schema_version": "1.0.0",
    "event_type": "agent_order",
    "source": "synthetic_agent",
    "symbol": "BTCUSDT",
    "exchange": "binance_usdm",
    "timestamp": "2024-05-01T00:00:01.820000Z",
    "sequence": 26,
    "scenario_id": "scenario-130-runaway_inventory",
    "agent_id": "agent-runaway_inventory",
    "order_id": "scenario-130-runaway_inventory-agent-runaway_inventory-26",
    "action": "new",
    "side": "buy",
    "price": 65180.8014,
    "quantity": 0.062000000000000006,
    "remaining_quantity": 0.062000000000000006
  },
  {
    "event_id": "c881ea40264616867bc63aa765abbd953bbaa3aed406762ff935df685f9ae774",
    "schema_version": "1.0.0",
    "event_type": "agent_order",
    "source": "synthetic_agent",
    "symbol": "BTCUSDT",
    "exchange": "binance_usdm",
    "timestamp": "2024-05-01T00:00:01.890000Z",
    "sequence": 27,
    "scenario_id": "scenario-130-runaway_inventory",
    "agent_id": "agent-runaway_inventory",
    "order_id": "scenario-130-runaway_inventory-agent-runaway_inventory-27",
    "action": "new",
    "side": "buy",
    "price": 65182.7553,
    "quantity": 0.064,
    "remaining_quantity": 0.064
  },
  {
    "event_id": "6b6cb56bc9532c0271bbb5f4b7a352d95b0959c3dad27298cff88000757ae4b8",
    "schema_version": "1.0.0",
    "event_type": "agent_order",
    "source": "synthetic_agent",
    "symbol": "BTCUSDT",
    "exchange": "binance_usdm",
    "timestamp": "2024-05-01T00:00:01.960000Z",
    "sequence": 28,
    "scenario_id": "scenario-130-runaway_inventory",
    "agent_id": "agent-runaway_inventory",
    "order_id": "scenario-130-runaway_inventory-agent-runaway_inventory-28",
    "action": "new",
    "side": "buy",
    "price": 65184.7092,
    "quantity": 0.066,
    "remaining_quantity": 0.066
  },
  {
    "event_id": "8f54f4bf596d3bf8bd4ff7dcfa95e9715db9796a38cd538c82526115c49f759a",
    "schema_version": "1.0.0",
    "event_type": "agent_order",
    "source": "synthetic_agent",
    "symbol": "BTCUSDT",
    "exchange": "binance_usdm",
    "timestamp": "2024-05-01T00:00:02.030000Z",
    "sequence": 29,
    "scenario_id": "scenario-130-runaway_inventory",
    "agent_id": "agent-runaway_inventory",
    "order_id": "scenario-130-runaway_inventory-agent-runaway_inventory-29",
    "action": "new",
    "side": "buy",
    "price": 65186.6631,
    "quantity": 0.068,
    "remaining_quantity": 0.068
  }
]