[
  {
    "event_id": "6ac006cc7cf634f106e87b068c2cba98e97439d55de1bdd6d1a93dc2f97d27b7",
    "schema_version": "1.0.0",
    "event_type": "agent_order",
    "source": "synthetic_agent",
    "symbol": "BTCUSDT",
    "exchange": "binance_usdm",
    "timestamp": "2024-05-01T00:00:00Z",
    "sequence": 0,
    "scenario_id": "scenario-223-coordinated_burst",
    "agent_id": "agent-coordinated_burst-0",
    "order_id": "scenario-223-coordinated_burst-agent-coordinated_burst-0-0",
    "action": "new",
    "side": "buy",
    "price": 65236.0446,
    "quantity": 0.04,
    "remaining_quantity": 0.04
  },
  {
    "event_id": "e5ff2d46d36e151ba675e6b0ec49c10145c4e0f841fe77137d13c7015b929d78",
    "schema_version": "1.0.0",
    "event_type": "agent_order",
    "source": "synthetic_agent",
    "symbol": "BTCUSDT",
    "exchange": "binance_usdm",
    "timestamp": "2024-05-01T00:00:00.012000Z",
    "sequence": 1,
    "scenario_id": "scenario-223-coordinated_burst",
    "agent_id": "agent-coordinated_burst-1",
    "order_id": "scenario-223-coordinated_burst-agent-coordinated_burst-1-1",
    "action": "new",
    "side": "sell",
    "price": 65209.9554,
    "quantity": 0.04,
    "remaining_quantity": 0.04
  },
  {
    "event_id": "e383b9a6c5d2c736dd197fa141973b5a7386f446b76c7ac48a49a97dbd1cfb94",
    "schema_version": "1.0.0",
    "event_type": "agent_order",
    "source": "synthetic_agent",
    "symbol": "BTCUSDT",
    "exchange": "binance_usdm",
    "timestamp": "2024-05-01T00:00:00.024000Z",
    "sequence": 2,
    "scenario_id": "scenario-223-coordinated_burst",
    "agent_id": "agent-coordinated_burst-2",
    "order_id": "scenario-223-coordinated_burst-agent-coordinated_burst-2-2",
    "action": "new",
    "side": "sell",
    "price": 65209.9554,
    "quantity": 0.04,
    "remaining_quantity": 0.04
  },
  {
    "event_id": "0774461bef02f064f147dcc3a0f4c72a7b11ae4715db83249603cf1f61763dc8",
    "schema_version": "1.0.0",
    "event_type": "agent_order",
    "source": "synthetic_agent",
    "symbol": "BTCUSDT",
    "exchange": "binance_usdm",
    "timestamp": "2024-05-01T00:00:00.036000Z",
    "sequence": 3,
    "scenario_id": "scenario-223-coordinated_burst",
    "agent_id": "agent-coordinated_burst-0",
    "order_id": "scenario-223-coordinated_burst-agent-coordinated_burst-0-3",
    "action": "new",
    "side": "buy",
    "price": 65236.0446,
    "quantity": 0.04,
    "remaining_quantity": 0.04
  },
  {
    "event_id": "8341c1828b7cf741c45ce1963e9b402b3304335d5f6f2d322ea0b66cc1afa704",
    "schema_version": "1.0.0",
    "event_type": "agent_order",
    "source": "synthetic_agent",
    "symbol": "BTCUSDT",
    "exchange": "binance_usdm",
    "timestamp": "2024-05-01T00:00:00.048000Z",
    "sequence": 4,
    "scenario_id": "scenario-223-coordinated_burst",
    "agent_id": "agent-coordinated_burst-1",
    "order_id": "scenario-223-coordinated_burst-agent-coordinated_burst-1-4",
    "action": "new",
    "side": "sell",
    "price": 65209.9554,
    "quantity": 0.04,
    "remaining_quantity": 0.04
  },
  {
    "event_id": "df54fb4b4a1fabc1a2ffb2e56efe5bbaed9b491ce8b884e3afa0aa21b4a26b3b",
    "schema_version": "1.0.0",
    "event_type": "agent_order",
    "source": "synthetic_agent",
    "symbol": "BTCUSDT",
    "exchange": "binance_usdm",
    "timestamp": "2024-05-01T00:00:00.600000Z",
    "sequence": 5,
    "scenario_id": "scenario-223-coordinated_burst",
    "agent_id": "agent-coordinated_burst-2",
    "order_id": "scenario-223-coordinated_burst-agent-coordinated_burst-2-5",
    "action": "new",
    "side": "sell",
    "price": 65209.9554,
    "quantity": 0.04,
    "remaining_quantity": 0.04
  },
  {
    "event_id": "55691bec4f2eb2b801ffecf24e689dbe1d06646fe3d5a97899d29b3ffa3b05f9",
    "schema_version": "1.0.0",
    "event_type": "agent_order",
    "source": "synthetic_agent",
    "symbol": "BTCUSDT",
    "exchange": "binance_usdm",
    "timestamp": "2024-05-01T00:00:00.072000Z",
    "sequence": 6,
    "scenario_id": "scenario-223-coordinated_burst",
    "agent_id": "agent-coordinated_burst-0",
    "order_id": "scenario-223-coordinated_burst-agent-coordinated_burst-0-6",
    "action": "new",
    "side": "buy",
    "price": 65236.0446,
    "quantity": 0.04,
    "remaining_quantity": 0.04
  },
  {
    "event_id": "17823c2934ff6ed2c25661358d9b8630b1b1951283088eb2d91e9ec4fb340a60",
    "schema_version": "1.0.0",
    "event_type": "agent_order",
    "source": "synthetic_agent",
    "symbol": "BTCUSDT",
    "exchange": "binance_usdm",
    "timestamp": "2024-05-01T00:00:00.084000Z",
    "sequence": 7,
    "scenario_id": "scenario-223-coordinated_burst",
    "agent_id": "agent-coordinated_burst-1",
    "order_id": "scenario-223-coordinated_burst-agent-coordinated_burst-1-7",
    "action": "new",
    "side": "sell",
    "price": 65209.9554,
    "quantity": 0.04,
    "remaining_quantity": 0.04
  },
  {
    "event_id": "7b9b9b1e5887185b224527a3722675c22c1887cf5d795bf0dbaa875f93c76dde",
    "schema_version": "1.0.0",
    "event_type": "agent_order",
    "source": "synthetic_agent",
    "symbol": "BTCUSDT",
    "exchange": "binance_usdm",
    "timestamp": "2024-05-01T00:00:00.096000Z",
    "sequence": 8,
    "scenario_id": "scenario-223-coordinated_burst",
    "agent_id": "agent-coordinated_burst-2",
    "order_id": "scenario-223-coordinated_burst-agent-coordinated_burst-2-8",
    "action": "new",
    "side": "sell",
    "price": 65209.9554,
    "quantity": 0.04,
    "remaining_quantity": 0.04
  },
  {
    "event_id": "26eb12c0c0f14bb6c3f0ee64f041bcf4a9566b61ddb0978eabbd63f552d96347",
    "schema_version": "1.0.0",
    "event_type": "agent_order",
    "source": "synthetic_agent",
    "symbol": "BTCUSDT",
    "exchange": "binance_usdm",
    "timestamp": "2024-05-01T00:00:00.108000Z",
    "sequence": 9,
    "scenario_id": "scenario-223-coordinated_burst",
    "agent_id": "agent-coordinated_burst-0",
    "order_id": "scenario-223-coordinated_burst-agent-coordinated_burst-0-9",
    "action": "new",
    "side": "buy",
    "price": 65236.0446,
    "quantity": 0.04,
    "remaining_quantity": 0.04
  },
  {
    "event_id": "904a8851051f7306acb62ba13141b27a8825255c4e81a4f6e07f8ce2bda4399b",
    "schema_version": "1.0.0",
    "event_type": "agent_order",
    "source": "synthetic_agent",
    "symbol": "BTCUSDT",
    "exchange": "binance_usdm",
    "timestamp": "2024-05-01T00:00:01.200000Z",
    "sequence": 10,
    "scenario_id": "scenario-223-coordinated_burst",
    "agent_id": "agent-coordinated_burst-1",
    "order_id": "scenario-223-coordinated_burst-agent-coordinated_burst-1-10",
    "action": "new",
    "side": "sell",
    "price": 65209.9554,
    "quantity": 0.04,
    "remaining_quantity": 0.04
  },
  {
    "event_id": "d2ba7b8b24dc8c5a40f8a17c7f01e00b73052ce505141e6f716d24e70fa58d98",
    "schema_version": "1.0.0",
    "event_type": "agent_order",
    "source": "synthetic_agent",
    "symbol": "BTCUSDT",
    "exchange": "binance_usdm",
    "timestamp": "2024-05-01T00:00:00.132000Z",
    "sequence": 11,
    "scenario_id": "scenario-223-coordinated_burst",
    "agent_id": "agent-coordinated_burst-2",
    "order_id": "scenario-223-coordinated_burst-agent-coordinated_burst-2-11",
    "action": "new",
    "side": "sell",
    "price": 65209.9554,
    "quantity": 0.04,
    "remaining_quantity": 0.04
  },
  {
    "event_id": "52f26aa14696d6a1dcc4c4ef466ca6f21d1b0a930fd2fd1cf7445ca2824cc0a0",
    "schema_version": "1.0.0",
    "event_type": "agent_order",
    "source": "synthetic_agent",
    "symbol": "BTCUSDT",
    "exchange": "binance_usdm",
    "timestamp": "2024-05-01T00:00:00.144000Z",
    "sequence": 12,
    "scenario_id": "scenario-223-coordinated_burst",
    "agent_id": "agent-coordinated_burst-0",
    "order_id": "scenario-223-coordinated_burst-agent-coordinated_burst-0-12",
    "action": "new",
    "side": "buy",
    "price": 65236.0446,
    "quantity": 0.04,
    "remaining_quantity": 0.04
  },
  {
    "event_id": "fcf8f1f58def6163f5cd3a66a91a053495ed596e1a1a93076635f177a3b26c96",
    "schema_version": "1.0.0",
    "event_type": "agent_order",
    "source": "synthetic_agent",
    "symbol": "BTCUSDT",
    "exchange": "binance_usdm",
    "timestamp": "2024-05-01T00:00:00.156000Z",
    "sequence": 13,
    "scenario_id": "scenario-223-coordinated_burst",
    "agent_id": "agent-coordinated_burst-1",
    "order_id": "scenario-223-coordinated_burst-agent-coordinated_burst-1-13",
    "action": "new",
    "side": "sell",
    "price": 65209.9554,
    "quantity": 0.04,
    "remaining_quantity": 0.04
  },
  {
    "event_id": "e73ae4f23fcd5655305ffd7a193aa22014e46a027a41569c856506da232546f4",
    "schema_version": "1.0.0",
    "event_type": "agent_order",
    "source": "synthetic_agent",
    "symbol": "BTCUSDT",
    "exchange": "binance_usdm",
    "timestamp": "2024-05-01T00:00:00.168000Z",
    "sequence": 14,
    "scenario_id": "scenario-223-coordinated_burst",
    "agent_id": "agent-coordinated_burst-2",
    "order_id": "scenario-223-coordinated_burst-agent-coordinated_burst-2-14",
    "action": "new",
    "side": "sell",
    "price": 65209.9554,
    "quantity": 0.04,
    "remaining_quantity": 0.04
  },
  {
    "event_id": "551ccf4ab8d9250bdf2d739babcee050cd1ccdbc72e06d92b9315cd2a7b416fb",
    "schema_version": "1.0.0",
    "event_type": "agent_order",
    "source": "synthetic_agent",
    "symbol": "BTCUSDT",
    "exchange": "binance_usdm",
    "timestamp": "2024-05-01T00:00:01.800000Z",
    "sequence": 15,
    "scenario_id": "scenario-223-coordinated_burst",
    "agent_id": "agent-coordinated_burst-0",
    "order_id": "scenario-223-coordinated_burst-agent-coordinated_burst-0-15",
    "action": "new",
    "side": "buy",
    "price": 65236.0446,
    "quantity": 0.04,
    "remaining_quantity": 0.04
  },
  {
    "event_id": "7073a384c4cb443836e03e881920bd2693a52b55cb78878bc955b653a9591146",
    "schema_version": "1.0.0",
    "event_type": "agent_order",
    "source": "synthetic_agent",
    "symbol": "BTCUSDT",
    "exchange": "binance_usdm",
    "timestamp": "2024-05-01T00:00:00.192000Z",
    "sequence": 16,
    "scenario_id": "scenario-223-coordinated_burst",
    "agent_id": "agent-coordinated_burst-1",
    "order_id": "scenario-223-coordinated_burst-agent-coordinated_burst-1-16",
    "action": "new",
    "side": "sell",
    "price": 65209.9554,
    "quantity": 0.04,
    "remaining_quantity": 0.04
  },
  {
    "event_id": "e7187c3b5e201f1fc7334f5738e4354a6518ec5512fc51c08c8f57de1158da8f",
    "schema_version": "1.0.0",
    "event_type": "agent_order",
    "source": "synthetic_agent",
    "symbol": "BTCUSDT",
    "exchange": "binance_usdm",
    "timestamp": "2024-05-01T00:00:00.204000Z",
    "sequence": 17,
    "scenario_id": "scenario-223-coordinated_burst",
    "agent_id": "agent-coordinated_burst-2",
    "order_id": "scenario-223-coordinated_burst-agent-coordinated_burst-2-17",
    "action": "new",
    "side": "sell",
    "price": 65209.9554,
    "quantity": 0.04,
    "remaining_quantity": 0.04
  },
  {
    "event_id": "1b52d5fac452530895c3d07c12d0de0386ff07e2ea641f7c1779e71ec5e2f036",
    "schema_version": "1.0.0",
    "event_type": "agent_order",
    "source": "synthetic_agent",
    "symbol": "BTCUSDT",
    "exchange": "binance_usdm",
    "timestamp": "2024-05-01T00:00:00.216000Z",
    "sequence": 18,
    "scenario_id": "scenario-223-coordinated_burst",
    "agent_id": "agent-coordinated_burst-0",
    "order_id": "scenario-223-coordinated_burst-agent-coordinated_burst-0-18",
    "action": "new",
    "side": "buy",
    "price": 65236.0446,
    "quantity": 0.04,
    "remaining_quantity": 0.04
  },
  {
    "event_id": "fdd4c89fd1cccb4755be6ee4d2bb138e8579144e80b187067f17b882f7d1de4e",
    "schema_version": "1.0.0",
    "event_type": "agent_order",
    "source": "synthetic_agent",
    "symbol": "BTCUSDT",
    "exchange": "binance_usdm",
    "timestamp": "2024-05-01T00:00:00.228000Z",
    "sequence": 19,
    "scenario_id": "scenario-223-coordinated_burst",
    "agent_id": "agent-coordinated_burst-1",
    "order_id": "scenario-223-coordinated_burst-agent-coordinated_burst-1-19",
    "action": "new",
    "side": "sell",
    "price": 65209.9554,
    "quantity": 0.04,
    "remaining_quantity": 0.04
  },
  {
    "event_id": "264353e164b0c202c9dee314556d3ae079c54c340637a704f39cade3f88f932c",
    "schema_version": "1.0.0",
    "event_type": "agent_order",
    "source": "synthetic_agent",
    "symbol": "BTCUSDT",
    "exchange": "binance_usdm",
    "timestamp": "2024-05-01T00:00:02.400000Z",
    "sequence": 20,
    "scenario_id": "scenario-223-coordinated_burst",
    "agent_id": "agent-coordinated_burst-2",
    "order_id": "scenario-223-coordinated_burst-agent-coordinated_burst-2-20",
    "action": "new",
    "side": "sell",
    "price": 65209.9554,
    "quantity": 0.04,
    "remaining_quantity": 0.04
  },
  {
    "event_id": "d7019499786748fc85aeaf4da9c7bf13e37a44c4dea79ba55b85c07f22a87209",
    "schema_version": "1.0.0",
    "event_type": "agent_order",
    "source": "synthetic_agent",
    "symbol": "BTCUSDT",
    "exchange": "binance_usdm",
    "timestamp": "2024-05-01T00:00:00.252000Z",
    "sequence": 21,
    "scenario_id": "scenario-223-coordinated_burst",
    "agent_id": "agent-coordinated_burst-0",
    "order_id": "scenario-223-coordinated_burst-agent-coordinated_burst-0-21",
    "action": "new",
    "side": "buy",
    "price": 65236.0446,
    "quantity": 0.04,
    "remaining_quantity": 0.04
  },
  {
    "event_id": "787a36c3ab35ecb09a3a2797661d4331bbaa95092944dd1f01f487ae42375e19",
    "schema_version": "1.0.0",
    "event_type": "agent_order",
    "source": "synthetic_agent",
    "symbol": "BTCUSDT",
    "exchange": "binance_usdm",
    "timestamp": "2024-05-01T00:00:00.264000Z",
    "sequence": 22,
    "scenario_id": "scenario-223-coordinated_burst",
    "agent_id": "agent-coordinated_burst-1",
    "order_id": "scenario-223-coordinated_burst-agent-coordinated_burst-1-22",
    "action": "new",
    "side": "sell",
    "price": 65209.9554,
    "quantity": 0.04,
    "remaining_quantity": 0.04
  },
  {
    "event_id": "932ebfb0067a66762364d8975fead9fe4d0a26aa96431ba8e947599a25d30044",
    "schema_version": "1.0.0",
    "event_type": "agent_order",
    "source": "synthetic_agent",
    "symbol": "BTCUSDT",
    "exchange": "binance_usdm",
    "timestamp": "2024-05-01T00:00:00.276000Z",
    "sequence": 23,
    "scenario_id": "scenario-223-coordinated_burst",
    "agent_id": "agent-coordinated_burst-2",
    "order_id": "scenario-223-coordinated_burst-agent-coordinated_burst-2-23",
    "action": "new",
    "side": "sell",
    "price": 65209.9554,
    "quantity": 0.04,
    "remaining_quantity": 0.04
  },
  {
    "event_id": "6ae13616018f771a75acbb26d676ca9294dede7dae2dcc00d9e82130c3a95587",
    "schema_version": "1.0.0",
    "event_type": "agent_order",
    "source": "synthetic_agent",
    "symbol": "BTCUSDT",
    "exchange": "binance_usdm",
    "timestamp": "2024-05-01T00:00:00.288000Z",
    "sequence": 24,
    "scenario_id": "scenario-223-coordinated_burst",
    "agent_id": "agent-coordinated_burst-0",
    "order_id": "scenario-223-coordinated_burst-agent-coordinated_burst-0-24",
    "action": "new",
    "side": "buy",
    "price": 65236.0446,
    "quantity": 0.04,
    "remaining_quantity": 0.04
  },
  {
    "event_id": "a293eab0be6cfeb682d304a4ee73328e29be857dbf5b6dd9b0cc67fe889275f9",
    "schema_version": "1.0.0",
    "event_type": "agent_order",
    "source": "synthetic_agent",
    "symbol": "BTCUSDT",
    "exchange": "binance_usdm",
    "timestamp": "2024-05-01T00:00:03Z",
    "sequence": 25,
    "scenario_id": "scenario-223-coordinated_burst",
    "agent_id": "agent-coordinated_burst-1",
    "order_id": "scenario-223-coordinated_burst-agent-coordinated_burst-1-25",
    "action": "new",
    "side": "sell",
    "price": 65209.9554,
    "quantity": 0.04,
    "remaining_quantity": 0.04
  },
  {
    "event_id": "ea35961fdf353954b0e0b7a599e358ee8531493afe0f768b0908f79de010b5dd",
    "schema_version": "1.0.0",
    "event_type": "agent_order",
    "source": "synthetic_agent",
    "symbol": "BTCUSDT",
    "exchange": "binance_usdm",
    "timestamp": "2024-05-01T00:00:00.312000Z",
    "sequence": 26,
    "scenario_id": "scenario-223-coordinated_burst",
    "agent_id": "agent-coordinated_burst-2",
    "order_id": "scenario-223-coordinated_burst-agent-coordinated_burst-2-26",
    "action": "new",
    "side": "sell",
    "price": 65209.9554,
    "quantity": 0.04,
    "remaining_quantity": 0.04
  },
  {
    "event_id": "6b76758e7f654ae5eeb1d91cc904c59fd27a3773d3c5f8af3ff03263fc4696ce",
    "schema_version": "1.0.0",
    "event_type": "agent_order",
    "source": "synthetic_agent",
    "symbol": "BTCUSDT",
    "exchange": "binance_usdm",
    "timestamp": "2024-05-01T00:00:00.324000Z",
    "sequence": 27,
    "scenario_id": "scenario-223-coordinated_burst",
    "agent_id": "agent-coordinated_burst-0",
    "order_id": "scenario-223-coordinated_burst-agent-coordinated_burst-0-27",
    "action": "new",
    "side": "buy",
    "price": 65236.0446,
    "quantity": 0.04,
    "remaining_quantity": 0.04
  },
  {
    "event_id": "4a5094c8df4abddb9a047108bb535ad64f5fe1fbcb9ed87515c35351600338b9",
    "schema_version": "1.0.0",
    "event_type": "agent_order",
    "source": "synthetic_agent",
    "symbol": "BTCUSDT",
    "exchange": "binance_usdm",
    "timestamp": "2024-05-01T00:00:00.336000Z",
    "sequence": 28,
    "scenario_id": "scenario-223-coordinated_burst",
    "agent_id": "agent-coordinated_burst-1",
    "order_id": "scenario-223-coordinated_burst-agent-coordinated_burst-1-28",
    "action": "new",
    "side": "sell",
    "price": 65209.9554,
    "quantity": 0.04,
    "remaining_quantity": 0.04
  },
  {
    "event_id": "4dd9b8591bcf8998ecb33a00780fe471b9df1c567b7a0d6d2e81a02d5f5192e4",
    "schema_version": "1.0.0",
    "event_type": "agent_order",
    "source": "synthetic_agent",
    "symbol": "BTCUSDT",
    "exchange": "binance_usdm",
    "timestamp": "2024-05-01T00:00:00.348000Z",
    "sequence": 29,
    "scenario_id": "scenario-223-coordinated_burst",
    "agent_id": "agent-coordinated_burst-2",
    "order_id": "scenario-223-coordinated_burst-agent-coordinated_burst-2-29",
    "action": "new",
    "side": "sell",
    "price": 65209.9554,
    "quantity": 0.04,
    "remaining_quantity": 0.04
  }
]