[
  {
    "event_id": "dcd5acdc76021bdc6a2563367bc7c189b046dbdf3880d4c7cf89cb2bdf858aaa",
    "schema_version": "1.0.0",
    "event_type": "agent_order",
    "source": "synthetic_agent",
    "symbol": "BTCUSDT",
    "exchange": "binance_usdm",
    "timestamp": "2024-05-01T00:00:00Z",
    "sequence": 0,
    "scenario_id": "scenario-421-twap_execution",
    "agent_id": "agent-twap_execution",
    "order_id": "scenario-421-twap_execution-agent-twap_execution-0",
    "action": "new",
    "side": "buy",
    "price": 65388.289500000006,
    "quantity": 0.005,
    "remaining_quantity": 0.005
  },
  {
    "event_id": "a0d6397664573f695a3249d906f915205e874df3651c925c9f8963f32ae7bd07",
    "schema_version": "1.0.0",
    "event_type": "agent_order",
    "source": "synthetic_agent",
    "symbol": "BTCUSDT",
    "exchange": "binance_usdm",
    "timestamp": "2024-05-01T00:00:01Z",
    "sequence": 1,
    "scenario_id": "scenario-421-twap_execution",
    "agent_id": "agent-twap_execution",
    "order_id": "scenario-421-twap_execution-agent-twap_execution-1",
    "action": "new",
    "side": "buy",
    "price": 65388.289500000006,
    "quantity": 0.005,
    "remaining_quantity": 0.005
  },
  {
    "event_id": "3a3eef92df518b5cf14055e055e81bccf1343a4226005a9aa01afcd5ce27e814",
    "schema_version": "1.0.0",
    "event_type": "agent_order",
    "source": "synthetic_agent",
    "symbol": "BTCUSDT",
    "exchange": "binance_usdm",
    "timestamp": "2024-05-01T00:00:02Z",
    "sequence": 2,
    "scenario_id": "scenario-421-twap_execution",
    "agent_id": "agent-twap_execution",
    "order_id": "scenario-421-twap_execution-agent-twap_execution-2",
    "action": "new",
    "side": "buy",
    "price": 65388.289500000006,
    "quantity": 0.005,
    "remaining_quantity": 0.005
  },
  {
    "event_id": "16aea9c4712b62d6b72160574743b938ef8a2d154cdfa0e4ab14b64bf04c2a66",
    "schema_version": "1.0.0",
    "event_type": "agent_order",
    "source": "synthetic_agent",
    "symbol": "BTCUSDT",
    "exchange": "binance_usdm",
    "timestamp": "2024-05-01T00:00:03Z",
    "sequence": 3,
    "scenario_id": "scenario-421-twap_execution",
    "agent_id": "agent-twap_execution",
    "order_id": "scenario-421-twap_execution-agent-twap_execution-3",
    "action": "new",
    "side": "buy",
    "price": 65388.289500000006,
    "quantity": 0.005,
    "remaining_quantity": 0.005
  },
  {
    "event_id": "e77846ac062f2e5ea31673cdf6c4a8b403be1f2504908da941500674146f7a15",
    "schema_version": "1.0.0",
    "event_type": "agent_order",
    "source": "synthetic_agent",
    "symbol": "BTCUSDT",
    "exchange": "binance_usdm",
    "timestamp": "2024-05-01T00:00:04Z",
    "sequence": 4,
    "scenario_id": "scenario-421-twap_execution",
    "agent_id": "agent-twap_execution",
    "order_id": "scenario-421-twap_execution-agent-twap_execution-4",
    "action": "new",
    "side": "buy",
    "price": 65388.289500000006,
    "quantity": 0.005,
    "remaining_quantity": 0.005
  },
  {
    "event_id": "48d349094ba03ea6f4bbf6a2e7539465dcfd735f61b9fbdbdc97516e3e9928dd",
    "schema_version": "1.0.0",
    "event_type": "agent_order",
    "source": "synthetic_agent",
    "symbol": "BTCUSDT",
    "exchange": "binance_usdm",
    "timestamp": "2024-05-01T00:00:05Z",
    "sequence": 5,
    "scenario_id": "scenario-421-twap_execution",
    "agent_id": "agent-twap_execution",
    "order_id": "scenario-421-twap_execution-agent-twap_execution-5",
    "action": "new",
    "side": "buy",
    "price": 65388.289500000006,
    "quantity": 0.005,
    "remaining_quantity": 0.005
  },
  {
    "event_id": "d716c4e88adf4ba282fd9ef2ffe1874993cdbef6dff899715afcc55120149f2c",
    "schema_version": "1.0.0",
    "event_type": "agent_order",
    "source": "synthetic_agent",
    "symbol": "BTCUSDT",
    "exchange": "binance_usdm",
    "timestamp": "2024-05-01T00:00:06Z",
    "sequence": 6,
    "scenario_id": "scenario-421-twap_execution",
    "agent_id": "agent-twap_execution",
    "order_id": "scenario-421-twap_execution-agent-twap_execution-6",
    "action": "new",
    "side": "buy",
    "price": 65388.289500000006,
    "quantity": 0.005,
    "remaining_quantity": 0.005
  },
  {
    "event_id": "98a266e2fb06e05a5f676919022635468ffeb7117e798d100132c187989c0d73",
    "schema_version": "1.0.0",
    "event_type": "agent_order",
    "source": "synthetic_agent",
    "symbol": "BTCUSDT",
    "exchange": "binance_usdm",
    "timestamp": "2024-05-01T00:00:07Z",
    "sequence": 7,
    "scenario_id": "scenario-421-twap_execution",
    "agent_id": "agent-twap_execution",
    "order_id": "scenario-421-twap_execution-agent-twap_execution-7",
    "action": "new",
    "side": "buy",
    "price": 65388.289500000006,
    "quantity": 0.005,
    "remaining_quantity": 0.005
  },
  {
    "event_id": "24d1d3cbbc0cc0e4d0c874cb2cd4013d2dfe47316641825f711bf2dc6ae36406",
    "schema_version": "1.0.0",
    "event_type": "agent_order",
    "source": "synthetic_agent",
    "symbol": "BTCUSDT",
    "exchange": "binance_usdm",
    "timestamp": "2024-05-01T00:00:08Z",
    "sequence": 8,
    "scenario_id": "scenario-421-twap_execution",
    "agent_id": "agent-twap_execution",
    "order_id": "scenario-421-twap_execution-agent-twap_execution-8",
    "action": "new",
    "side": "buy",
    "price": 65388.289500000006,
    "quantity": 0.005,
    "remaining_quantity": 0.005
  },
  {
    "event_id": "48fb98ec10fae14fceda1ecf25fa1d46afdaa5c05ca780512e481a033892eb6c",
    "schema_version": "1.0.0",
    "event_type": "agent_order",
    "source": "synthetic_agent",
    "symbol": "BTCUSDT",
    "exchange": "binance_usdm",
    "timestamp": "2024-05-01T00:00:09Z",
    "sequence": 9,
    "scenario_id": "scenario-421-twap_execution",
    "agent_id": "agent-twap_execution",
    "order_id": "scenario-421-twap_execution-agent-twap_execution-9",
    "action": "new",
    "side": "buy",
    "price": 65388.289500000006,
    "quantity": 0.005,
    "remaining_quantity": 0.005
  },
  {
    "event_id": "c21938e123d32046a7014bb3c936ef091221d12ab121d203a820e53164e8dbd5",
    "schema_version": "1.0.0",
    "event_type": "agent_order",
    "source": "synthetic_agent",
    "symbol": "BTCUSDT",
    "exchange": "binance_usdm",
    "timestamp": "2024-05-01T00:00:10Z",
    "sequence": 10,
    "scenario_id": "scenario-421-twap_execution",
    "agent_id": "agent-twap_execution",
    "order_id": "scenario-421-twap_execution-agent-twap_execution-10",
    "action": "new",
    "side": "buy",
    "price": 65388.289500000006,
    "quantity": 0.005,
    "remaining_quantity": 0.005
  },
  {
    "event_id": "9f76ab9bd64b232712cc628da8c70b4575bb652538ef88a26889576139cfc87e",
    "schema_version": "1.0.0",
    "event_type": "agent_order",
    "source": "synthetic_agent",
    "symbol": "BTCUSDT",
    "exchange": "binance_usdm",
    "timestamp": "2024-05-01T00:00:11Z",
    "sequence": 11,
    "scenario_id": "scenario-421-twap_execution",
    "agent_id": "agent-twap_execution",
    "order_id": "scenario-421-twap_execution-agent-twap_execution-11",
    "action": "new",
    "side": "buy",
    "price": 65388.289500000006,
    "quantity": 0.005,
    "remaining_quantity": 0.005
  },
  {
    "event_id": "a5ef2f41d33e6888cad3536f7e157d4adfa1c01a47d28f7db110849fd0c1d4b3",
    "schema_version": "1.0.0",
    "event_type": "agent_order",
    "source": "synthetic_agent",
    "symbol": "BTCUSDT",
    "exchange": "binance_usdm",
    "timestamp": "2024-05-01T00:00:12Z",
    "sequence": 12,
    "scenario_id": "scenario-421-twap_execution",
    "agent_id": "agent-twap_execution",
    "order_id": "scenario-421-twap_execution-agent-twap_execution-12",
    "action": "new",
    "side": "buy",
    "price": 65388.289500000006,
    "quantity": 0.005,
    "remaining_quantity": 0.005
  },
  {
    "event_id": "756fe429ab179b0406017656d4f23b3900bb26b0c4827ed43ddbd1fc1f1a82aa",
    "schema_version": "1.0.0",
    "event_type": "agent_order",
    "source": "synthetic_agent",
    "symbol": "BTCUSDT",
    "exchange": "binance_usdm",
    "timestamp": "2024-05-01T00:00:13Z",
    "sequence": 13,
    "scenario_id": "scenario-421-twap_execution",
    "agent_id": "agent-twap_execution",
    "order_id": "scenario-421-twap_execution-agent-twap_execution-13",
    "action": "new",
    "side": "buy",
    "price": 65388.289500000006,
    "quantity": 0.005,
    "remaining_quantity": 0.005
  },
  {
    "event_id": "d77564910ee989fe97ff71bbb7cfac2467377258b6ba5ce8776144e09d98e496",
    "schema_version": "1.0.0",
    "event_type": "agent_order",
    "source": "synthetic_agent",
    "symbol": "BTCUSDT",
    "exchange": "binance_usdm",
    "timestamp": "2024-05-01T00:00:14Z",
    "sequence": 14,
    "scenario_id": "scenario-421-twap_execution",
    "agent_id": "agent-twap_execution",
    "order_id": "scenario-421-twap_execution-agent-twap_execution-14",
    "action": "new",
    "side": "buy",
    "price": 65388.289500000006,
    "quantity": 0.005,
    "remaining_quantity": 0.005
  },
  {
    "event_id": "ee56ac38e01d074062cfc117213ea972c2a72b2207e49d34d75df2cb23ef2f4e",
    "schema_version": "1.0.0",
    "event_type": "agent_order",
    "source": "synthetic_agent",
    "symbol": "BTCUSDT",
    "exchange": "binance_usdm",
    "timestamp": "2024-05-01T00:00:15Z",
    "sequence": 15,
    "scenario_id": "scenario-421-twap_execution",
    "agent_id": "agent-twap_execution",
    "order_id": "scenario-421-twap_execution-agent-twap_execution-15",
    "action": "new",
    "side": "buy",
    "price": 65388.289500000006,
    "quantity": 0.005,
    "remaining_quantity": 0.005
  },
  {
    "event_id": "953853dcd0b883f77cf8f50a7be6221c4145d827c3d916374112b464c580d577",
    "schema_version": "1.0.0",
    "event_type": "agent_order",
    "source": "synthetic_agent",
    "symbol": "BTCUSDT",
    "exchange": "binance_usdm",
    "timestamp": "2024-05-01T00:00:16Z",
    "sequence": 16,
    "scenario_id": "scenario-421-twap_execution",
    "agent_id": "agent-twap_execution",
    "order_id": "scenario-421-twap_execution-agent-twap_execution-16",
    "action": "new",
    "side": "buy",
    "price": 65388.289500000006,
    "quantity": 0.005,
    "remaining_quantity": 0.005
  },
  {
    "event_id": "e4de73a99da8af2107046a1fd40930fb8cf8ee4b6716b4f4b39a075bdb0a0968",
    "schema_version": "1.0.0",
    "event_type": "agent_order",
    "source": "synthetic_agent",
    "symbol": "BTCUSDT",
    "exchange": "binance_usdm",
    "timestamp": "2024-05-01T00:00:17Z",
    "sequence": 17,
    "scenario_id": "scenario-421-twap_execution",
    "agent_id": "agent-twap_execution",
    "order_id": "scenario-421-twap_execution-agent-twap_execution-17",
    "action": "new",
    "side": "buy",
    "price": 65388.289500000006,
    "quantity": 0.005,
    "remaining_quantity": 0.005
  },
  {
    "event_id": "e3f384c4cf9825e59b4e76c53f719aa71baad91afdd39e4d2616db95f14345b1",
    "schema_version": "1.0.0",
    "event_type": "agent_order",
    "source": "synthetic_agent",
    "symbol": "BTCUSDT",
    "exchange": "binance_usdm",
    "timestamp": "2024-05-01T00:00:18Z",
    "sequence": 18,
    "scenario_id": "scenario-421-twap_execution",
    "agent_id": "agent-twap_execution",
    "order_id": "scenario-421-twap_execution-agent-twap_execution-18",
    "action": "new",
    "side": "buy",
    "price": 65388.289500000006,
    "quantity": 0.005,
    "remaining_quantity": 0.005
  },
  {
    "event_id": "05e697dc7cff1f7bbe74ff7fa9070713d89cfa2b02a7428fb5e88dea575032f7",
    "schema_version": "1.0.0",
    "event_type": "agent_order",
    "source": "synthetic_agent",
    "symbol": "BTCUSDT",
    "exchange": "binance_usdm",
    "timestamp": "2024-05-01T00:00:19Z",
    "sequence": 19,
    "scenario_id": "scenario-421-twap_execution",
    "agent_id": "agent-twap_execution",
    "order_id": "scenario-421-twap_execution-agent-twap_execution-19",
    "action": "new",
    "side": "buy",
    "price": 65388.289500000006,
    "quantity": 0.005,
    "remaining_quantity": 0.005
  },
  {
    "event_id": "a4108b401b00d4e0a3b8a4532231f69d9061d7d2abb8cc0972a174cb09eede28",
    "schema_version": "1.0.0",
    "event_type": "agent_order",
    "source": "synthetic_agent",
    "symbol": "BTCUSDT",
    "exchange": "binance_usdm",
    "timestamp": "2024-05-01T00:00:20Z",
    "sequence": 20,
    "scenario_id": "scenario-421-twap_execution",
    "agent_id": "agent-twap_execution",
    "order_id": "scenario-421-twap_execution-agent-twap_execution-20",
    "action": "new",
    "side": "buy",
    "price": 65388.289500000006,
    "quantity": 0.005,
    "remaining_quantity": 0.005
  },
  {
    "event_id": "e16c59881735e3406081609cb083a195fba383cbcac9a4c1907a008a8f2e948b",
    "schema_version": "1.0.0",
    "event_type": "agent_order",
    "source": "synthetic_agent",
    "symbol": "BTCUSDT",
    "exchange": "binance_usdm",
    "timestamp": "2024-05-01T00:00:21Z",
    "sequence": 21,
    "scenario_id": "scenario-421-twap_execution",
    "agent_id": "agent-twap_execution",
    "order_id": "scenario-421-twap_execution-agent-twap_execution-21",
    "action": "new",
    "side": "buy",
    "price": 65388.289500000006,
    "quantity": 0.005,
    "remaining_quantity": 0.005
  },
  {
    "event_id": "1d1e52564c68a008c04d8780c9acdd1a84082577a333269dd50af42096a4d068",
    "schema_version": "1.0.0",
    "event_type": "agent_order",
    "source": "synthetic_agent",
    "symbol": "BTCUSDT",
    "exchange": "binance_usdm",
    "timestamp": "2024-05-01T00:00:22Z",
    "sequence": 22,
    "scenario_id": "scenario-421-twap_execution",
    "agent_id": "agent-twap_execution",
    "order_id": "scenario-421-twap_execution-agent-twap_execution-22",
    "action": "new",
    "side": "buy",
    "price": 65388.289500000006,
    "quantity": 0.005,
    "remaining_quantity": 0.005
  },
  {
    "event_id": "11545209886a05f6faefe50cded0589da7c00c26e5da76259b5fab59c660a6e3",
    "schema_version": "1.0.0",
    "event_type": "agent_order",
    "source": "synthetic_agent",
    "symbol": "BTCUSDT",
    "exchange": "binance_usdm",
    "timestamp": "2024-05-01T00:00:23Z",
    "sequence": 23,
    "scenario_id": "scenario-421-twap_execution",
    "agent_id": "agent-twap_execution",
    "order_id": "scenario-421-twap_execution-agent-twap_execution-23",
    "action": "new",
    "side": "buy",
    "price": 65388.289500000006,
    "quantity": 0.005,
    "remaining_quantity": 0.005
  },
  {
    "event_id": "f611286799df283589568ed4f0c62a1b374d73f7c7930a929449471c0437dbb4",
    "schema_version": "1.0.0",
    "event_type": "agent_order",
    "source": "synthetic_agent",
    "symbol": "BTCUSDT",
    "exchange": "binance_usdm",
    "timestamp": "2024-05-01T00:00:24Z",
    "sequence": 24,
    "scenario_id": "scenario-421-twap_execution",
    "agent_id": "agent-twap_execution",
    "order_id": "scenario-421-twap_execution-agent-twap_execution-24",
    "action": "new",
    "side": "buy",
    "price": 65388.289500000006,
    "quantity": 0.005,
    "remaining_quantity": 0.005
  },
  {
    "event_id": "00eebb77d9efe25e30eb0c80772a05a20a4d5f980f8d781015401b5f53fd4ede",
    "schema_version": "1.0.0",
    "event_type": "agent_order",
    "source": "synthetic_agent",
    "symbol": "BTCUSDT",
    "exchange": "binance_usdm",
    "timestamp": "2024-05-01T00:00:25Z",
    "sequence": 25,
    "scenario_id": "scenario-421-twap_execution",
    "agent_id": "agent-twap_execution",
    "order_id": "scenario-421-twap_execution-agent-twap_execution-25",
    "action": "new",
    "side": "buy",
    "price": 65388.289500000006,
    "quantity": 0.005,
    "remaining_quantity": 0.005
  },
  {
    "event_id": "6169e64ccb51cbe7e3d81869ba64ea0ecd5c2e45ce19d7fa999ff0591508d51e",
    "schema_version": "1.0.0",
    "event_type": "agent_order",
    "source": "synthetic_agent",
    "symbol": "BTCUSDT",
    "exchange": "binance_usdm",
    "timestamp": "2024-05-01T00:00:26Z",
    "sequence": 26,
    "scenario_id": "scenario-421-twap_execution",
    "agent_id": "agent-twap_execution",
    "order_id": "scenario-421-twap_execution-agent-twap_execution-26",
    "action": "new",
    "side": "buy",
    "price": 65388.289500000006,
    "quantity": 0.005,
    "remaining_quantity": 0.005
  },
  {
    "event_id": "98e0f6b0be70680c71eddfbcb663fca397bcff090c02c6f7c580d74e01aedf9b",
    "schema_version": "1.0.0",
    "event_type": "agent_order",
    "source": "synthetic_agent",
    "symbol": "BTCUSDT",
    "exchange": "binance_usdm",
    "timestamp": "2024-05-01T00:00:27Z",
    "sequence": 27,
    "scenario_id": "scenario-421-twap_execution",
    "agent_id": "agent-twap_execution",
    "order_id": "scenario-421-twap_execution-agent-twap_execution-27",
    "action": "new",
    "side": "buy",
    "price": 65388.289500000006,
    "quantity": 0.005,
    "remaining_quantity": 0.005
  },
  {
    "event_id": "6e5f269b5904fd1063c653c8c41f9af33b7047db5697e4b52398bc3f7e428694",
    "schema_version": "1.0.0",
    "event_type": "agent_order",
    "source": "synthetic_agent",
    "symbol": "BTCUSDT",
    "exchange": "binance_usdm",
    "timestamp": "2024-05-01T00:00:28Z",
    "sequence": 28,
    "scenario_id": "scenario-421-twap_execution",
    "agent_id": "agent-twap_execution",
    "order_id": "scenario-421-twap_execution-agent-twap_execution-28",
    "action": "new",
    "side": "buy",
    "price": 65388.289500000006,
    "quantity": 0.005,
    "remaining_quantity": 0.005
  },
  {
    "event_id": "5d687bdddcf13830a409c75cec6e8e53925249fb984beeec3b1fc4709156844e",
    "schema_version": "1.0.0",
    "event_type": "agent_order",
    "source": "synthetic_agent",
    "symbol": "BTCUSDT",
    "exchange": "binance_usdm",
    "timestamp": "2024-05-01T00:00:29Z",
    "sequence": 29,
    "scenario_id": "scenario-421-twap_execution",
    "agent_id": "agent-twap_execution",
    "order_id": "scenario-421-twap_execution-agent-twap_execution-29",
    "action": "new",
    "side": "buy",
    "price": 65388.289500000006,
    "quantity": 0.005,
    "remaining_quantity": 0.005
  }
]