[
  {
    "event_id": "f95b6930cfc4832f4ade3a11060245d129adcae9c684b18a495e17e22d341917",
    "schema_version": "1.0.0",
    "event_type": "agent_order",
    "source": "synthetic_agent",
    "symbol": "BTCUSDT",
    "exchange": "binance_usdm",
    "timestamp": "2024-05-01T00:00:00Z",
    "sequence": 0,
    "scenario_id": "scenario-259-coordinated_burst",
    "agent_id": "agent-coordinated_burst-0",
    "order_id": "scenario-259-coordinated_burst-agent-coordinated_burst-0-0",
    "action": "new",
    "side": "buy",
    "price": 65272.0518,
    "quantity": 0.04,
    "remaining_quantity": 0.04
  },
  {
    "event_id": "351b0e1c2f3a81f5f174225ac9338ca7f728c81c066cd8e78057fc53eb0d0564",
    "schema_version": "1.0.0",
    "event_type": "agent_order",
    "source": "synthetic_agent",
    "symbol": "BTCUSDT",
    "exchange": "binance_usdm",
    "timestamp": "2024-05-01T00:00:00.012000Z",
    "sequence": 1,
    "scenario_id": "scenario-259-coordinated_burst",
    "agent_id": "agent-coordinated_burst-1",
    "order_id": "scenario-259-coordinated_burst-agent-coordinated_burst-1-1",
    "action": "new",
    "side": "sell",
    "price": 65245.9482,
    "quantity": 0.04,
    "remaining_quantity": 0.04
  },
  {
    "event_id": "70af0b2c6c139eabe6929709704d28497e5134207743c26268fe737a8dada51b",
    "schema_version": "1.0.0",
    "event_type": "agent_order",
    "source": "synthetic_agent",
    "symbol": "BTCUSDT",
    "exchange": "binance_usdm",
    "timestamp": "2024-05-01T00:00:00.024000Z",
    "sequence": 2,
    "scenario_id": "scenario-259-coordinated_burst",
    "agent_id": "agent-coordinated_burst-2",
    "order_id": "scenario-259-coordinated_burst-agent-coordinated_burst-2-2",
    "action": "new",
    "side": "sell",
    "price": 65245.9482,
    "quantity": 0.04,
    "remaining_quantity": 0.04
  },
  {
    "event_id": "a644d8bab5c367959f7e76df5e7ff4ac3bb951acc9b118ac5f7a0db127e901ff",
    "schema_version": "1.0.0",
    "event_type": "agent_order",
    "source": "synthetic_agent",
    "symbol": "BTCUSDT",
    "exchange": "binance_usdm",
    "timestamp": "2024-05-01T00:00:00.036000Z",
    "sequence": 3,
    "scenario_id": "scenario-259-coordinated_burst",
    "agent_id": "agent-coordinated_burst-0",
    "order_id": "scenario-259-coordinated_burst-agent-coordinated_burst-0-3",
    "action": "new",
    "side": "buy",
    "price": 65272.0518,
    "quantity": 0.04,
    "remaining_quantity": 0.04
  },
  {
    "event_id": "0ba560b0f8a4e68ea5f29a40465b63ff3ff6b957d4711ff3032c3bb24036348b",
    "schema_version": "1.0.0",
    "event_type": "agent_order",
    "source": "synthetic_agent",
    "symbol": "BTCUSDT",
    "exchange": "binance_usdm",
    "timestamp": "2024-05-01T00:00:00.048000Z",
    "sequence": 4,
    "scenario_id": "scenario-259-coordinated_burst",
    "agent_id": "agent-coordinated_burst-1",
    "order_id": "scenario-259-coordinated_burst-agent-coordinated_burst-1-4",
    "action": "new",
    "side": "sell",
    "price": 65245.9482,
    "quantity": 0.04,
    "remaining_quantity": 0.04
  },
  {
    "event_id": "d50512f684aba0b3c58d720538fdc80f5dcb6048ad435c1ad61309254d602fff",
    "schema_version": "1.0.0",
    "event_type": "agent_order",
    "source": "synthetic_agent",
    "symbol": "BTCUSDT",
    "exchange": "binance_usdm",
    "timestamp": "2024-05-01T00:00:00.600000Z",
    "sequence": 5,
    "scenario_id": "scenario-259-coordinated_burst",
    "agent_id": "agent-coordinated_burst-2",
    "order_id": "scenario-259-coordinated_burst-agent-coordinated_burst-2-5",
    "action": "new",
    "side": "sell",
    "price": 65245.9482,
    "quantity": 0.04,
    "remaining_quantity": 0.04
  },
  {
    "event_id": "909cd3e56658def6ebe74fc1f095e49b79be01d4436857c8ef8cbb69225526dd",
    "schema_version": "1.0.0",
    "event_type": "agent_order",
    "source": "synthetic_agent",
    "symbol": "BTCUSDT",
    "exchange": "binance_usdm",
    "timestamp": "2024-05-01T00:00:00.072000Z",
    "sequence": 6,
    "scenario_id": "scenario-259-coordinated_burst",
    "agent_id": "agent-coordinated_burst-0",
    "order_id": "scenario-259-coordinated_burst-agent-coordinated_burst-0-6",
    "action": "new",
    "side": "buy",
    "price": 65272.0518,
    "quantity": 0.04,
    "remaining_quantity": 0.04
  },
  {
    "event_id": "d48c39851763f74659d4731d5d9ab71d0fa586a794791dc7dace40fe63e85d1d",
    "schema_version": "1.0.0",
    "event_type": "agent_order",
    "source": "synthetic_agent",
    "symbol": "BTCUSDT",
    "exchange": "binance_usdm",
    "timestamp": "2024-05-01T00:00:00.084000Z",
    "sequence": 7,
    "scenario_id": "scenario-259-coordinated_burst",
    "agent_id": "agent-coordinated_burst-1",
    "order_id": "scenario-259-coordinated_burst-agent-coordinated_burst-1-7",
    "action": "new",
    "side": "sell",
    "price": 65245.9482,
    "quantity": 0.04,
    "remaining_quantity": 0.04
  },
  {
    "event_id": "e430ed37786a75a3ffaadb1963796432df665e5136176615eef0c379f2f83433",
    "schema_version": "1.0.0",
    "event_type": "agent_order",
    "source": "synthetic_agent",
    "symbol": "BTCUSDT",
    "exchange": "binance_usdm",
    "timestamp": "2024-05-01T00:00:00.096000Z",
    "sequence": 8,
    "scenario_id": "scenario-259-coordinated_burst",
    "agent_id": "agent-coordinated_burst-2",
    "order_id": "scenario-259-coordinated_burst-agent-coordinated_burst-2-8",
    "action": "new",
    "side": "sell",
    "price": 65245.9482,
    "quantity": 0.04,
    "remaining_quantity": 0.04
  },
  {
    "event_id": "6446c04d2cca28bbe7bcdac7edd280fb667e4fe6b0d35be7b97a81e7ca47416a",
    "schema_version": "1.0.0",
    "event_type": "agent_order",
    "source": "synthetic_agent",
    "symbol": "BTCUSDT",
    "exchange": "binance_usdm",
    "timestamp": "2024-05-01T00:00:00.108000Z",
    "sequence": 9,
    "scenario_id": "scenario-259-coordinated_burst",
    "agent_id": "agent-coordinated_burst-0",
    "order_id": "scenario-259-coordinated_burst-agent-coordinated_burst-0-9",
    "action": "new",
    "side": "buy",
    "price": 65272.0518,
    "quantity": 0.04,
    "remaining_quantity": 0.04
  },
  {
    "event_id": "bab8ee84eaed3ec82232dfe476ec1f8b4ec6403cc099e404ac3668ad336a8d19",
    "schema_version": "1.0.0",
    "event_type": "agent_order",
    "source": "synthetic_agent",
    "symbol": "BTCUSDT",
    "exchange": "binance_usdm",
    "timestamp": "2024-05-01T00:00:01.200000Z",
    "sequence": 10,
    "scenario_id": "scenario-259-coordinated_burst",
    "agent_id": "agent-coordinated_burst-1",
    "order_id": "scenario-259-coordinated_burst-agent-coordinated_burst-1-10",
    "action": "new",
    "side": "sell",
    "price": 65245.9482,
    "quantity": 0.04,
    "remaining_quantity": 0.04
  },
  {
    "event_id": "2c660e6a10ad2a4d74563cd26de28765cf88f4711006a028da3839ae93ec9ce2",
    "schema_version": "1.0.0",
    "event_type": "agent_order",
    "source": "synthetic_agent",
    "symbol": "BTCUSDT",
    "exchange": "binance_usdm",
    "timestamp": "2024-05-01T00:00:00.132000Z",
    "sequence": 11,
    "scenario_id": "scenario-259-coordinated_burst",
    "agent_id": "agent-coordinated_burst-2",
    "order_id": "scenario-259-coordinated_burst-agent-coordinated_burst-2-11",
    "action": "new",
    "side": "sell",
    "price": 65245.9482,
    "quantity": 0.04,
    "remaining_quantity": 0.04
  },
  {
    "event_id": "3b0b4096e71c7f79771242c8fd0423525a25531eeaa0da61c11ca8a7034e4599",
    "schema_version": "1.0.0",
    "event_type": "agent_order",
    "source": "synthetic_agent",
    "symbol": "BTCUSDT",
    "exchange": "binance_usdm",
    "timestamp": "2024-05-01T00:00:00.144000Z",
    "sequence": 12,
    "scenario_id": "scenario-259-coordinated_burst",
    "agent_id": "agent-coordinated_burst-0",
    "order_id": "scenario-259-coordinated_burst-agent-coordinated_burst-0-12",
    "action": "new",
    "side": "buy",
    "price": 65272.0518,
    "quantity": 0.04,
    "remaining_quantity": 0.04
  },
  {
    "event_id": "ee99e3fb323291b42519081e6c0afd6abb11e21bec4073d6cda3fe9303b1bb97",
    "schema_version": "1.0.0",
    "event_type": "agent_order",
    "source": "synthetic_agent",
    "symbol": "BTCUSDT",
    "exchange": "binance_usdm",
    "timestamp": "2024-05-01T00:00:00.156000Z",
    "sequence": 13,
    "scenario_id": "scenario-259-coordinated_burst",
    "agent_id": "agent-coordinated_burst-1",
    "order_id": "scenario-259-coordinated_burst-agent-coordinated_burst-1-13",
    "action": "new",
    "side": "sell",
    "price": 65245.9482,
    "quantity": 0.04,
    "remaining_quantity": 0.04
  },
  {
    "event_id": "ca94ccbf4c29911c8e93e503c97969cec24dddeb7f856d187da93589328bc7ff",
    "schema_version": "1.0.0",
    "event_type": "agent_order",
    "source": "synthetic_agent",
    "symbol": "BTCUSDT",
    "exchange": "binance_usdm",
    "timestamp": "2024-05-01T00:00:00.168000Z",
    "sequence": 14,
    "scenario_id": "scenario-259-coordinated_burst",
    "agent_id": "agent-coordinated_burst-2",
    "order_id": "scenario-259-coordinated_burst-agent-coordinated_burst-2-14",
    "action": "new",
    "side": "sell",
    "price": 65245.9482,
    "quantity": 0.04,
    "remaining_quantity": 0.04
  },
  {
    "event_id": "b72c492cb5fef71a23965aa7acc682516ae6889c3b05c98ef5e68583e6de1e12",
    "schema_version": "1.0.0",
    "event_type": "agent_order",
    "source": "synthetic_agent",
    "symbol": "BTCUSDT",
    "exchange": "binance_usdm",
    "timestamp": "2024-05-01T00:00:01.800000Z",
    "sequence": 15,
    "scenario_id": "scenario-259-coordinated_burst",
    "agent_id": "agent-coordinated_burst-0",
    "order_id": "scenario-259-coordinated_burst-agent-coordinated_burst-0-15",
    "action": "new",
    "side": "buy",
    "price": 65272.0518,
    "quantity": 0.04,
    "remaining_quantity": 0.04
  },
  {
    "event_id": "9594464c25496391509c11f5e1b45924328f3fe5d4a61479620b9b6ef5566620",
    "schema_version": "1.0.0",
    "event_type": "agent_order",
    "source": "synthetic_agent",
    "symbol": "BTCUSDT",
    "exchange": "binance_usdm",
    "timestamp": "2024-05-01T00:00:00.192000Z",
    "sequence": 16,
    "scenario_id": "scenario-259-coordinated_burst",
    "agent_id": "agent-coordinated_burst-1",
    "order_id": "scenario-259-coordinated_burst-agent-coordinated_burst-1-16",
    "action": "new",
    "side": "sell",
    "price": 65245.9482,
    "quantity": 0.04,
    "remaining_quantity": 0.04
  },
  {
    "event_id": "1d277e49e3c110d3bf911f76cec1b1f2ec0a8d38f4fde498486d1287fd8638e5",
    "schema_version": "1.0.0",
    "event_type": "agent_order",
    "source": "synthetic_agent",
    "symbol": "BTCUSDT",
    "exchange": "binance_usdm",
    "timestamp": "2024-05-01T00:00:00.204000Z",
    "sequence": 17,
    "scenario_id": "scenario-259-coordinated_burst",
    "agent_id": "agent-coordinated_burst-2",
    "order_id": "scenario-259-coordinated_burst-agent-coordinated_burst-2-17",
    "action": "new",
    "side": "sell",
    "price": 65245.9482,
    "quantity": 0.04,
    "remaining_quantity": 0.04
  },
  {
    "event_id": "83165127b395f1f872997491414f254f4d7ed9ff70f4cf9bfd8a9d50a056b6d5",
    "schema_version": "1.0.0",
    "event_type": "agent_order",
    "source": "synthetic_agent",
    "symbol": "BTCUSDT",
    "exchange": "binance_usdm",
    "timestamp": "2024-05-01T00:00:00.216000Z",
    "sequence": 18,
    "scenario_id": "scenario-259-coordinated_burst",
    "agent_id": "agent-coordinated_burst-0",
    "order_id": "scenario-259-coordinated_burst-agent-coordinated_burst-0-18",
    "action": "new",
    "side": "buy",
    "price": 65272.0518,
    "quantity": 0.04,
    "remaining_quantity": 0.04
  },
  {
    "event_id": "7479a74e717546c773b8748da506d662e7a9d74dcaa496ce31a2de283452f506",
    "schema_version": "1.0.0",
    "event_type": "agent_order",
    "source": "synthetic_agent",
    "symbol": "BTCUSDT",
    "exchange": "binance_usdm",
    "timestamp": "2024-05-01T00:00:00.228000Z",
    "sequence": 19,
    "scenario_id": "scenario-259-coordinated_burst",
    "agent_id": "agent-coordinated_burst-1",
    "order_id": "scenario-259-coordinated_burst-agent-coordinated_burst-1-19",
    "action": "new",
    "side": "sell",
    "price": 65245.9482,
    "quantity": 0.04,
    "remaining_quantity": 0.04
  },
  {
    "event_id": "e1e80e42b1ed786cb91731982735586f6180c7bcddf4068fd9932ff08d2d1894",
    "schema_version": "1.0.0",
    "event_type": "agent_order",
    "source": "synthetic_agent",
    "symbol": "BTCUSDT",
    "exchange": "binance_usdm",
    "timestamp": "2024-05-01T00:00:02.400000Z",
    "sequence": 20,
    "scenario_id": "scenario-259-coordinated_burst",
    "agent_id": "agent-coordinated_burst-2",
    "order_id": "scenario-259-coordinated_burst-agent-coordinated_burst-2-20",
    "action": "new",
    "side": "sell",
    "price": 65245.9482,
    "quantity": 0.04,
    "remaining_quantity": 0.04
  },
  {
    "event_id": "6bbc04d2b84ef6633dd640688d87e4f02cbfc537cfc978bb8dee41b8535528e4",
    "schema_version": "1.0.0",
    "event_type": "agent_order",
    "source": "synthetic_agent",
    "symbol": "BTCUSDT",
    "exchange": "binance_usdm",
    "timestamp": "2024-05-01T00:00:00.252000Z",
    "sequence": 21,
    "scenario_id": "scenario-259-coordinated_burst",
    "agent_id": "agent-coordinated_burst-0",
    "order_id": "scenario-259-coordinated_burst-agent-coordinated_burst-0-21",
    "action": "new",
    "side": "buy",
    "price": 65272.0518,
    "quantity": 0.04,
    "remaining_quantity": 0.04
  },
  {
    "event_id": "f18d08aa5ac7c8fc48f4764836e841693581d21691d0d65f4033e1b7821af325",
    "schema_version": "1.0.0",
    "event_type": "agent_order",
    "source": "synthetic_agent",
    "symbol": "BTCUSDT",
    "exchange": "binance_usdm",
    "timestamp": "2024-05-01T00:00:00.264000Z",
    "sequence": 22,
    "scenario_id": "scenario-259-coordinated_burst",
    "agent_id": "agent-coordinated_burst-1",
    "order_id": "scenario-259-coordinated_burst-agent-coordinated_burst-1-22",
    "action": "new",
    "side": "sell",
    "price": 65245.9482,
    "quantity": 0.04,
    "remaining_quantity": 0.04
  },
  {
    "event_id": "81214be44fe0e5532b0f6ad92ce908650f2f0f569dd46e2bf87b4f235a93f276",
    "schema_version": "1.0.0",
    "event_type": "agent_order",
    "source": "synthetic_agent",
    "symbol": "BTCUSDT",
    "exchange": "binance_usdm",
    "timestamp": "2024-05-01T00:00:00.276000Z",
    "sequence": 23,
    "scenario_id": "scenario-259-coordinated_burst",
    "agent_id": "agent-coordinated_burst-2",
    "order_id": "scenario-259-coordinated_burst-agent-coordinated_burst-2-23",
    "action": "new",
    "side": "sell",
    "price": 65245.9482,
    "quantity": 0.04,
    "remaining_quantity": 0.04
  },
  {
    "event_id": "a1d6e1996e8b1d287c1349f94b2e7008f858ada383024a29740a0752ca98e51b",
    "schema_version": "1.0.0",
    "event_type": "agent_order",
    "source": "synthetic_agent",
    "symbol": "BTCUSDT",
    "exchange": "binance_usdm",
    "timestamp": "2024-05-01T00:00:00.288000Z",
    "sequence": 24,
    "scenario_id": "scenario-259-coordinated_burst",
    "agent_id": "agent-coordinated_burst-0",
    "order_id": "scenario-259-coordinated_burst-agent-coordinated_burst-0-24",
    "action": "new",
    "side": "buy",
    "price": 65272.0518,
    "quantity": 0.04,
    "remaining_quantity": 0.04
  },
  {
    "event_id": "1ab0de34d4e428638110180cf66b29753b5438cc714b3e4acc0c06d3df3f8ee9",
    "schema_version": "1.0.0",
    "event_type": "agent_order",
    "source": "synthetic_agent",
    "symbol": "BTCUSDT",
    "exchange": "binance_usdm",
    "timestamp": "2024-05-01T00:00:03Z",
    "sequence": 25,
    "scenario_id": "scenario-259-coordinated_burst",
    "agent_id": "agent-coordinated_burst-1",
    "order_id": "scenario-259-coordinated_burst-agent-coordinated_burst-1-25",
    "action": "new",
    "side": "sell",
    "price": 65245.9482,
    "quantity": 0.04,
    "remaining_quantity": 0.04
  },
  {
    "event_id": "c4cc54089cd19469d1152f94cfa0a1d95fc6078435e30cfe46d7109ab279d13e",
    "schema_version": "1.0.0",
    "event_type": "agent_order",
    "source": "synthetic_agent",
    "symbol": "BTCUSDT",
    "exchange": "binance_usdm",
    "timestamp": "2024-05-01T00:00:00.312000Z",
    "sequence": 26,
    "scenario_id": "scenario-259-coordinated_burst",
    "agent_id": "agent-coordinated_burst-2",
    "order_id": "scenario-259-coordinated_burst-agent-coordinated_burst-2-26",
    "action": "new",
    "side": "sell",
    "price": 65245.9482,
    "quantity": 0.04,
    "remaining_quantity": 0.04
  },
  {
    "event_id": "5a94009ad847aa04bf87843504b406f66c71188cc9067f2f39f9286519d9a46b",
    "schema_version": "1.0.0",
    "event_type": "agent_order",
    "source": "synthetic_agent",
    "symbol": "BTCUSDT",
    "exchange": "binance_usdm",
    "timestamp": "2024-05-01T00:00:00.324000Z",
    "sequence": 27,
    "scenario_id": "scenario-259-coordinated_burst",
    "agent_id": "agent-coordinated_burst-0",
    "order_id": "scenario-259-coordinated_burst-agent-coordinated_burst-0-27",
    "action": "new",
    "side": "buy",
    "price": 65272.0518,
    "quantity": 0.04,
    "remaining_quantity": 0.04
  },
  {
    "event_id": "0d14413cff4610e5d220176067c7266b08e3d7b3f407e478eaee1704e4bb7c02",
    "schema_version": "1.0.0",
    "event_type": "agent_order",
    "source": "synthetic_agent",
    "symbol": "BTCUSDT",
    "exchange": "binance_usdm",
    "timestamp": "2024-05-01T00:00:00.336000Z",
    "sequence": 28,
    "scenario_id": "scenario-259-coordinated_burst",
    "agent_id": "agent-coordinated_burst-1",
    "order_id": "scenario-259-coordinated_burst-agent-coordinated_burst-1-28",
    "action": "new",
    "side": "sell",
    "price": 65245.9482,
    "quantity": 0.04,
    "remaining_quantity": 0.04
  },
  {
    "event_id": "e59e451871a40fe03dbca674c47449e049a64664c7aa6b56ef559cd954694fef",
    "schema_version": "1.0.0",
    "event_type": "agent_order",
    "source": "synthetic_agent",
    "symbol": "BTCUSDT",
    "exchange": "binance_usdm",
    "timestamp": "2024-05-01T00:00:00.348000Z",
    "sequence": 29,
    "scenario_id": "scenario-259-coordinated_burst",
    "agent_id": "agent-coordinated_burst-2",
    "order_id": "scenario-259-coordinated_burst-agent-coordinated_burst-2-29",
    "action": "new",
    "side": "sell",
    "price": 65245.9482,
    "quantity": 0.04,
    "remaining_quantity": 0.04
  }
]