[
  {
    "event_id": "4acd8579cb072e5a1e215e05604874df5500d64103a591bdf2f84bd16f5d4a37",
    "schema_version": "1.0.0",
    "event_type": "agent_order",
    "source": "synthetic_agent",
    "symbol": "BTCUSDT",
    "exchange": "binance_usdm",
    "timestamp": "2024-05-01T00:00:00Z",
    "sequence": 0,
    "scenario_id": "scenario-118-runaway_inventory",
    "agent_id": "agent-runaway_inventory",
    "order_id": "scenario-118-runaway_inventory-agent-runaway_inventory-0",
    "action": "new",
    "side": "buy",
    "price": 65118.0,
    "quantity": 0.01,
    "remaining_quantity": 0.01
  },
  {
    "event_id": "ec8e3e3047927e4d6c10d020dcc77e7688790eae08d3fe0957278ceed7accc3c",
    "schema_version": "1.0.0",
    "event_type": "agent_order",
    "source": "synthetic_agent",
    "symbol": "BTCUSDT",
    "exchange": "binance_usdm",
    "timestamp": "2024-05-01T00:00:00.070000Z",
    "sequence": 1,
    "scenario_id": "scenario-118-runaway_inventory",
    "agent_id": "agent-runaway_inventory",
    "order_id": "scenario-118-runaway_inventory-agent-runaway_inventory-1",
    "action": "new",
    "side": "buy",
    "price": 65119.953539999995,
    "quantity": 0.012,
    "remaining_quantity": 0.012
  },
  {
    "event_id": "c694c54fc949b7d6acdb070b53f4e2ddcfc309450a41bb67e7d9b0134651e946",
    "schema_version": "1.0.0",
    "event_type": "agent_order",
    "source": "synthetic_agent",
    "symbol": "BTCUSDT",
    "exchange": "binance_usdm",
    "timestamp": "2024-05-01T00:00:00.140000Z",
    "sequence": 2,
    "scenario_id": "scenario-118-runaway_inventory",
    "agent_id": "agent-runaway_inventory",
    "order_id": "scenario-118-runaway_inventory-agent-runaway_inventory-2",
    "action": "new",
    "side": "buy",
    "price": 65121.90708,
    "quantity": 0.014,
    "remaining_quantity": 0.014
  },
  {
    "event_id": "961dc1536b7fe691a6bf4b64c99ac2670d20e2881993b7831908f5af47a64a91",
    "schema_version": "1.0.0",
    "event_type": "agent_order",
    "source": "synthetic_agent",
    "symbol": "BTCUSDT",
    "exchange": "binance_usdm",
    "timestamp": "2024-05-01T00:00:00.210000Z",
    "sequence": 3,
    "scenario_id": "scenario-118-runaway_inventory",
    "agent_id": "agent-runaway_inventory",
    "order_id": "scenario-118-runaway_inventory-agent-runaway_inventory-3",
    "action": "new",
    "side": "buy",
    "price": 65123.86061999999,
    "quantity": 0.016,
    "remaining_quantity": 0.016
  },
  {
    "event_id": "65765baf0e4466b81b7525f003d12b95c40d33c830ab7771b13ba166ffce65a0",
    "schema_version": "1.0.0",
    "event_type": "agent_order",
    "source": "synthetic_agent",
    "symbol": "BTCUSDT",
    "exchange": "binance_usdm",
    "timestamp": "2024-05-01T00:00:00.280000Z",
    "sequence": 4,
    "scenario_id": "scenario-118-runaway_inventory",
    "agent_id": "agent-runaway_inventory",
    "order_id": "scenario-118-runaway_inventory-agent-runaway_inventory-4",
    "action": "new",
    "side": "buy",
    "price": 65125.814159999994,
    "quantity": 0.018000000000000002,
    "remaining_quantity": 0.018000000000000002
  },
  {
    "event_id": "1a2c7646435ab7fdb643ff38c02e2432b09786aaf2e21871703d15941a0aafad",
    "schema_version": "1.0.0",
    "event_type": "agent_order",
    "source": "synthetic_agent",
    "symbol": "BTCUSDT",
    "exchange": "binance_usdm",
    "timestamp": "2024-05-01T00:00:00.350000Z",
    "sequence": 5,
    "scenario_id": "scenario-118-runaway_inventory",
    "agent_id": "agent-runaway_inventory",
    "order_id": "scenario-118-runaway_inventory-agent-runaway_inventory-5",
    "action": "new",
    "side": "buy",
    "price": 65127.767700000004,
    "quantity": 0.02,
    "remaining_quantity": 0.02
  },
  {
    "event_id": "91d91140cc575fb0b4962760aaf6013c94c295ccc12c416cc99362f5ed0d58ff",
    "schema_version": "1.0.0",
    "event_type": "agent_order",
    "source": "synthetic_agent",
    "symbol": "BTCUSDT",
    "exchange": "binance_usdm",
    "timestamp": "2024-05-01T00:00:00.420000Z",
    "sequence": 6,
    "scenario_id": "scenario-118-runaway_inventory",
    "agent_id": "agent-runaway_inventory",
    "order_id": "scenario-118-runaway_inventory-agent-runaway_inventory-6",
    "action": "new",
    "side": "buy",
    "price": 65129.721240000006,
    "quantity": 0.022,
    "remaining_quantity": 0.022
  },
  {
    "event_id": "8fdb9f38740425fa7c9aa40ff852ed16f1226566813127853c6a44fc0c54bca2",
    "schema_version": "1.0.0",
    "event_type": "agent_order",
    "source": "synthetic_agent",
    "symbol": "BTCUSDT",
    "exchange": "binance_usdm",
    "timestamp": "2024-05-01T00:00:00.490000Z",
    "sequence": 7,
    "scenario_id": "scenario-118-runaway_inventory",
    "agent_id": "agent-runaway_inventory",
    "order_id": "scenario-118-runaway_inventory-agent-runaway_inventory-7",
    "action": "new",
    "side": "buy",
    "price": 65131.67478,
    "quantity": 0.024,
    "remaining_quantity": 0.024
  },
  {
    "event_id": "900c457a6dcc31c5177a452df1bd111b795f8457e5419dae7b5146f09dc11709",
    "schema_version": "1.0.0",
    "event_type": "agent_order",
    "source": "synthetic_agent",
    "symbol": "BTCUSDT",
    "exchange": "binance_usdm",
    "timestamp": "2024-05-01T00:00:00.560000Z",
    "sequence": 8,
    "scenario_id": "scenario-118-runaway_inventory",
    "agent_id": "agent-runaway_inventory",
    "order_id": "scenario-118-runaway_inventory-agent-runaway_inventory-8",
    "action": "new",
    "side": "buy",
    "price": 65133.62832,
    "quantity": 0.026000000000000002,
    "remaining_quantity": 0.026000000000000002
  },
  {
    "event_id": "d7dd70a4322151637e99427b2075a7f9672db321ce663c576bfa10d546a11cb8",
    "schema_version": "1.0.0",
    "event_type": "agent_order",
    "source": "synthetic_agent",
    "symbol": "BTCUSDT",
    "exchange": "binance_usdm",
    "timestamp": "2024-05-01T00:00:00.630000Z",
    "sequence": 9,
    "scenario_id": "scenario-118-runaway_inventory",
    "agent_id": "agent-runaway_inventory",
    "order_id": "scenario-118-runaway_inventory-agent-runaway_inventory-9",
    "action": "new",
    "side": "buy",
    "price": 65135.58186,
    "quantity": 0.028000000000000004,
    "remaining_quantity": 0.028000000000000004
  },
  {
    "event_id": "f39289d2b891818306130416ba3f6ed1c8150b8a034d896b66bf9f8cd83adbee",
    "schema_version": "1.0.0",
    "event_type": "agent_order",
    "source": "synthetic_agent",
    "symbol": "BTCUSDT",
    "exchange": "binance_usdm",
    "timestamp": "2024-05-01T00:00:00.700000Z",
    "sequence": 10,
    "scenario_id": "scenario-118-runaway_inventory",
    "agent_id": "agent-runaway_inventory",
    "order_id": "scenario-118-runaway_inventory-agent-runaway_inventory-10",
    "action": "new",
    "side": "buy",
    "price": 65137.5354,
    "quantity": 0.03,
    "remaining_quantity": 0.03
  },
  {
    "event_id": "adff710c4925d89eff1ece98dc817063fc1245c0e6221c6ea7fa8a02c67be443",
    "schema_version": "1.0.0",
    "event_type": "agent_order",
    "source": "synthetic_agent",
    "symbol": "BTCUSDT",
    "exchange": "binance_usdm",
    "timestamp": "2024-05-01T00:00:00.770000Z",
    "sequence": 11,
    "scenario_id": "scenario-118-runaway_inventory",
    "agent_id": "agent-runaway_inventory",
    "order_id": "scenario-118-runaway_inventory-agent-runaway_inventory-11",
    "action": "new",
    "side": "buy",
    "price": 65139.488939999996,
    "quantity": 0.032,
    "remaining_quantity": 0.032
  },
  {
    "event_id": "8a4f592242d15de7817856c446efc1499ce93377422f25a864928f1e83228126",
    "schema_version": "1.0.0",
    "event_type": "agent_order",
    "source": "synthetic_agent",
    "symbol": "BTCUSDT",
    "exchange": "binance_usdm",
    "timestamp": "2024-05-01T00:00:00.840000Z",
    "sequence": 12,
    "scenario_id": "scenario-118-runaway_inventory",
    "agent_id": "agent-runaway_inventory",
    "order_id": "scenario-118-runaway_inventory-agent-runaway_inventory-12",
    "action": "new",
    "side": "buy",
    "price": 65141.44248,
    "quantity": 0.034,
    "remaining_quantity": 0.034
  },
  {
    "event_id": "4d24fc3c68d80f6f2593b0c6bdfd658d6036b501c114aed1ebfc900194d817f1",
    "schema_version": "1.0.0",
    "event_type": "agent_order",
    "source": "synthetic_agent",
    "symbol": "BTCUSDT",
    "exchange": "binance_usdm",
    "timestamp": "2024-05-01T00:00:00.910000Z",
    "sequence": 13,
    "scenario_id": "scenario-118-runaway_inventory",
    "agent_id": "agent-runaway_inventory",
    "order_id": "scenario-118-runaway_inventory-agent-runaway_inventory-13",
    "action": "new",
    "side": "buy",
    "price": 65143.39601999999,
    "quantity": 0.036000000000000004,
    "remaining_quantity": 0.036000000000000004
  },
  {
    "event_id": "5194f80a15f125294b1c56ee8c66085fa9be7cb43160522b4c44ccd0aba1cccf",
    "schema_version": "1.0.0",
    "event_type": "agent_order",
    "source": "synthetic_agent",
    "symbol": "BTCUSDT",
    "exchange": "binance_usdm",
    "timestamp": "2024-05-01T00:00:00.980000Z",
    "sequence": 14,
    "scenario_id": "scenario-118-runaway_inventory",
    "agent_id": "agent-runaway_inventory",
    "order_id": "scenario-118-runaway_inventory-agent-runaway_inventory-14",
    "action": "new",
    "side": "buy",
    "price": 65145.34956,
    "quantity": 0.038,
    "remaining_quantity": 0.038
  },
  {
    "event_id": "9d166e6e7547d2c33fed00a04cee6333c21f2e725a2ad7febbd1267bff553ea5",
    "schema_version": "1.0.0",
    "event_type": "agent_order",
    "source": "synthetic_agent",
    "symbol": "BTCUSDT",
    "exchange": "binance_usdm",
    "timestamp": "2024-05-01T00:00:01.050000Z",
    "sequence": 15,
    "scenario_id": "scenario-118-runaway_inventory",
    "agent_id": "agent-runaway_inventory",
    "order_id": "scenario-118-runaway_inventory-agent-runaway_inventory-15",
    "action": "new",
    "side": "buy",
    "price": 65147.303100000005,
    "quantity": 0.04,
    "remaining_quantity": 0.04
  },
  {
    "event_id": "ca9c2f8db6ba93ac114ee31dccab2bfc2f0d1dd7c8429f0ece266eea8f3e8bc6",
    "schema_version": "1.0.0",
    "event_type": "agent_order",
    "source": "synthetic_agent",
    "symbol": "BTCUSDT",
    "exchange": "binance_usdm",
    "timestamp": "2024-05-01T00:00:01.120000Z",
    "sequence": 16,
    "scenario_id": "scenario-118-runaway_inventory",
    "agent_id": "agent-runaway_inventory",
    "order_id": "scenario-118-runaway_inventory-agent-runaway_inventory-16",
    "action": "new",
    "side": "buy",
    "price": 65149.25664,
    "quantity": 0.042,
    "remaining_quantity": 0.042
  },
  {
    "event_id": "8831364f16bf082e0c132bf4b90aaeb30c3cd53739109e0b0ee7f919097e6862",
    "schema_version": "1.0.0",
    "event_type": "agent_order",
    "source": "synthetic_agent",
    "symbol": "BTCUSDT",
    "exchange": "binance_usdm",
    "timestamp": "2024-05-01T00:00:01.190000Z",
    "sequence": 17,
    "scenario_id": "scenario-118-runaway_inventory",
    "agent_id": "agent-runaway_inventory",
    "order_id": "scenario-118-runaway_inventory-agent-runaway_inventory-17",
    "action": "new",
    "side": "buy",
    "price": 65151.21018,
    "quantity": 0.044000000000000004,
    "remaining_quantity": 0.044000000000000004
  },
  {
    "event_id": "2468fe47a9a1090210075b0b81b2862a4f2158f343c4297cec0dc6f88a10b81e",
    "schema_version": "1.0.0",
    "event_type": "agent_order",
    "source": "synthetic_agent",
    "symbol": "BTCUSDT",
    "exchange": "binance_usdm",
    "timestamp": "2024-05-01T00:00:01.260000Z",
    "sequence": 18,
    "scenario_id": "scenario-118-runaway_inventory",
    "agent_id": "agent-runaway_inventory",
    "order_id": "scenario-118-runaway_inventory-agent-runaway_inventory-18",
    "action": "new",
    "side": "buy",
    "price": 65153.16372,
    "quantity": 0.046000000000000006,
    "remaining_quantity": 0.046000000000000006
  },
  {
    "event_id": "22d2ffdaea2c4c302311cfdc4fca50e416b5ddba1b639269626302d0b020e132",
    "schema_version": "1.0.0",
    "event_type": "agent_order",
    "source": "synthetic_agent",
    "symbol": "BTCUSDT",
    "exchange": "binance_usdm",
    "timestamp": "2024-05-01T00:00:01.330000Z",
    "sequence": 19,
    "scenario_id": "scenario-118-runaway_inventory",
    "agent_id": "agent-runaway_inventory",
    "order_id": "scenario-118-runaway_inventory-agent-runaway_inventory-19",
    "action": "new",
    "side": "buy",
    "price": 65155.11726,
    "quantity": 0.048,
    "remaining_quantity": 0.048
  },
  {
    "event_id": "9918a8474cee68572298252309b870ae2a2c1114e9cc40f27e9816ff2304c2bd",
    "schema_version": "1.0.0",
    "event_type": "agent_order",
    "source": "synthetic_agent",
    "symbol": "BTCUSDT",
    "exchange": "binance_usdm",
    "timestamp": "2024-05-01T00:00:01.400000Z",
    "sequence": 20,
    "scenario_id": "scenario-118-runaway_inventory",
    "agent_id": "agent-runaway_inventory",
    "order_id": "scenario-118-runaway_inventory-agent-runaway_inventory-20",
    "action": "new",
    "side": "buy",
    "price": 65157.070799999994,
    "quantity": 0.05,
    "remaining_quantity": 0.05
  },
  {
    "event_id": "945e7eacbbb0e687a9651193c85ee5a5dd458d6eab53c31674d0c19e2dc48b25",
    "schema_version": "1.0.0",
    "event_type": "agent_order",
    "source": "synthetic_agent",
    "symbol": "BTCUSDT",
    "exchange": "binance_usdm",
    "timestamp": "2024-05-01T00:00:01.470000Z",
    "sequence": 21,
    "scenario_id": "scenario-118-runaway_inventory",
    "agent_id": "agent-runaway_inventory",
    "order_id": "scenario-118-runaway_inventory-agent-runaway_inventory-21",
    "action": "new",
    "side": "buy",
    "price": 65159.024339999996,
    "quantity": 0.052000000000000005,
    "remaining_quantity": 0.052000000000000005
  },
  {
    "event_id": "0bf10602b39c3763637ca240f44bbfffd2511323f39bda8fe4e497f8c747b9d1",
    "schema_version": "1.0.0",
    "event_type": "agent_order",
    "source": "synthetic_agent",
    "symbol": "BTCUSDT",
    "exchange": "binance_usdm",
    "timestamp": "2024-05-01T00:00:01.540000Z",
    "sequence": 22,
    "scenario_id": "scenario-118-runaway_inventory",
    "agent_id": "agent-runaway_inventory",
    "order_id": "scenario-118-runaway_inventory-agent-runaway_inventory-22",
    "action": "new",
    "side": "buy",
    "price": 65160.977880000006,
    "quantity": 0.054,
    "remaining_quantity": 0.054
  },
  {
    "event_id": "85b6e2dc142d1e8e8b44d68af95a13ee5ba82c2717041c028016a54628110946",
    "schema_version": "1.0.0",
    "event_type": "agent_order",
    "source": "synthetic_agent",
    "symbol": "BTCUSDT",
    "exchange": "binance_usdm",
    "timestamp": "2024-05-01T00:00:01.610000Z",
    "sequence": 23,
    "scenario_id": "scenario-118-runaway_inventory",
    "agent_id": "agent-runaway_inventory",
    "order_id": "scenario-118-runaway_inventory-agent-runaway_inventory-23",
    "action": "new",
    "side": "buy",
    "price": 65162.93142000001,
    "quantity": 0.056,
    "remaining_quantity": 0.056
  },
  {
    "event_id": "5364222f71f84f0fd40939cd82cf09e61431c16e2fb2811e650650cdbecccd7d",
    "schema_version": "1.0.0",
    "event_type": "agent_order",
    "source": "synthetic_agent",
    "symbol": "BTCUSDT",
    "exchange": "binance_usdm",
    "timestamp": "2024-05-01T00:00:01.680000Z",
    "sequence": 24,
    "scenario_id": "scenario-118-runaway_inventory",
    "agent_id": "agent-runaway_inventory",
    "order_id": "scenario-118-runaway_inventory-agent-runaway_inventory-24",
    "action": "new",
    "side": "buy",
    "price": 65164.88496,
    "quantity": 0.058,
    "remaining_quantity": 0.058
  },
  {
    "event_id": "a155965182c4349fc29359e367f211558ba9d080b477d3e70347bfd1c7066c3f",
    "schema_version": "1.0.0",
    "event_type": "agent_order",
    "source": "synthetic_agent",
    "symbol": "BTCUSDT",
    "exchange": "binance_usdm",
    "timestamp": "2024-05-01T00:00:01.750000Z",
    "sequence": 25,
    "scenario_id": "scenario-118-runaway_inventory",
    "agent_id": "agent-runaway_inventory",
    "order_id": "scenario-118-runaway_inventory-agent-runaway_inventory-25",
    "action": "new",
    "side": "buy",
    "price": 65166.838500000005,
    "quantity": 0.060000000000000005,
    "remaining_quantity": 0.060000000000000005
  },
  {
    "event_id": "1b399d3daa3ab16f8b8171b1cbb8fa926fcc3427cc9cc9b794321ecae2f90deb",
    "schema_version": "1.0.0",
    "event_type": "agent_order",
    "source": "synthetic_agent",
    "symbol": "BTCUSDT",
    "exchange": "binance_usdm",
    "timestamp": "2024-05-01T00:00:01.820000Z",
    "sequence": 26,
    "scenario_id": "scenario-118-runaway_inventory",
    "agent_id": "agent-runaway_inventory",
    "order_id": "scenario-118-runaway_inventory-agent-runaway_inventory-26",
    "action": "new",
    "side": "buy",
    "price": 65168.79204,
    "quantity": 0.062000000000000006,
    "remaining_quantity": 0.062000000000000006
  },
  {
    "event_id": "c35d325f87c95ca2a0db2edbeb7715f0e8c697eb9243ab36117c479bc5287fea",
    "schema_version": "1.0.0",
    "event_type": "agent_order",
    "source": "synthetic_agent",
    "symbol": "BTCUSDT",
    "exchange": "binance_usdm",
    "timestamp": "2024-05-01T00:00:01.890000Z",
    "sequence": 27,
    "scenario_id": "scenario-118-runaway_inventory",
    "agent_id": "agent-runaway_inventory",
    "order_id": "scenario-118-runaway_inventory-agent-runaway_inventory-27",
    "action": "new",
    "side": "buy",
    "price": 65170.745579999995,
    "quantity": 0.064,
    "remaining_quantity": 0.064
  },
  {
    "event_id": "0006342456bc01b9775008abd0b480ba8b8539f46388c4e8854f23a7686931dc",
    "schema_version": "1.0.0",
    "event_type": "agent_order",
    "source": "synthetic_agent",
    "symbol": "BTCUSDT",
    "exchange": "binance_usdm",
    "timestamp": "2024-05-01T00:00:01.960000Z",
    "sequence": 28,
    "scenario_id": "scenario-118-runaway_inventory",
    "agent_id": "agent-runaway_inventory",
    "order_id": "scenario-118-runaway_inventory-agent-runaway_inventory-28",
    "action": "new",
    "side": "buy",
    "price": 65172.69912,
    "quantity": 0.066,
    "remaining_quantity": 0.066
  },
  {
    "event_id": "741593e89dda82dcb399f03fc97fd3880026392a2a191ff721ecb2f6d7772ec7",
    "schema_version": "1.0.0",
    "event_type": "agent_order",
    "source": "synthetic_agent",
    "symbol": "BTCUSDT",
    "exchange": "binance_usdm",
    "timestamp": "2024-05-01T00:00:02.030000Z",
    "sequence": 29,
    "scenario_id": "scenario-118-runaway_inventory",
    "agent_id": "agent-runaway_inventory",
    "order_id": "scenario-118-runaway_inventory-agent-runaway_inventory-29",
    "action": "new",
    "side": "buy",
    "price": 65174.65265999999,
    "quantity": 0.068,
    "remaining_quantity": 0.068
  }
]