[
  {
    "event_id": "b797f892554db4a9b70e92535badc048bdcb6cbb19fd31145f61f20972ec3fc1",
    "schema_version": "1.0.0",
    "event_type": "agent_order",
    "source": "synthetic_agent",
    "symbol": "BTCUSDT",
    "exchange": "binance_usdm",
    "timestamp": "2024-05-01T00:00:00Z",
    "sequence": 0,
    "scenario_id": "scenario-191-volatility_feedback",
    "agent_id": "agent-volatility_feedback",
    "order_id": "scenario-191-volatility_feedback-agent-volatility_feedback-0",
    "action": "new",
    "side": "buy",
    "price": 65256.19099999999,
    "quantity": 0.02,
    "remaining_quantity": 0.02
  },
  {
    "event_id": "d407e3debfb21285c4284ec610b3fec4b4db4263c59a28e12568ac343084282b",
    "schema_version": "1.0.0",
    "event_type": "agent_order",
    "source": "synthetic_agent",
    "symbol": "BTCUSDT",
    "exchange": "binance_usdm",
    "timestamp": "2024-05-01T00:00:00.020000Z",
    "sequence": 1,
    "scenario_id": "scenario-191-volatility_feedback",
    "agent_id": "agent-volatility_feedback",
    "order_id": "scenario-191-volatility_feedback-agent-volatility_feedback-1",
    "action": "new",
    "side": "sell",
    "price": 65124.50518,
    "quantity": 0.03,
    "remaining_quantity": 0.03
  },
  {
    "event_id": "3e89376c64a0a9b2f7f557684484ed333ef54b063b7edfda3274ea92c36978fc",
    "schema_version": "1.0.0",
    "event_type": "agent_order",
    "source": "synthetic_agent",
    "symbol": "BTCUSDT",
    "exchange": "binance_usdm",
    "timestamp": "2024-05-01T00:00:00.040000Z",
    "sequence": 2,
    "scenario_id": "scenario-191-volatility_feedback",
    "agent_id": "agent-volatility_feedback",
    "order_id": "scenario-191-volatility_feedback-agent-volatility_feedback-2",
    "action": "new",
    "side": "buy",
    "price": 65258.79863999999,
    "quantity": 0.04,
    "remaining_quantity": 0.04
  },
  {
    "event_id": "0c79afb3f18df63857e1fdbae3f03f1600a369559246972a84ec531553e5991e",
    "schema_version": "1.0.0",
    "event_type": "agent_order",
    "source": "synthetic_agent",
    "symbol": "BTCUSDT",
    "exchange": "binance_usdm",
    "timestamp": "2024-05-01T00:00:00.060000Z",
    "sequence": 3,
    "scenario_id": "scenario-191-volatility_feedback",
    "agent_id": "agent-volatility_feedback",
    "order_id": "scenario-191-volatility_feedback-agent-volatility_feedback-3",
    "action": "new",
    "side": "sell",
    "price": 65121.897540000005,
    "quantity": 0.05,
    "remaining_quantity": 0.05
  },
  {
    "event_id": "e56165caf060d28eb69e044c85f29b938e926ea24f3cce50fce6078cedd791d9",
    "schema_version": "1.0.0",
    "event_type": "agent_order",
    "source": "synthetic_agent",
    "symbol": "BTCUSDT",
    "exchange": "binance_usdm",
    "timestamp": "2024-05-01T00:00:00.080000Z",
    "sequence": 4,
    "scenario_id": "scenario-191-volatility_feedback",
    "agent_id": "agent-volatility_feedback",
    "order_id": "scenario-191-volatility_feedback-agent-volatility_feedback-4",
    "action": "new",
    "side": "buy",
    "price": 65261.406279999996,
    "quantity": 0.02,
    "remaining_quantity": 0.02
  },
  {
    "event_id": "60ba591742688b44dca0145f914530a09c71e12b136095d26fa2c1c8319f4cbd",
    "schema_version": "1.0.0",
    "event_type": "agent_order",
    "source": "synthetic_agent",
    "symbol": "BTCUSDT",
    "exchange": "binance_usdm",
    "timestamp": "2024-05-01T00:00:00.100000Z",
    "sequence": 5,
    "scenario_id": "scenario-191-volatility_feedback",
    "agent_id": "agent-volatility_feedback",
    "order_id": "scenario-191-volatility_feedback-agent-volatility_feedback-5",
    "action": "new",
    "side": "sell",
    "price": 65119.2899,
    "quantity": 0.03,
    "remaining_quantity": 0.03
  },
  {
    "event_id": "254f2ef71909645be274860b31a7a4abb7ae38d96a02643e07b8459f9e3aebba",
    "schema_version": "1.0.0",
    "event_type": "agent_order",
    "source": "synthetic_agent",
    "symbol": "BTCUSDT",
    "exchange": "binance_usdm",
    "timestamp": "2024-05-01T00:00:00.120000Z",
    "sequence": 6,
    "scenario_id": "scenario-191-volatility_feedback",
    "agent_id": "agent-volatility_feedback",
    "order_id": "scenario-191-volatility_feedback-agent-volatility_feedback-6",
    "action": "new",
    "side": "buy",
    "price": 65264.01392,
    "quantity": 0.04,
    "remaining_quantity": 0.04
  },
  {
    "event_id": "00cb317155a57391d4b40af81d2f35088a5bc985658b2f3990342c35191ea6da",
    "schema_version": "1.0.0",
    "event_type": "agent_order",
    "source": "synthetic_agent",
    "symbol": "BTCUSDT",
    "exchange": "binance_usdm",
    "timestamp": "2024-05-01T00:00:00.140000Z",
    "sequence": 7,
    "scenario_id": "scenario-191-volatility_feedback",
    "agent_id": "agent-volatility_feedback",
    "order_id": "scenario-191-volatility_feedback-agent-volatility_feedback-7",
    "action": "new",
    "side": "sell",
    "price": 65116.68226,
    "quantity": 0.05,
    "remaining_quantity": 0.05
  },
  {
    "event_id": "c89366be2c5a1bfe16af8dcfc3f780eeea74baf8b052dc177d72dc9143528568",
    "schema_version": "1.0.0",
    "event_type": "agent_order",
    "source": "synthetic_agent",
    "symbol": "BTCUSDT",
    "exchange": "binance_usdm",
    "timestamp": "2024-05-01T00:00:00.160000Z",
    "sequence": 8,
    "scenario_id": "scenario-191-volatility_feedback",
    "agent_id": "agent-volatility_feedback",
    "order_id": "scenario-191-volatility_feedback-agent-volatility_feedback-8",
    "action": "new",
    "side": "buy",
    "price": 65266.62156000001,
    "quantity": 0.02,
    "remaining_quantity": 0.02
  },
  {
    "event_id": "eab8d197cf42bca824f9a002e8dc053e78f0df0851edf3577a42d023fd0e776a",
    "schema_version": "1.0.0",
    "event_type": "agent_order",
    "source": "synthetic_agent",
    "symbol": "BTCUSDT",
    "exchange": "binance_usdm",
    "timestamp": "2024-05-01T00:00:00.180000Z",
    "sequence": 9,
    "scenario_id": "scenario-191-volatility_feedback",
    "agent_id": "agent-volatility_feedback",
    "order_id": "scenario-191-volatility_feedback-agent-volatility_feedback-9",
    "action": "new",
    "side": "sell",
    "price": 65114.07462,
    "quantity": 0.03,
    "remaining_quantity": 0.03
  },
  {
    "event_id": "9792d6a628b0df117dbbcbe438931df5890f1131fba38707308607aa896bb4e0",
    "schema_version": "1.0.0",
    "event_type": "agent_order",
    "source": "synthetic_agent",
    "symbol": "BTCUSDT",
    "exchange": "binance_usdm",
    "timestamp": "2024-05-01T00:00:00.200000Z",
    "sequence": 10,
    "scenario_id": "scenario-191-volatility_feedback",
    "agent_id": "agent-volatility_feedback",
    "order_id": "scenario-191-volatility_feedback-agent-volatility_feedback-10",
    "action": "new",
    "side": "buy",
    "price": 65269.22920000001,
    "quantity": 0.04,
    "remaining_quantity": 0.04
  },
  {
    "event_id": "1697546115585d56d8a42b89659e6441bddd8e5874357710de2abfc522769a85",
    "schema_version": "1.0.0",
    "event_type": "agent_order",
    "source": "synthetic_agent",
    "symbol": "BTCUSDT",
    "exchange": "binance_usdm",
    "timestamp": "2024-05-01T00:00:00.220000Z",
    "sequence": 11,
    "scenario_id": "scenario-191-volatility_feedback",
    "agent_id": "agent-volatility_feedback",
    "order_id": "scenario-191-volatility_feedback-agent-volatility_feedback-11",
    "action": "new",
    "side": "sell",
    "price": 65111.46698,
    "quantity": 0.05,
    "remaining_quantity": 0.05
  },
  {
    "event_id": "999718d71db054535e3108d046cf1490950c2fc49dd2b436f6a102464825aefc",
    "schema_version": "1.0.0",
    "event_type": "agent_order",
    "source": "synthetic_agent",
    "symbol": "BTCUSDT",
    "exchange": "binance_usdm",
    "timestamp": "2024-05-01T00:00:00.240000Z",
    "sequence": 12,
    "scenario_id": "scenario-191-volatility_feedback",
    "agent_id": "agent-volatility_feedback",
    "order_id": "scenario-191-volatility_feedback-agent-volatility_feedback-12",
    "action": "new",
    "side": "buy",
    "price": 65271.836839999996,
    "quantity": 0.02,
    "remaining_quantity": 0.02
  },
  {
    "event_id": "21dedcf103afc7a7bd4ef80768e33b16e72f0a72a9203e890e17fd592b2aaa6e",
    "schema_version": "1.0.0",
    "event_type": "agent_order",
    "source": "synthetic_agent",
    "symbol": "BTCUSDT",
    "exchange": "binance_usdm",
    "timestamp": "2024-05-01T00:00:00.260000Z",
    "sequence": 13,
    "scenario_id": "scenario-191-volatility_feedback",
    "agent_id": "agent-volatility_feedback",
    "order_id": "scenario-191-volatility_feedback-agent-volatility_feedback-13",
    "action": "new",
    "side": "sell",
    "price": 65108.859339999995,
    "quantity": 0.03,
    "remaining_quantity": 0.03
  },
  {
    "event_id": "cc6a4f6d44c4f307c34f4f1fc5dfbf77b0684956c5f02e07461fe697d4f1f9a8",
    "schema_version": "1.0.0",
    "event_type": "agent_order",
    "source": "synthetic_agent",
    "symbol": "BTCUSDT",
    "exchange": "binance_usdm",
    "timestamp": "2024-05-01T00:00:00.280000Z",
    "sequence": 14,
    "scenario_id": "scenario-191-volatility_feedback",
    "agent_id": "agent-volatility_feedback",
    "order_id": "scenario-191-volatility_feedback-agent-volatility_feedback-14",
    "action": "new",
    "side": "buy",
    "price": 65274.44448,
    "quantity": 0.04,
    "remaining_quantity": 0.04
  },
  {
    "event_id": "1e9666e44390e8a9cf8ed1ee07ad2ab91fc7811dda1e89991cc870f71f49ab3a",
    "schema_version": "1.0.0",
    "event_type": "agent_order",
    "source": "synthetic_agent",
    "symbol": "BTCUSDT",
    "exchange": "binance_usdm",
    "timestamp": "2024-05-01T00:00:00.300000Z",
    "sequence": 15,
    "scenario_id": "scenario-191-volatility_feedback",
    "agent_id": "agent-volatility_feedback",
    "order_id": "scenario-191-volatility_feedback-agent-volatility_feedback-15",
    "action": "new",
    "side": "sell",
    "price": 65106.2517,
    "quantity": 0.05,
    "remaining_quantity": 0.05
  },
  {
    "event_id": "1bad2dd15b03f2d7dd55b714550ceecd26290b0bae3e9723baa27bc3d1bac6e0",
    "schema_version": "1.0.0",
    "event_type": "agent_order",
    "source": "synthetic_agent",
    "symbol": "BTCUSDT",
    "exchange": "binance_usdm",
    "timestamp": "2024-05-01T00:00:00.320000Z",
    "sequence": 16,
    "scenario_id": "scenario-191-volatility_feedback",
    "agent_id": "agent-volatility_feedback",
    "order_id": "scenario-191-volatility_feedback-agent-volatility_feedback-16",
    "action": "new",
    "side": "buy",
    "price": 65277.05212,
    "quantity": 0.02,
    "remaining_quantity": 0.02
  },
  {
    "event_id": "47646c4b63991c84e9198aea42ea58a74ac48dbda04677c0d4382317df929783",
    "schema_version": "1.0.0",
    "event_type": "agent_order",
    "source": "synthetic_agent",
    "symbol": "BTCUSDT",
    "exchange": "binance_usdm",
    "timestamp": "2024-05-01T00:00:00.340000Z",
    "sequence": 17,
    "scenario_id": "scenario-191-volatility_feedback",
    "agent_id": "agent-volatility_feedback",
    "order_id": "scenario-191-volatility_feedback-agent-volatility_feedback-17",
    "action": "new",
    "side": "sell",
    "price": 65103.64406,
    "quantity": 0.03,
    "remaining_quantity": 0.03
  },
  {
    "event_id": "762f89fc4ca8edcd6d4642f233f8795be37d5c573a4a742bc016ab87371f87ff",
    "schema_version": "1.0.0",
    "event_type": "agent_order",
    "source": "synthetic_agent",
    "symbol": "BTCUSDT",
    "exchange": "binance_usdm",
    "timestamp": "2024-05-01T00:00:00.360000Z",
    "sequence": 18,
    "scenario_id": "scenario-191-volatility_feedback",
    "agent_id": "agent-volatility_feedback",
    "order_id": "scenario-191-volatility_feedback-agent-volatility_feedback-18",
    "action": "new",
    "side": "buy",
    "price": 65279.65976,
    "quantity": 0.04,
    "remaining_quantity": 0.04
  },
  {
    "event_id": "4ca4062c48d461e19b9eacb9eb46f7e91e0f72c9ece5d3df5fd20a0ad74eb513",
    "schema_version": "1.0.0",
    "event_type": "agent_order",
    "source": "synthetic_agent",
    "symbol": "BTCUSDT",
    "exchange": "binance_usdm",
    "timestamp": "2024-05-01T00:00:00.380000Z",
    "sequence": 19,
    "scenario_id": "scenario-191-volatility_feedback",
    "agent_id": "agent-volatility_feedback",
    "order_id": "scenario-191-volatility_feedback-agent-volatility_feedback-19",
    "action": "new",
    "side": "sell",
    "price": 65101.03642,
    "quantity": 0.05,
    "remaining_quantity": 0.05
  },
  {
    "event_id": "8a01fc485c96b4e6a19df5147b3fbdcfffac4812683832329e18f48b6a6e2edd",
    "schema_version": "1.0.0",
    "event_type": "agent_order",
    "source": "synthetic_agent",
    "symbol": "BTCUSDT",
    "exchange": "binance_usdm",
    "timestamp": "2024-05-01T00:00:00.400000Z",
    "sequence": 20,
    "scenario_id": "scenario-191-volatility_feedback",
    "agent_id": "agent-volatility_feedback",
    "order_id": "scenario-191-volatility_feedback-agent-volatility_feedback-20",
    "action": "new",
    "side": "buy",
    "price": 65282.267400000004,
    "quantity": 0.02,
    "remaining_quantity": 0.02
  },
  {
    "event_id": "3b75a607100ff8bc04de766a6ac867aa1868ffdfc75964d59451815892a5bb4c",
    "schema_version": "1.0.0",
    "event_type": "agent_order",
    "source": "synthetic_agent",
    "symbol": "BTCUSDT",
    "exchange": "binance_usdm",
    "timestamp": "2024-05-01T00:00:00.420000Z",
    "sequence": 21,
    "scenario_id": "scenario-191-volatility_feedback",
    "agent_id": "agent-volatility_feedback",
    "order_id": "scenario-191-volatility_feedback-agent-volatility_feedback-21",
    "action": "new",
    "side": "sell",
    "price": 65098.42878,
    "quantity": 0.03,
    "remaining_quantity": 0.03
  },
  {
    "event_id": "29a59c584242f44d0988325faa3e8934cc191a8ed6d87155e6e4a1561b46dfee",
    "schema_version": "1.0.0",
    "event_type": "agent_order",
    "source": "synthetic_agent",
    "symbol": "BTCUSDT",
    "exchange": "binance_usdm",
    "timestamp": "2024-05-01T00:00:00.440000Z",
    "sequence": 22,
    "scenario_id": "scenario-191-volatility_feedback",
    "agent_id": "agent-volatility_feedback",
    "order_id": "scenario-191-volatility_feedback-agent-volatility_feedback-22",
    "action": "new",
    "side": "buy",
    "price": 65284.875040000006,
    "quantity": 0.04,
    "remaining_quantity": 0.04
  },
  {
    "event_id": "d7600bf245c3b6e95ad3834884d3ae58c21e0f8fd4e15f00a697f891540430b1",
    "schema_version": "1.0.0",
    "event_type": "agent_order",
    "source": "synthetic_agent",
    "symbol": "BTCUSDT",
    "exchange": "binance_usdm",
    "timestamp": "2024-05-01T00:00:00.460000Z",
    "sequence": 23,
    "scenario_id": "scenario-191-volatility_feedback",
    "agent_id": "agent-volatility_feedback",
    "order_id": "scenario-191-volatility_feedback-agent-volatility_feedback-23",
    "action": "new",
    "side": "sell",
    "price": 65095.82114,
    "quantity": 0.05,
    "remaining_quantity": 0.05
  },
  {
    "event_id": "64024d1772380c69e0b29a8c25ec002fa8f09c20708cae30edee996370a4934f",
    "schema_version": "1.0.0",
    "event_type": "agent_order",
    "source": "synthetic_agent",
    "symbol": "BTCUSDT",
    "exchange": "binance_usdm",
    "timestamp": "2024-05-01T00:00:00.480000Z",
    "sequence": 24,
    "scenario_id": "scenario-191-volatility_feedback",
    "agent_id": "agent-volatility_feedback",
    "order_id": "scenario-191-volatility_feedback-agent-volatility_feedback-24",
    "action": "new",
    "side": "buy",
    "price": 65287.482679999994,
    "quantity": 0.02,
    "remaining_quantity": 0.02
  },
  {
    "event_id": "d454980baa53be84ff7559a5d51dc46cc67f8a1008430df0d9926c14bfee5954",
    "schema_version": "1.0.0",
    "event_type": "agent_order",
    "source": "synthetic_agent",
    "symbol": "BTCUSDT",
    "exchange": "binance_usdm",
    "timestamp": "2024-05-01T00:00:00.500000Z",
    "sequence": 25,
    "scenario_id": "scenario-191-volatility_feedback",
    "agent_id": "agent-volatility_feedback",
    "order_id": "scenario-191-volatility_feedback-agent-volatility_feedback-25",
    "action": "new",
    "side": "sell",
    "price": 65093.213500000005,
    "quantity": 0.03,
    "remaining_quantity": 0.03
  },
  {
    "event_id": "a235a6276a48bfd7a504f93307c59db4592f5be284ecdab62d456c6cecfcc8f0",
    "schema_version": "1.0.0",
    "event_type": "agent_order",
    "source": "synthetic_agent",
    "symbol": "BTCUSDT",
    "exchange": "binance_usdm",
    "timestamp": "2024-05-01T00:00:00.520000Z",
    "sequence": 26,
    "scenario_id": "scenario-191-volatility_feedback",
    "agent_id": "agent-volatility_feedback",
    "order_id": "scenario-191-volatility_feedback-agent-volatility_feedback-26",
    "action": "new",
    "side": "buy",
    "price": 65290.090319999996,
    "quantity": 0.04,
    "remaining_quantity": 0.04
  },
  {
    "event_id": "adef51b0ad555deec3d1e9dbbbd72e0847adc511b8aa6793b0760835e8fecbf6",
    "schema_version": "1.0.0",
    "event_type": "agent_order",
    "source": "synthetic_agent",
    "symbol": "BTCUSDT",
    "exchange": "binance_usdm",
    "timestamp": "2024-05-01T00:00:00.540000Z",
    "sequence": 27,
    "scenario_id": "scenario-191-volatility_feedback",
    "agent_id": "agent-volatility_feedback",
    "order_id": "scenario-191-volatility_feedback-agent-volatility_feedback-27",
    "action": "new",
    "side": "sell",
    "price": 65090.60586,
    "quantity": 0.05,
    "remaining_quantity": 0.05
  },
  {
    "event_id": "2b6c12c504016179fffd4e34a84b6cfa8674e3f5e2128c99ef41427ea7944905",
    "schema_version": "1.0.0",
    "event_type": "agent_order",
    "source": "synthetic_agent",
    "symbol": "BTCUSDT",
    "exchange": "binance_usdm",
    "timestamp": "2024-05-01T00:00:00.560000Z",
    "sequence": 28,
    "scenario_id": "scenario-191-volatility_feedback",
    "agent_id": "agent-volatility_feedback",
    "order_id": "scenario-191-volatility_feedback-agent-volatility_feedback-28",
    "action": "new",
    "side": "buy",
    "price": 65292.69796,
    "quantity": 0.02,
    "remaining_quantity": 0.02
  },
  {
    "event_id": "2348824db6533ff2e2d2fd115713979fdf41afe439972836796b9dcf49c31519",
    "schema_version": "1.0.0",
    "event_type": "agent_order",
    "source": "synthetic_agent",
    "symbol": "BTCUSDT",
    "exchange": "binance_usdm",
    "timestamp": "2024-05-01T00:00:00.580000Z",
    "sequence": 29,
    "scenario_id": "scenario-191-volatility_feedback",
    "agent_id": "agent-volatility_feedback",
    "order_id": "scenario-191-volatility_feedback-agent-volatility_feedback-29",
    "action": "new",
    "side": "sell",
    "price": 65087.99822,
    "quantity": 0.03,
    "remaining_quantity": 0.03
  }
]