[
  {
    "event_id": "44fd95029879897101da45f6192850e05652769cfa5c8d39b8f76b6846a562f0",
    "schema_version": "1.0.0",
    "event_type": "agent_order",
    "source": "synthetic_agent",
    "symbol": "BTCUSDT",
    "exchange": "binance_usdm",
    "timestamp": "2024-05-01T00:00:00Z",
    "sequence": 0,
    "scenario_id": "scenario-215-volatility_feedback",
    "agent_id": "agent-volatility_feedback",
    "order_id": "scenario-215-volatility_feedback-agent-volatility_feedback-0",
    "action": "new",
    "side": "buy",
    "price": 65280.21499999999,
    "quantity": 0.02,
    "remaining_quantity": 0.02
  },
  {
    "event_id": "c788d9ff056965ab2bb879984810e47c5511668a9985e6412c0747f79d05b94b",
    "schema_version": "1.0.0",
    "event_type": "agent_order",
    "source": "synthetic_agent",
    "symbol": "BTCUSDT",
    "exchange": "binance_usdm",
    "timestamp": "2024-05-01T00:00:00.020000Z",
    "sequence": 1,
    "scenario_id": "scenario-215-volatility_feedback",
    "agent_id": "agent-volatility_feedback",
    "order_id": "scenario-215-volatility_feedback-agent-volatility_feedback-1",
    "action": "new",
    "side": "sell",
    "price": 65148.4807,
    "quantity": 0.03,
    "remaining_quantity": 0.03
  },
  {
    "event_id": "46642a3b0ab09a1def722b9ab4a6c0512283442b67bff355ced4f64c8b81b2c5",
    "schema_version": "1.0.0",
    "event_type": "agent_order",
    "source": "synthetic_agent",
    "symbol": "BTCUSDT",
    "exchange": "binance_usdm",
    "timestamp": "2024-05-01T00:00:00.040000Z",
    "sequence": 2,
    "scenario_id": "scenario-215-volatility_feedback",
    "agent_id": "agent-volatility_feedback",
    "order_id": "scenario-215-volatility_feedback-agent-volatility_feedback-2",
    "action": "new",
    "side": "buy",
    "price": 65282.823599999996,
    "quantity": 0.04,
    "remaining_quantity": 0.04
  },
  {
    "event_id": "4393aeb6eebc8c342f57229831f219def5d35c4c6e880c87bd4fa432a771cb81",
    "schema_version": "1.0.0",
    "event_type": "agent_order",
    "source": "synthetic_agent",
    "symbol": "BTCUSDT",
    "exchange": "binance_usdm",
    "timestamp": "2024-05-01T00:00:00.060000Z",
    "sequence": 3,
    "scenario_id": "scenario-215-volatility_feedback",
    "agent_id": "agent-volatility_feedback",
    "order_id": "scenario-215-volatility_feedback-agent-volatility_feedback-3",
    "action": "new",
    "side": "sell",
    "price": 65145.8721,
    "quantity": 0.05,
    "remaining_quantity": 0.05
  },
  {
    "event_id": "bc4f07c214cb38584f8540f18d9f751aa742590166ecff40c5bfea55d70e6a7d",
    "schema_version": "1.0.0",
    "event_type": "agent_order",
    "source": "synthetic_agent",
    "symbol": "BTCUSDT",
    "exchange": "binance_usdm",
    "timestamp": "2024-05-01T00:00:00.080000Z",
    "sequence": 4,
    "scenario_id": "scenario-215-volatility_feedback",
    "agent_id": "agent-volatility_feedback",
    "order_id": "scenario-215-volatility_feedback-agent-volatility_feedback-4",
    "action": "new",
    "side": "buy",
    "price": 65285.432199999996,
    "quantity": 0.02,
    "remaining_quantity": 0.02
  },
  {
    "event_id": "edb8e57e72b4bcd0d6a4a6da59407d3f2954eca0ee70106688da31d162d580aa",
    "schema_version": "1.0.0",
    "event_type": "agent_order",
    "source": "synthetic_agent",
    "symbol": "BTCUSDT",
    "exchange": "binance_usdm",
    "timestamp": "2024-05-01T00:00:00.100000Z",
    "sequence": 5,
    "scenario_id": "scenario-215-volatility_feedback",
    "agent_id": "agent-volatility_feedback",
    "order_id": "scenario-215-volatility_feedback-agent-volatility_feedback-5",
    "action": "new",
    "side": "sell",
    "price": 65143.2635,
    "quantity": 0.03,
    "remaining_quantity": 0.03
  },
  {
    "event_id": "7683373c69036168f45879028523ca9cce685065f2e3e25417795c13310a0c10",
    "schema_version": "1.0.0",
    "event_type": "agent_order",
    "source": "synthetic_agent",
    "symbol": "BTCUSDT",
    "exchange": "binance_usdm",
    "timestamp": "2024-05-01T00:00:00.120000Z",
    "sequence": 6,
    "scenario_id": "scenario-215-volatility_feedback",
    "agent_id": "agent-volatility_feedback",
    "order_id": "scenario-215-volatility_feedback-agent-volatility_feedback-6",
    "action": "new",
    "side": "buy",
    "price": 65288.0408,
    "quantity": 0.04,
    "remaining_quantity": 0.04
  },
  {
    "event_id": "0b9393122da4db46bf02da832b43267b2d832f677929e8de338f73b94c9d8a7d",
    "schema_version": "1.0.0",
    "event_type": "agent_order",
    "source": "synthetic_agent",
    "symbol": "BTCUSDT",
    "exchange": "binance_usdm",
    "timestamp": "2024-05-01T00:00:00.140000Z",
    "sequence": 7,
    "scenario_id": "scenario-215-volatility_feedback",
    "agent_id": "agent-volatility_feedback",
    "order_id": "scenario-215-volatility_feedback-agent-volatility_feedback-7",
    "action": "new",
    "side": "sell",
    "price": 65140.6549,
    "quantity": 0.05,
    "remaining_quantity": 0.05
  },
  {
    "event_id": "865c32a6a967a82427c7885814087f1eaf1f3d358506e58ef62654102b567bd4",
    "schema_version": "1.0.0",
    "event_type": "agent_order",
    "source": "synthetic_agent",
    "symbol": "BTCUSDT",
    "exchange": "binance_usdm",
    "timestamp": "2024-05-01T00:00:00.160000Z",
    "sequence": 8,
    "scenario_id": "scenario-215-volatility_feedback",
    "agent_id": "agent-volatility_feedback",
    "order_id": "scenario-215-volatility_feedback-agent-volatility_feedback-8",
    "action": "new",
    "side": "buy",
    "price": 65290.6494,
    "quantity": 0.02,
    "remaining_quantity": 0.02
  },
  {
    "event_id": "4f9b2fb0ca3e8220fd071ba610975c2e6612136e825983ce1469084903fc35c5",
    "schema_version": "1.0.0",
    "event_type": "agent_order",
    "source": "synthetic_agent",
    "symbol": "BTCUSDT",
    "exchange": "binance_usdm",
    "timestamp": "2024-05-01T00:00:00.180000Z",
    "sequence": 9,
    "scenario_id": "scenario-215-volatility_feedback",
    "agent_id": "agent-volatility_feedback",
    "order_id": "scenario-215-volatility_feedback-agent-volatility_feedback-9",
    "action": "new",
    "side": "sell",
    "price": 65138.0463,
    "quantity": 0.03,
    "remaining_quantity": 0.03
  },
  {
    "event_id": "e6b07363069427127cc675f8a8a9ac415358eb76645d01605db6e48fa0913034",
    "schema_version": "1.0.0",
    "event_type": "agent_order",
    "source": "synthetic_agent",
    "symbol": "BTCUSDT",
    "exchange": "binance_usdm",
    "timestamp": "2024-05-01T00:00:00.200000Z",
    "sequence": 10,
    "scenario_id": "scenario-215-volatility_feedback",
    "agent_id": "agent-volatility_feedback",
    "order_id": "scenario-215-volatility_feedback-agent-volatility_feedback-10",
    "action": "new",
    "side": "buy",
    "price": 65293.25800000001,
    "quantity": 0.04,
    "remaining_quantity": 0.04
  },
  {
    "event_id": "51a289b45b632343a727081274168e34dc8bba4c5f461cb1564c10db33a8cbd6",
    "schema_version": "1.0.0",
    "event_type": "agent_order",
    "source": "synthetic_agent",
    "symbol": "BTCUSDT",
    "exchange": "binance_usdm",
    "timestamp": "2024-05-01T00:00:00.220000Z",
    "sequence": 11,
    "scenario_id": "scenario-215-volatility_feedback",
    "agent_id": "agent-volatility_feedback",
    "order_id": "scenario-215-volatility_feedback-agent-volatility_feedback-11",
    "action": "new",
    "side": "sell",
    "price": 65135.4377,
    "quantity": 0.05,
    "remaining_quantity": 0.05
  },
  {
    "event_id": "2ba85b895308b915713a31bee6668bcd44a1af4c616e0b951e4e684fd9478814",
    "schema_version": "1.0.0",
    "event_type": "agent_order",
    "source": "synthetic_agent",
    "symbol": "BTCUSDT",
    "exchange": "binance_usdm",
    "timestamp": "2024-05-01T00:00:00.240000Z",
    "sequence": 12,
    "scenario_id": "scenario-215-volatility_feedback",
    "agent_id": "agent-volatility_feedback",
    "order_id": "scenario-215-volatility_feedback-agent-volatility_feedback-12",
    "action": "new",
    "side": "buy",
    "price": 65295.866599999994,
    "quantity": 0.02,
    "remaining_quantity": 0.02
  },
  {
    "event_id": "a4f674e9904d5b8768973b1e6b66c72e9215b8dbaa4e24767fd0ed7d9669a1bd",
    "schema_version": "1.0.0",
    "event_type": "agent_order",
    "source": "synthetic_agent",
    "symbol": "BTCUSDT",
    "exchange": "binance_usdm",
    "timestamp": "2024-05-01T00:00:00.260000Z",
    "sequence": 13,
    "scenario_id": "scenario-215-volatility_feedback",
    "agent_id": "agent-volatility_feedback",
    "order_id": "scenario-215-volatility_feedback-agent-volatility_feedback-13",
    "action": "new",
    "side": "sell",
    "price": 65132.829099999995,
    "quantity": 0.03,
    "remaining_quantity": 0.03
  },
  {
    "event_id": "c8a681ddc242be61ebae96415291f0a277884916979e729f69da7ae5236da416",
    "schema_version": "1.0.0",
    "event_type": "agent_order",
    "source": "synthetic_agent",
    "symbol": "BTCUSDT",
    "exchange": "binance_usdm",
    "timestamp": "2024-05-01T00:00:00.280000Z",
    "sequence": 14,
    "scenario_id": "scenario-215-volatility_feedback",
    "agent_id": "agent-volatility_feedback",
    "order_id": "scenario-215-volatility_feedback-agent-volatility_feedback-14",
    "action": "new",
    "side": "buy",
    "price": 65298.47519999999,
    "quantity": 0.04,
    "remaining_quantity": 0.04
  },
  {
    "event_id": "8af739633a7ddf88b1430ba10ae7bd964b353e719ac7a9648b8379f6003a3351",
    "schema_version": "1.0.0",
    "event_type": "agent_order",
    "source": "synthetic_agent",
    "symbol": "BTCUSDT",
    "exchange": "binance_usdm",
    "timestamp": "2024-05-01T00:00:00.300000Z",
    "sequence": 15,
    "scenario_id": "scenario-215-volatility_feedback",
    "agent_id": "agent-volatility_feedback",
    "order_id": "scenario-215-volatility_feedback-agent-volatility_feedback-15",
    "action": "new",
    "side": "sell",
    "price": 65130.2205,
    "quantity": 0.05,
    "remaining_quantity": 0.05
  },
  {
    "event_id": "2874dc90c466183eabeff8be49e93d8b3f40a8c5391e4d33abd0b3ea48c8f91d",
    "schema_version": "1.0.0",
    "event_type": "agent_order",
    "source": "synthetic_agent",
    "symbol": "BTCUSDT",
    "exchange": "binance_usdm",
    "timestamp": "2024-05-01T00:00:00.320000Z",
    "sequence": 16,
    "scenario_id": "scenario-215-volatility_feedback",
    "agent_id": "agent-volatility_feedback",
    "order_id": "scenario-215-volatility_feedback-agent-volatility_feedback-16",
    "action": "new",
    "side": "buy",
    "price": 65301.0838,
    "quantity": 0.02,
    "remaining_quantity": 0.02
  },
  {
    "event_id": "cc96d996136f21abd187307be9e74418b0ed5776709af5d9a31d5cbd9969c03b",
    "schema_version": "1.0.0",
    "event_type": "agent_order",
    "source": "synthetic_agent",
    "symbol": "BTCUSDT",
    "exchange": "binance_usdm",
    "timestamp": "2024-05-01T00:00:00.340000Z",
    "sequence": 17,
    "scenario_id": "scenario-215-volatility_feedback",
    "agent_id": "agent-volatility_feedback",
    "order_id": "scenario-215-volatility_feedback-agent-volatility_feedback-17",
    "action": "new",
    "side": "sell",
    "price": 65127.611899999996,
    "quantity": 0.03,
    "remaining_quantity": 0.03
  },
  {
    "event_id": "4636bc33e1cf35b2d39d36d555e711155b5ad3809688fc69ba56f780ec9785b5",
    "schema_version": "1.0.0",
    "event_type": "agent_order",
    "source": "synthetic_agent",
    "symbol": "BTCUSDT",
    "exchange": "binance_usdm",
    "timestamp": "2024-05-01T00:00:00.360000Z",
    "sequence": 18,
    "scenario_id": "scenario-215-volatility_feedback",
    "agent_id": "agent-volatility_feedback",
    "order_id": "scenario-215-volatility_feedback-agent-volatility_feedback-18",
    "action": "new",
    "side": "buy",
    "price": 65303.6924,
    "quantity": 0.04,
    "remaining_quantity": 0.04
  },
  {
    "event_id": "7a83565c84050d2b686504fc175546a2b873695f06f98049518d25409b294435",
    "schema_version": "1.0.0",
    "event_type": "agent_order",
    "source": "synthetic_agent",
    "symbol": "BTCUSDT",
    "exchange": "binance_usdm",
    "timestamp": "2024-05-01T00:00:00.380000Z",
    "sequence": 19,
    "scenario_id": "scenario-215-volatility_feedback",
    "agent_id": "agent-volatility_feedback",
    "order_id": "scenario-215-volatility_feedback-agent-volatility_feedback-19",
    "action": "new",
    "side": "sell",
    "price": 65125.0033,
    "quantity": 0.05,
    "remaining_quantity": 0.05
  },
  {
    "event_id": "972444fe044edfe5bc2e46ee223b194242623e78c9b1befac88ab08174805a97",
    "schema_version": "1.0.0",
    "event_type": "agent_order",
    "source": "synthetic_agent",
    "symbol": "BTCUSDT",
    "exchange": "binance_usdm",
    "timestamp": "2024-05-01T00:00:00.400000Z",
    "sequence": 20,
    "scenario_id": "scenario-215-volatility_feedback",
    "agent_id": "agent-volatility_feedback",
    "order_id": "scenario-215-volatility_feedback-agent-volatility_feedback-20",
    "action": "new",
    "side": "buy",
    "price": 65306.30100000001,
    "quantity": 0.02,
    "remaining_quantity": 0.02
  },
  {
    "event_id": "39b4bf8f24904c65486550c958c1bdc87c0c6b00dd21d147bdbab5304a4977e8",
    "schema_version": "1.0.0",
    "event_type": "agent_order",
    "source": "synthetic_agent",
    "symbol": "BTCUSDT",
    "exchange": "binance_usdm",
    "timestamp": "2024-05-01T00:00:00.420000Z",
    "sequence": 21,
    "scenario_id": "scenario-215-volatility_feedback",
    "agent_id": "agent-volatility_feedback",
    "order_id": "scenario-215-volatility_feedback-agent-volatility_feedback-21",
    "action": "new",
    "side": "sell",
    "price": 65122.394700000004,
    "quantity": 0.03,
    "remaining_quantity": 0.03
  },
  {
    "event_id": "175c345ca1da85d46ba426848d6a3cb454ed91c0138464891a38d1df03bd27f0",
    "schema_version": "1.0.0",
    "event_type": "agent_order",
    "source": "synthetic_agent",
    "symbol": "BTCUSDT",
    "exchange": "binance_usdm",
    "timestamp": "2024-05-01T00:00:00.440000Z",
    "sequence": 22,
    "scenario_id": "scenario-215-volatility_feedback",
    "agent_id": "agent-volatility_feedback",
    "order_id": "scenario-215-volatility_feedback-agent-volatility_feedback-22",
    "action": "new",
    "side": "buy",
    "price": 65308.909600000006,
    "quantity": 0.04,
    "remaining_quantity": 0.04
  },
  {
    "event_id": "c97cf1e550d0c7749c9cc224db3f9f444acaea8dcaff606e40d06e3908319bc8",
    "schema_version": "1.0.0",
    "event_type": "agent_order",
    "source": "synthetic_agent",
    "symbol": "BTCUSDT",
    "exchange": "binance_usdm",
    "timestamp": "2024-05-01T00:00:00.460000Z",
    "sequence": 23,
    "scenario_id": "scenario-215-volatility_feedback",
    "agent_id": "agent-volatility_feedback",
    "order_id": "scenario-215-volatility_feedback-agent-volatility_feedback-23",
    "action": "new",
    "side": "sell",
    "price": 65119.7861,
    "quantity": 0.05,
    "remaining_quantity": 0.05
  },
  {
    "event_id": "736f9451c015aca7c29d947b56db13eba24c02d8bdaba217b831e4b20c1a2c53",
    "schema_version": "1.0.0",
    "event_type": "agent_order",
    "source": "synthetic_agent",
    "symbol": "BTCUSDT",
    "exchange": "binance_usdm",
    "timestamp": "2024-05-01T00:00:00.480000Z",
    "sequence": 24,
    "scenario_id": "scenario-215-volatility_feedback",
    "agent_id": "agent-volatility_feedback",
    "order_id": "scenario-215-volatility_feedback-agent-volatility_feedback-24",
    "action": "new",
    "side": "buy",
    "price": 65311.5182,
    "quantity": 0.02,
    "remaining_quantity": 0.02
  },
  {
    "event_id": "c7a8857c312a8ae6284d5122a64c8e23b7b4ab6a362d2d47375521f28f5f09fd",
    "schema_version": "1.0.0",
    "event_type": "agent_order",
    "source": "synthetic_agent",
    "symbol": "BTCUSDT",
    "exchange": "binance_usdm",
    "timestamp": "2024-05-01T00:00:00.500000Z",
    "sequence": 25,
    "scenario_id": "scenario-215-volatility_feedback",
    "agent_id": "agent-volatility_feedback",
    "order_id": "scenario-215-volatility_feedback-agent-volatility_feedback-25",
    "action": "new",
    "side": "sell",
    "price": 65117.177500000005,
    "quantity": 0.03,
    "remaining_quantity": 0.03
  },
  {
    "event_id": "f08898af9ab3bedee5ae48203d5b09ed9dc6204765d2a5df07b6cf156d339b03",
    "schema_version": "1.0.0",
    "event_type": "agent_order",
    "source": "synthetic_agent",
    "symbol": "BTCUSDT",
    "exchange": "binance_usdm",
    "timestamp": "2024-05-01T00:00:00.520000Z",
    "sequence": 26,
    "scenario_id": "scenario-215-volatility_feedback",
    "agent_id": "agent-volatility_feedback",
    "order_id": "scenario-215-volatility_feedback-agent-volatility_feedback-26",
    "action": "new",
    "side": "buy",
    "price": 65314.1268,
    "quantity": 0.04,
    "remaining_quantity": 0.04
  },
  {
    "event_id": "5cbfd7d11e452244df6007a24de0a07244f07c943298a0f0bc2761f50821ed9c",
    "schema_version": "1.0.0",
    "event_type": "agent_order",
    "source": "synthetic_agent",
    "symbol": "BTCUSDT",
    "exchange": "binance_usdm",
    "timestamp": "2024-05-01T00:00:00.540000Z",
    "sequence": 27,
    "scenario_id": "scenario-215-volatility_feedback",
    "agent_id": "agent-volatility_feedback",
    "order_id": "scenario-215-volatility_feedback-agent-volatility_feedback-27",
    "action": "new",
    "side": "sell",
    "price": 65114.5689,
    "quantity": 0.05,
    "remaining_quantity": 0.05
  },
  {
    "event_id": "00ef3a48019cd04d3605b55e41c9c7bc582a09012bd309d0bc6a2d58ca35b12d",
    "schema_version": "1.0.0",
    "event_type": "agent_order",
    "source": "synthetic_agent",
    "symbol": "BTCUSDT",
    "exchange": "binance_usdm",
    "timestamp": "2024-05-01T00:00:00.560000Z",
    "sequence": 28,
    "scenario_id": "scenario-215-volatility_feedback",
    "agent_id": "agent-volatility_feedback",
    "order_id": "scenario-215-volatility_feedback-agent-volatility_feedback-28",
    "action": "new",
    "side": "buy",
    "price": 65316.7354,
    "quantity": 0.02,
    "remaining_quantity": 0.02
  },
  {
    "event_id": "eb31866647e285391f1f0d01f8dd1e3515a8fccfab96a8a9ae16b80d8195c06a",
    "schema_version": "1.0.0",
    "event_type": "agent_order",
    "source": "synthetic_agent",
    "symbol": "BTCUSDT",
    "exchange": "binance_usdm",
    "timestamp": "2024-05-01T00:00:00.580000Z",
    "sequence": 29,
    "scenario_id": "scenario-215-volatility_feedback",
    "agent_id": "agent-volatility_feedback",
    "order_id": "scenario-215-volatility_feedback-agent-volatility_feedback-29",
    "action": "new",
    "side": "sell",
    "price": 65111.9603,
    "quantity": 0.03,
    "remaining_quantity": 0.03
  }
]