[
  {
    "event_id": "5a3cb8b47e61be3009cbc0bd1e039f6af4e5e392595ca43725ff9390113c10a2",
    "schema_version": "1.0.0",
    "event_type": "agent_order",
    "source": "synthetic_agent",
    "symbol": "BTCUSDT",
    "exchange": "binance_usdm",
    "timestamp": "2024-05-01T00:00:00Z",
    "sequence": 0,
    "scenario_id": "scenario-514-runaway_inventory",
    "agent_id": "agent-runaway_inventory",
    "order_id": "scenario-514-runaway_inventory-agent-runaway_inventory-0",
    "action": "new",
    "side": "buy",
    "price": 65514.0,
    "quantity": 0.01,
    "remaining_quantity": 0.01
  },
  {
    "event_id": "52e932f43d1d3938134cd1f27d56bf1da5852a5090b32d667da208e140f99220",
    "schema_version": "1.0.0",
    "event_type": "agent_order",
    "source": "synthetic_agent",
    "symbol": "BTCUSDT",
    "exchange": "binance_usdm",
    "timestamp": "2024-05-01T00:00:00.070000Z",
    "sequence": 1,
    "scenario_id": "scenario-514-runaway_inventory",
    "agent_id": "agent-runaway_inventory",
    "order_id": "scenario-514-runaway_inventory-agent-runaway_inventory-1",
    "action": "new",
    "side": "buy",
    "price": 65515.96542,
    "quantity": 0.012,
    "remaining_quantity": 0.012
  },
  {
    "event_id": "37e9fa033259b95ad801a47320e7ca5b9e849a8893c4fcff5b13d81edd88546a",
    "schema_version": "1.0.0",
    "event_type": "agent_order",
    "source": "synthetic_agent",
    "symbol": "BTCUSDT",
    "exchange": "binance_usdm",
    "timestamp": "2024-05-01T00:00:00.140000Z",
    "sequence": 2,
    "scenario_id": "scenario-514-runaway_inventory",
    "agent_id": "agent-runaway_inventory",
    "order_id": "scenario-514-runaway_inventory-agent-runaway_inventory-2",
    "action": "new",
    "side": "buy",
    "price": 65517.93083999999,
    "quantity": 0.014,
    "remaining_quantity": 0.014
  },
  {
    "event_id": "b3bbe75afcd0b6aa39ee206631e4d9782b20507d51f9fe71aed8f41489365adb",
    "schema_version": "1.0.0",
    "event_type": "agent_order",
    "source": "synthetic_agent",
    "symbol": "BTCUSDT",
    "exchange": "binance_usdm",
    "timestamp": "2024-05-01T00:00:00.210000Z",
    "sequence": 3,
    "scenario_id": "scenario-514-runaway_inventory",
    "agent_id": "agent-runaway_inventory",
    "order_id": "scenario-514-runaway_inventory-agent-runaway_inventory-3",
    "action": "new",
    "side": "buy",
    "price": 65519.896259999994,
    "quantity": 0.016,
    "remaining_quantity": 0.016
  },
  {
    "event_id": "cf2aad080f082b1417f5703f5c003a4e348bd86273a39f05e71675ed16334826",
    "schema_version": "1.0.0",
    "event_type": "agent_order",
    "source": "synthetic_agent",
    "symbol": "BTCUSDT",
    "exchange": "binance_usdm",
    "timestamp": "2024-05-01T00:00:00.280000Z",
    "sequence": 4,
    "scenario_id": "scenario-514-runaway_inventory",
    "agent_id": "agent-runaway_inventory",
    "order_id": "scenario-514-runaway_inventory-agent-runaway_inventory-4",
    "action": "new",
    "side": "buy",
    "price": 65521.861679999995,
    "quantity": 0.018000000000000002,
    "remaining_quantity": 0.018000000000000002
  },
  {
    "event_id": "4d92d26dcde098e05853664e12d94ed86a344479fb212dd308b394fc20764e08",
    "schema_version": "1.0.0",
    "event_type": "agent_order",
    "source": "synthetic_agent",
    "symbol": "BTCUSDT",
    "exchange": "binance_usdm",
    "timestamp": "2024-05-01T00:00:00.350000Z",
    "sequence": 5,
    "scenario_id": "scenario-514-runaway_inventory",
    "agent_id": "agent-runaway_inventory",
    "order_id": "scenario-514-runaway_inventory-agent-runaway_inventory-5",
    "action": "new",
    "side": "buy",
    "price": 65523.82710000001,
    "quantity": 0.02,
    "remaining_quantity": 0.02
  },
  {
    "event_id": "f0d5940625351ef5e2ef336efddd0c1f1d507a4c559f933b67c097e60cfabdcf",
    "schema_version": "1.0.0",
    "event_type": "agent_order",
    "source": "synthetic_agent",
    "symbol": "BTCUSDT",
    "exchange": "binance_usdm",
    "timestamp": "2024-05-01T00:00:00.420000Z",
    "sequence": 6,
    "scenario_id": "scenario-514-runaway_inventory",
    "agent_id": "agent-runaway_inventory",
    "order_id": "scenario-514-runaway_inventory-agent-runaway_inventory-6",
    "action": "new",
    "side": "buy",
    "price": 65525.79252,
    "quantity": 0.022,
    "remaining_quantity": 0.022
  },
  {
    "event_id": "7defa90d899412b663283ed2c08ff98d0f35b77b9311c2476330a02b25eb773e",
    "schema_version": "1.0.0",
    "event_type": "agent_order",
    "source": "synthetic_agent",
    "symbol": "BTCUSDT",
    "exchange": "binance_usdm",
    "timestamp": "2024-05-01T00:00:00.490000Z",
    "sequence": 7,
    "scenario_id": "scenario-514-runaway_inventory",
    "agent_id": "agent-runaway_inventory",
    "order_id": "scenario-514-runaway_inventory-agent-runaway_inventory-7",
    "action": "new",
    "side": "buy",
    "price": 65527.75794,
    "quantity": 0.024,
    "remaining_quantity": 0.024
  },
  {
    "event_id": "24344484eb918417d5208b49d3b2630f7a10655738a602d2b44c590819b84f14",
    "schema_version": "1.0.0",
    "event_type": "agent_order",
    "source": "synthetic_agent",
    "symbol": "BTCUSDT",
    "exchange": "binance_usdm",
    "timestamp": "2024-05-01T00:00:00.560000Z",
    "sequence": 8,
    "scenario_id": "scenario-514-runaway_inventory",
    "agent_id": "agent-runaway_inventory",
    "order_id": "scenario-514-runaway_inventory-agent-runaway_inventory-8",
    "action": "new",
    "side": "buy",
    "price": 65529.72336,
    "quantity": 0.026000000000000002,
    "remaining_quantity": 0.026000000000000002
  },
  {
    "event_id": "75face7d1b0691371dc3b061afc17fae7da31d8d534b611fa3f8bbbca79a1052",
    "schema_version": "1.0.0",
    "event_type": "agent_order",
    "source": "synthetic_agent",
    "symbol": "BTCUSDT",
    "exchange": "binance_usdm",
    "timestamp": "2024-05-01T00:00:00.630000Z",
    "sequence": 9,
    "scenario_id": "scenario-514-runaway_inventory",
    "agent_id": "agent-runaway_inventory",
    "order_id": "scenario-514-runaway_inventory-agent-runaway_inventory-9",
    "action": "new",
    "side": "buy",
    "price": 65531.68878,
    "quantity": 0.028000000000000004,
    "remaining_quantity": 0.028000000000000004
  },
  {
    "event_id": "5dcaa16c097f81e91d3c0899015cd52a7f7ad7da01f02a8dab24b2ad7462c60d",
    "schema_version": "1.0.0",
    "event_type": "agent_order",
    "source": "synthetic_agent",
    "symbol": "BTCUSDT",
    "exchange": "binance_usdm",
    "timestamp": "2024-05-01T00:00:00.700000Z",
    "sequence": 10,
    "scenario_id": "scenario-514-runaway_inventory",
    "agent_id": "agent-runaway_inventory",
    "order_id": "scenario-514-runaway_inventory-agent-runaway_inventory-10",
    "action": "new",
    "side": "buy",
    "price": 65533.6542,
    "quantity": 0.03,
    "remaining_quantity": 0.03
  },
  {
    "event_id": "e09eecd2a48757060c5fc795a9eedbf93a5957cbb743e3830080d3ba5ffa6cb6",
    "schema_version": "1.0.0",
    "event_type": "agent_order",
    "source": "synthetic_agent",
    "symbol": "BTCUSDT",
    "exchange": "binance_usdm",
    "timestamp": "2024-05-01T00:00:00.770000Z",
    "sequence": 11,
    "scenario_id": "scenario-514-runaway_inventory",
    "agent_id": "agent-runaway_inventory",
    "order_id": "scenario-514-runaway_inventory-agent-runaway_inventory-11",
    "action": "new",
    "side": "buy",
    "price": 65535.61962,
    "quantity": 0.032,
    "remaining_quantity": 0.032
  },
  {
    "event_id": "f073aa5b42d02e7e2271d85cbf23ae93ae13156ee84bdd39ef2e6eca6004ea44",
    "schema_version": "1.0.0",
    "event_type": "agent_order",
    "source": "synthetic_agent",
    "symbol": "BTCUSDT",
    "exchange": "binance_usdm",
    "timestamp": "2024-05-01T00:00:00.840000Z",
    "sequence": 12,
    "scenario_id": "scenario-514-runaway_inventory",
    "agent_id": "agent-runaway_inventory",
    "order_id": "scenario-514-runaway_inventory-agent-runaway_inventory-12",
    "action": "new",
    "side": "buy",
    "price": 65537.58503999999,
    "quantity": 0.034,
    "remaining_quantity": 0.034
  },
  {
    "event_id": "97bfb6ce0bd6bb404163279edfafe805e4fca367e989438601a74a67e104af00",
    "schema_version": "1.0.0",
    "event_type": "agent_order",
    "source": "synthetic_agent",
    "symbol": "BTCUSDT",
    "exchange": "binance_usdm",
    "timestamp": "2024-05-01T00:00:00.910000Z",
    "sequence": 13,
    "scenario_id": "scenario-514-runaway_inventory",
    "agent_id": "agent-runaway_inventory",
    "order_id": "scenario-514-runaway_inventory-agent-runaway_inventory-13",
    "action": "new",
    "side": "buy",
    "price": 65539.55046,
    "quantity": 0.036000000000000004,
    "remaining_quantity": 0.036000000000000004
  },
  {
    "event_id": "092a91e2d80b2010e041a538c935467ae028c78f7b9bb7d6fb93f1b5e00a7007",
    "schema_version": "1.0.0",
    "event_type": "agent_order",
    "source": "synthetic_agent",
    "symbol": "BTCUSDT",
    "exchange": "binance_usdm",
    "timestamp": "2024-05-01T00:00:00.980000Z",
    "sequence": 14,
    "scenario_id": "scenario-514-runaway_inventory",
    "agent_id": "agent-runaway_inventory",
    "order_id": "scenario-514-runaway_inventory-agent-runaway_inventory-14",
    "action": "new",
    "side": "buy",
    "price": 65541.51588,
    "quantity": 0.038,
    "remaining_quantity": 0.038
  },
  {
    "event_id": "cc0654b2220444277689ea67420060f48bace157c5bc14eeebccc8a6c74d0dd2",
    "schema_version": "1.0.0",
    "event_type": "agent_order",
    "source": "synthetic_agent",
    "symbol": "BTCUSDT",
    "exchange": "binance_usdm",
    "timestamp": "2024-05-01T00:00:01.050000Z",
    "sequence": 15,
    "scenario_id": "scenario-514-runaway_inventory",
    "agent_id": "agent-runaway_inventory",
    "order_id": "scenario-514-runaway_inventory-agent-runaway_inventory-15",
    "action": "new",
    "side": "buy",
    "price": 65543.4813,
    "quantity": 0.04,
    "remaining_quantity": 0.04
  },
  {
    "event_id": "641b675653f78b7b62e590e72d9649256a6fd1aa651c78cceb1980eb802b80d5",
    "schema_version": "1.0.0",
    "event_type": "agent_order",
    "source": "synthetic_agent",
    "symbol": "BTCUSDT",
    "exchange": "binance_usdm",
    "timestamp": "2024-05-01T00:00:01.120000Z",
    "sequence": 16,
    "scenario_id": "scenario-514-runaway_inventory",
    "agent_id": "agent-runaway_inventory",
    "order_id": "scenario-514-runaway_inventory-agent-runaway_inventory-16",
    "action": "new",
    "side": "buy",
    "price": 65545.44672,
    "quantity": 0.042,
    "remaining_quantity": 0.042
  },
  {
    "event_id": "54e1ee8b70d1999d8b3afdfea639d36262d29166cd094b1603092127ec45fab2",
    "schema_version": "1.0.0",
    "event_type": "agent_order",
    "source": "synthetic_agent",
    "symbol": "BTCUSDT",
    "exchange": "binance_usdm",
    "timestamp": "2024-05-01T00:00:01.190000Z",
    "sequence": 17,
    "scenario_id": "scenario-514-runaway_inventory",
    "agent_id": "agent-runaway_inventory",
    "order_id": "scenario-514-runaway_inventory-agent-runaway_inventory-17",
    "action": "new",
    "side": "buy",
    "price": 65547.41214,
    "quantity": 0.044000000000000004,
    "remaining_quantity": 0.044000000000000004
  },
  {
    "event_id": "30df4d7720677e45e271e17a9155386d5ed3d1f79d12f04811e202abd3591d67",
    "schema_version": "1.0.0",
    "event_type": "agent_order",
    "source": "synthetic_agent",
    "symbol": "BTCUSDT",
    "exchange": "binance_usdm",
    "timestamp": "2024-05-01T00:00:01.260000Z",
    "sequence": 18,
    "scenario_id": "scenario-514-runaway_inventory",
    "agent_id": "agent-runaway_inventory",
    "order_id": "scenario-514-runaway_inventory-agent-runaway_inventory-18",
    "action": "new",
    "side": "buy",
    "price": 65549.37756,
    "quantity": 0.046000000000000006,
    "remaining_quantity": 0.046000000000000006
  },
  {
    "event_id": "dd69ef2170cf0f71aa4cb08e2dc281fe2d3573ce323969052da10bae44770b36",
    "schema_version": "1.0.0",
    "event_type": "agent_order",
    "source": "synthetic_agent",
    "symbol": "BTCUSDT",
    "exchange": "binance_usdm",
    "timestamp": "2024-05-01T00:00:01.330000Z",
    "sequence": 19,
    "scenario_id": "scenario-514-runaway_inventory",
    "agent_id": "agent-runaway_inventory",
    "order_id": "scenario-514-runaway_inventory-agent-runaway_inventory-19",
    "action": "new",
    "side": "buy",
    "price": 65551.34298,
    "quantity": 0.048,
    "remaining_quantity": 0.048
  },
  {
    "event_id": "2241de9e0fccc94c3e4c1df301cbef03a6d41df9e096570e66d431db0f67a473",
    "schema_version": "1.0.0",
    "event_type": "agent_order",
    "source": "synthetic_agent",
    "symbol": "BTCUSDT",
    "exchange": "binance_usdm",
    "timestamp": "2024-05-01T00:00:01.400000Z",
    "sequence": 20,
    "scenario_id": "scenario-514-runaway_inventory",
    "agent_id": "agent-runaway_inventory",
    "order_id": "scenario-514-runaway_inventory-agent-runaway_inventory-20",
    "action": "new",
    "side": "buy",
    "price": 65553.3084,
    "quantity": 0.05,
    "remaining_quantity": 0.05
  },
  {
    "event_id": "f922884d052943af6e9b8f7ad9314d35dfa66266c06fff5e813fd2076115cbfc",
    "schema_version": "1.0.0",
    "event_type": "agent_order",
    "source": "synthetic_agent",
    "symbol": "BTCUSDT",
    "exchange": "binance_usdm",
    "timestamp": "2024-05-01T00:00:01.470000Z",
    "sequence": 21,
    "scenario_id": "scenario-514-runaway_inventory",
    "agent_id": "agent-runaway_inventory",
    "order_id": "scenario-514-runaway_inventory-agent-runaway_inventory-21",
    "action": "new",
    "side": "buy",
    "price": 65555.27381999999,
    "quantity": 0.052000000000000005,
    "remaining_quantity": 0.052000000000000005
  },
  {
    "event_id": "d20da2186a9c7a012121b2ec535c44dc53c048198ca2d04a55b0d34608e42a2b",
    "schema_version": "1.0.0",
    "event_type": "agent_order",
    "source": "synthetic_agent",
    "symbol": "BTCUSDT",
    "exchange": "binance_usdm",
    "timestamp": "2024-05-01T00:00:01.540000Z",
    "sequence": 22,
    "scenario_id": "scenario-514-runaway_inventory",
    "agent_id": "agent-runaway_inventory",
    "order_id": "scenario-514-runaway_inventory-agent-runaway_inventory-22",
    "action": "new",
    "side": "buy",
    "price": 65557.23924000001,
    "quantity": 0.054,
    "remaining_quantity": 0.054
  },
  {
    "event_id": "a62322b6257b151127763571119e0354d242633b93a750761cd572a0614fb696",
    "schema_version": "1.0.0",
    "event_type": "agent_order",
    "source": "synthetic_agent",
    "symbol": "BTCUSDT",
    "exchange": "binance_usdm",
    "timestamp": "2024-05-01T00:00:01.610000Z",
    "sequence": 23,
    "scenario_id": "scenario-514-runaway_inventory",
    "agent_id": "agent-runaway_inventory",
    "order_id": "scenario-514-runaway_inventory-agent-runaway_inventory-23",
    "action": "new",
    "side": "buy",
    "price": 65559.20466,
    "quantity": 0.056,
    "remaining_quantity": 0.056
  },
  {
    "event_id": "21ae7ed5e9e9ca4456a0d61110bcae1130b22480918a6e7f620d5a5004fdc683",
    "schema_version": "1.0.0",
    "event_type": "agent_order",
    "source": "synthetic_agent",
    "symbol": "BTCUSDT",
    "exchange": "binance_usdm",
    "timestamp": "2024-05-01T00:00:01.680000Z",
    "sequence": 24,
    "scenario_id": "scenario-514-runaway_inventory",
    "agent_id": "agent-runaway_inventory",
    "order_id": "scenario-514-runaway_inventory-agent-runaway_inventory-24",
    "action": "new",
    "side": "buy",
    "price": 65561.17008000001,
    "quantity": 0.058,
    "remaining_quantity": 0.058
  },
  {
    "event_id": "ee977089c5a6a47d18cf5181f7df4d5bc0a148c95cb762ac4a9245fe34def4ea",
    "schema_version": "1.0.0",
    "event_type": "agent_order",
    "source": "synthetic_agent",
    "symbol": "BTCUSDT",
    "exchange": "binance_usdm",
    "timestamp": "2024-05-01T00:00:01.750000Z",
    "sequence": 25,
    "scenario_id": "scenario-514-runaway_inventory",
    "agent_id": "agent-runaway_inventory",
    "order_id": "scenario-514-runaway_inventory-agent-runaway_inventory-25",
    "action": "new",
    "side": "buy",
    "price": 65563.1355,
    "quantity": 0.060000000000000005,
    "remaining_quantity": 0.060000000000000005
  },
  {
    "event_id": "99b3efdb19a2dc41de90a824822838bdc0052371f28856dd6b54973393d688de",
    "schema_version": "1.0.0",
    "event_type": "agent_order",
    "source": "synthetic_agent",
    "symbol": "BTCUSDT",
    "exchange": "binance_usdm",
    "timestamp": "2024-05-01T00:00:01.820000Z",
    "sequence": 26,
    "scenario_id": "scenario-514-runaway_inventory",
    "agent_id": "agent-runaway_inventory",
    "order_id": "scenario-514-runaway_inventory-agent-runaway_inventory-26",
    "action": "new",
    "side": "buy",
    "price": 65565.10092,
    "quantity": 0.062000000000000006,
    "remaining_quantity": 0.062000000000000006
  },
  {
    "event_id": "f376e13d0faae6e8715b1d6b8a22a6b8cbf264e9e3e4c3df8f70386c9d4cdcad",
    "schema_version": "1.0.0",
    "event_type": "agent_order",
    "source": "synthetic_agent",
    "symbol": "BTCUSDT",
    "exchange": "binance_usdm",
    "timestamp": "2024-05-01T00:00:01.890000Z",
    "sequence": 27,
    "scenario_id": "scenario-514-runaway_inventory",
    "agent_id": "agent-runaway_inventory",
    "order_id": "scenario-514-runaway_inventory-agent-runaway_inventory-27",
    "action": "new",
    "side": "buy",
    "price": 65567.06634,
    "quantity": 0.064,
    "remaining_quantity": 0.064
  },
  {
    "event_id": "0a7654de605ed8ae580046b1d55ae4a914ee0c3ac39aace542c635c901ecbe73",
    "schema_version": "1.0.0",
    "event_type": "agent_order",
    "source": "synthetic_agent",
    "symbol": "BTCUSDT",
    "exchange": "binance_usdm",
    "timestamp": "2024-05-01T00:00:01.960000Z",
    "sequence": 28,
    "scenario_id": "scenario-514-runaway_inventory",
    "agent_id": "agent-runaway_inventory",
    "order_id": "scenario-514-runaway_inventory-agent-runaway_inventory-28",
    "action": "new",
    "side": "buy",
    "price": 65569.03176,
    "quantity": 0.066,
    "remaining_quantity": 0.066
  },
  {
    "event_id": "f1e1cb1f1637368e2fe122ed60b259ca6b37b213ed2b44502ed850c3f3be6c63",
    "schema_version": "1.0.0",
    "event_type": "agent_order",
    "source": "synthetic_agent",
    "symbol": "BTCUSDT",
    "exchange": "binance_usdm",
    "timestamp": "2024-05-01T00:00:02.030000Z",
    "sequence": 29,
    "scenario_id": "scenario-514-runaway_inventory",
    "agent_id": "agent-runaway_inventory",
    "order_id": "scenario-514-runaway_inventory-agent-runaway_inventory-29",
    "action": "new",
    "side": "buy",
    "price": 65570.99717999999,
    "quantity": 0.068,
    "remaining_quantity": 0.068
  }
]