[
  {
    "event_id": "cd174391e48ac372021e4160794d0633e3149a357ee30062cded24f35b9e30d9",
    "schema_version": "1.0.0",
    "event_type": "agent_order",
    "source": "synthetic_agent",
    "symbol": "BTCUSDT",
    "exchange": "binance_usdm",
    "timestamp": "2024-05-01T00:00:00Z",
    "sequence": 0,
    "scenario_id": "scenario-238-runaway_inventory",
    "agent_id": "agent-runaway_inventory",
    "order_id": "scenario-238-runaway_inventory-agent-runaway_inventory-0",
    "action": "new",
    "side": "buy",
    "price": 65238.0,
    "quantity": 0.01,
    "remaining_quantity": 0.01
  },
  {
    "event_id": "2e91a4912033739c2a49b60e765bdbe48da31c83306bb62d06a15c78ab0a85e5",
    "schema_version": "1.0.0",
    "event_type": "agent_order",
    "source": "synthetic_agent",
    "symbol": "BTCUSDT",
    "exchange": "binance_usdm",
    "timestamp": "2024-05-01T00:00:00.070000Z",
    "sequence": 1,
    "scenario_id": "scenario-238-runaway_inventory",
    "agent_id": "agent-runaway_inventory",
    "order_id": "scenario-238-runaway_inventory-agent-runaway_inventory-1",
    "action": "new",
    "side": "buy",
    "price": 65239.95714,
    "quantity": 0.012,
    "remaining_quantity": 0.012
  },
  {
    "event_id": "59ea0610fd7cc005b04a79162fdb26c60426a010cf3fe6a0313d6dc6a3863e1f",
    "schema_version": "1.0.0",
    "event_type": "agent_order",
    "source": "synthetic_agent",
    "symbol": "BTCUSDT",
    "exchange": "binance_usdm",
    "timestamp": "2024-05-01T00:00:00.140000Z",
    "sequence": 2,
    "scenario_id": "scenario-238-runaway_inventory",
    "agent_id": "agent-runaway_inventory",
    "order_id": "scenario-238-runaway_inventory-agent-runaway_inventory-2",
    "action": "new",
    "side": "buy",
    "price": 65241.91428,
    "quantity": 0.014,
    "remaining_quantity": 0.014
  },
  {
    "event_id": "48ff9397da3bcd14397d88322d02cf528b60649bd2aff2a51a5558b84cda083c",
    "schema_version": "1.0.0",
    "event_type": "agent_order",
    "source": "synthetic_agent",
    "symbol": "BTCUSDT",
    "exchange": "binance_usdm",
    "timestamp": "2024-05-01T00:00:00.210000Z",
    "sequence": 3,
    "scenario_id": "scenario-238-runaway_inventory",
    "agent_id": "agent-runaway_inventory",
    "order_id": "scenario-238-runaway_inventory-agent-runaway_inventory-3",
    "action": "new",
    "side": "buy",
    "price": 65243.871419999996,
    "quantity": 0.016,
    "remaining_quantity": 0.016
  },
  {
    "event_id": "4092a585fd04b9f2aced4cfae0b513f7d025e444fa75eee760bc7fc618e862dd",
    "schema_version": "1.0.0",
    "event_type": "agent_order",
    "source": "synthetic_agent",
    "symbol": "BTCUSDT",
    "exchange": "binance_usdm",
    "timestamp": "2024-05-01T00:00:00.280000Z",
    "sequence": 4,
    "scenario_id": "scenario-238-runaway_inventory",
    "agent_id": "agent-runaway_inventory",
    "order_id": "scenario-238-runaway_inventory-agent-runaway_inventory-4",
    "action": "new",
    "side": "buy",
    "price": 65245.828559999994,
    "quantity": 0.018000000000000002,
    "remaining_quantity": 0.018000000000000002
  },
  {
    "event_id": "b2c45c9eda9ecb85f43d3504aa43016c8c2cbcf02770703ac6cbbe7a38935a9f",
    "schema_version": "1.0.0",
    "event_type": "agent_order",
    "source": "synthetic_agent",
    "symbol": "BTCUSDT",
    "exchange": "binance_usdm",
    "timestamp": "2024-05-01T00:00:00.350000Z",
    "sequence": 5,
    "scenario_id": "scenario-238-runaway_inventory",
    "agent_id": "agent-runaway_inventory",
    "order_id": "scenario-238-runaway_inventory-agent-runaway_inventory-5",
    "action": "new",
    "side": "buy",
    "price": 65247.78570000001,
    "quantity": 0.02,
    "remaining_quantity": 0.02
  },
  {
    "event_id": "b6ad45a8bae923baf60285d8c173dfd1f1a752819cc3f6ca4e756eb712e7efc7",
    "schema_version": "1.0.0",
    "event_type": "agent_order",
    "source": "synthetic_agent",
    "symbol": "BTCUSDT",
    "exchange": "binance_usdm",
    "timestamp": "2024-05-01T00:00:00.420000Z",
    "sequence": 6,
    "scenario_id": "scenario-238-runaway_inventory",
    "agent_id": "agent-runaway_inventory",
    "order_id": "scenario-238-runaway_inventory-agent-runaway_inventory-6",
    "action": "new",
    "side": "buy",
    "price": 65249.742840000006,
    "quantity": 0.022,
    "remaining_quantity": 0.022
  },
  {
    "event_id": "350682f96e28ecc3b8fe7d43a4bc6bc51528bdc16bc2356ed060c4812372a015",
    "schema_version": "1.0.0",
    "event_type": "agent_order",
    "source": "synthetic_agent",
    "symbol": "BTCUSDT",
    "exchange": "binance_usdm",
    "timestamp": "2024-05-01T00:00:00.490000Z",
    "sequence": 7,
    "scenario_id": "scenario-238-runaway_inventory",
    "agent_id": "agent-runaway_inventory",
    "order_id": "scenario-238-runaway_inventory-agent-runaway_inventory-7",
    "action": "new",
    "side": "buy",
    "price": 65251.699980000005,
    "quantity": 0.024,
    "remaining_quantity": 0.024
  },
  {
    "event_id": "552bf972bf9588f85c6d2cefa929184d3744f46053273d56fa491ee2db46e560",
    "schema_version": "1.0.0",
    "event_type": "agent_order",
    "source": "synthetic_agent",
    "symbol": "BTCUSDT",
    "exchange": "binance_usdm",
    "timestamp": "2024-05-01T00:00:00.560000Z",
    "sequence": 8,
    "scenario_id": "scenario-238-runaway_inventory",
    "agent_id": "agent-runaway_inventory",
    "order_id": "scenario-238-runaway_inventory-agent-runaway_inventory-8",
    "action": "new",
    "side": "buy",
    "price": 65253.65712,
    "quantity": 0.026000000000000002,
    "remaining_quantity": 0.026000000000000002
  },
  {
    "event_id": "0318e30f768cdf5426589d0f051bc1d68be24c2dd3369fc7f9994a258a874ab9",
    "schema_version": "1.0.0",
    "event_type": "agent_order",
    "source": "synthetic_agent",
    "symbol": "BTCUSDT",
    "exchange": "binance_usdm",
    "timestamp": "2024-05-01T00:00:00.630000Z",
    "sequence": 9,
    "scenario_id": "scenario-238-runaway_inventory",
    "agent_id": "agent-runaway_inventory",
    "order_id": "scenario-238-runaway_inventory-agent-runaway_inventory-9",
    "action": "new",
    "side": "buy",
    "price": 65255.61426,
    "quantity": 0.028000000000000004,
    "remaining_quantity": 0.028000000000000004
  },
  {
    "event_id": "649776b378fabc44865b879561cae4a0d6693ac68df177833a873a6caa7b49b6",
    "schema_version": "1.0.0",
    "event_type": "agent_order",
    "source": "synthetic_agent",
    "symbol": "BTCUSDT",
    "exchange": "binance_usdm",
    "timestamp": "2024-05-01T00:00:00.700000Z",
    "sequence": 10,
    "scenario_id": "scenario-238-runaway_inventory",
    "agent_id": "agent-runaway_inventory",
    "order_id": "scenario-238-runaway_inventory-agent-runaway_inventory-10",
    "action": "new",
    "side": "buy",
    "price": 65257.5714,
    "quantity": 0.03,
    "remaining_quantity": 0.03
  },
  {
    "event_id": "8907ba2c235628914be1bb7f7283ec2bfefcfefd669d3410fbb932228aa9793a",
    "schema_version": "1.0.0",
    "event_type": "agent_order",
    "source": "synthetic_agent",
    "symbol": "BTCUSDT",
    "exchange": "binance_usdm",
    "timestamp": "2024-05-01T00:00:00.770000Z",
    "sequence": 11,
    "scenario_id": "scenario-238-runaway_inventory",
    "agent_id": "agent-runaway_inventory",
    "order_id": "scenario-238-runaway_inventory-agent-runaway_inventory-11",
    "action": "new",
    "side": "buy",
    "price": 65259.52854,
    "quantity": 0.032,
    "remaining_quantity": 0.032
  },
  {
    "event_id": "af1eefec98c2f4b24f6a329220a5eafd01e9364bfa50c2ce1428895cf623d07f",
    "schema_version": "1.0.0",
    "event_type": "agent_order",
    "source": "synthetic_agent",
    "symbol": "BTCUSDT",
    "exchange": "binance_usdm",
    "timestamp": "2024-05-01T00:00:00.840000Z",
    "sequence": 12,
    "scenario_id": "scenario-238-runaway_inventory",
    "agent_id": "agent-runaway_inventory",
    "order_id": "scenario-238-runaway_inventory-agent-runaway_inventory-12",
    "action": "new",
    "side": "buy",
    "price": 65261.48568,
    "quantity": 0.034,
    "remaining_quantity": 0.034
  },
  {
    "event_id": "e69fd98c0ee71574e20155c73ad503acd46eb6a4ff0aeb5bf424ef474e3f5de4",
    "schema_version": "1.0.0",
    "event_type": "agent_order",
    "source": "synthetic_agent",
    "symbol": "BTCUSDT",
    "exchange": "binance_usdm",
    "timestamp": "2024-05-01T00:00:00.910000Z",
    "sequence": 13,
    "scenario_id": "scenario-238-runaway_inventory",
    "agent_id": "agent-runaway_inventory",
    "order_id": "scenario-238-runaway_inventory-agent-runaway_inventory-13",
    "action": "new",
    "side": "buy",
    "price": 65263.44281999999,
    "quantity": 0.036000000000000004,
    "remaining_quantity": 0.036000000000000004
  },
  {
    "event_id": "29fbd3e287d22896267950588f499852480d90789a38f0d2ee94bc96fb78499a",
    "schema_version": "1.0.0",
    "event_type": "agent_order",
    "source": "synthetic_agent",
    "symbol": "BTCUSDT",
    "exchange": "binance_usdm",
    "timestamp": "2024-05-01T00:00:00.980000Z",
    "sequence": 14,
    "scenario_id": "scenario-238-runaway_inventory",
    "agent_id": "agent-runaway_inventory",
    "order_id": "scenario-238-runaway_inventory-agent-runaway_inventory-14",
    "action": "new",
    "side": "buy",
    "price": 65265.39996,
    "quantity": 0.038,
    "remaining_quantity": 0.038
  },
  {
    "event_id": "dbffeb4f6988b576c4584bd093235d664b47b26ae5415ae895d1d9bac6de0a1f",
    "schema_version": "1.0.0",
    "event_type": "agent_order",
    "source": "synthetic_agent",
    "symbol": "BTCUSDT",
    "exchange": "binance_usdm",
    "timestamp": "2024-05-01T00:00:01.050000Z",
    "sequence": 15,
    "scenario_id": "scenario-238-runaway_inventory",
    "agent_id": "agent-runaway_inventory",
    "order_id": "scenario-238-runaway_inventory-agent-runaway_inventory-15",
    "action": "new",
    "side": "buy",
    "price": 65267.3571,
    "quantity": 0.04,
    "remaining_quantity": 0.04
  },
  {
    "event_id": "40c968b9d364efc026cc8b6413b2e167be8af44491eb424ce09650d94f3cc964",
    "schema_version": "1.0.0",
    "event_type": "agent_order",
    "source": "synthetic_agent",
    "symbol": "BTCUSDT",
    "exchange": "binance_usdm",
    "timestamp": "2024-05-01T00:00:01.120000Z",
    "sequence": 16,
    "scenario_id": "scenario-238-runaway_inventory",
    "agent_id": "agent-runaway_inventory",
    "order_id": "scenario-238-runaway_inventory-agent-runaway_inventory-16",
    "action": "new",
    "side": "buy",
    "price": 65269.31424,
    "quantity": 0.042,
    "remaining_quantity": 0.042
  },
  {
    "event_id": "b7e987fb4200706a4c752e54562306f14af6528757b948e19e0ad7903deee4e2",
    "schema_version": "1.0.0",
    "event_type": "agent_order",
    "source": "synthetic_agent",
    "symbol": "BTCUSDT",
    "exchange": "binance_usdm",
    "timestamp": "2024-05-01T00:00:01.190000Z",
    "sequence": 17,
    "scenario_id": "scenario-238-runaway_inventory",
    "agent_id": "agent-runaway_inventory",
    "order_id": "scenario-238-runaway_inventory-agent-runaway_inventory-17",
    "action": "new",
    "side": "buy",
    "price": 65271.27138,
    "quantity": 0.044000000000000004,
    "remaining_quantity": 0.044000000000000004
  },
  {
    "event_id": "2d9aaa03c418fc3c515f6bcaedabba2463f4cce341d81591e25def941398beb7",
    "schema_version": "1.0.0",
    "event_type": "agent_order",
    "source": "synthetic_agent",
    "symbol": "BTCUSDT",
    "exchange": "binance_usdm",
    "timestamp": "2024-05-01T00:00:01.260000Z",
    "sequence": 18,
    "scenario_id": "scenario-238-runaway_inventory",
    "agent_id": "agent-runaway_inventory",
    "order_id": "scenario-238-runaway_inventory-agent-runaway_inventory-18",
    "action": "new",
    "side": "buy",
    "price": 65273.22852,
    "quantity": 0.046000000000000006,
    "remaining_quantity": 0.046000000000000006
  },
  {
    "event_id": "8261c5bdc4642989ae3bbd5b9f8fc264584d64022c57fbcf4424fe7aecba395e",
    "schema_version": "1.0.0",
    "event_type": "agent_order",
    "source": "synthetic_agent",
    "symbol": "BTCUSDT",
    "exchange": "binance_usdm",
    "timestamp": "2024-05-01T00:00:01.330000Z",
    "sequence": 19,
    "scenario_id": "scenario-238-runaway_inventory",
    "agent_id": "agent-runaway_inventory",
    "order_id": "scenario-238-runaway_inventory-agent-runaway_inventory-19",
    "action": "new",
    "side": "buy",
    "price": 65275.185659999996,
    "quantity": 0.048,
    "remaining_quantity": 0.048
  },
  {
    "event_id": "3ab895bc1d99308b9eced204d748529602e2be51bf22ac64d5a03a69ce083d22",
    "schema_version": "1.0.0",
    "event_type": "agent_order",
    "source": "synthetic_agent",
    "symbol": "BTCUSDT",
    "exchange": "binance_usdm",
    "timestamp": "2024-05-01T00:00:01.400000Z",
    "sequence": 20,
    "scenario_id": "scenario-238-runaway_inventory",
    "agent_id": "agent-runaway_inventory",
    "order_id": "scenario-238-runaway_inventory-agent-runaway_inventory-20",
    "action": "new",
    "side": "buy",
    "price": 65277.142799999994,
    "quantity": 0.05,
    "remaining_quantity": 0.05
  },
  {
    "event_id": "a79899e3b9b8d1db7cd34acef9ae3cde7e7a3d74c74ab1772fb0b9f0b9917169",
    "schema_version": "1.0.0",
    "event_type": "agent_order",
    "source": "synthetic_agent",
    "symbol": "BTCUSDT",
    "exchange": "binance_usdm",
    "timestamp": "2024-05-01T00:00:01.470000Z",
    "sequence": 21,
    "scenario_id": "scenario-238-runaway_inventory",
    "agent_id": "agent-runaway_inventory",
    "order_id": "scenario-238-runaway_inventory-agent-runaway_inventory-21",
    "action": "new",
    "side": "buy",
    "price": 65279.09993999999,
    "quantity": 0.052000000000000005,
    "remaining_quantity": 0.052000000000000005
  },
  {
    "event_id": "a28a5a496c79bc8be66a521623bedd4dbd520faedd217c795581622a5188db98",
    "schema_version": "1.0.0",
    "event_type": "agent_order",
    "source": "synthetic_agent",
    "symbol": "BTCUSDT",
    "exchange": "binance_usdm",
    "timestamp": "2024-05-01T00:00:01.540000Z",
    "sequence": 22,
    "scenario_id": "scenario-238-runaway_inventory",
    "agent_id": "agent-runaway_inventory",
    "order_id": "scenario-238-runaway_inventory-agent-runaway_inventory-22",
    "action": "new",
    "side": "buy",
    "price": 65281.057080000006,
    "quantity": 0.054,
    "remaining_quantity": 0.054
  },
  {
    "event_id": "4cccfe917f3ca4ea37e2244c37bbb62ff45dbb89c148d89dea01a7ca2e6e378c",
    "schema_version": "1.0.0",
    "event_type": "agent_order",
    "source": "synthetic_agent",
    "symbol": "BTCUSDT",
    "exchange": "binance_usdm",
    "timestamp": "2024-05-01T00:00:01.610000Z",
    "sequence": 23,
    "scenario_id": "scenario-238-runaway_inventory",
    "agent_id": "agent-runaway_inventory",
    "order_id": "scenario-238-runaway_inventory-agent-runaway_inventory-23",
    "action": "new",
    "side": "buy",
    "price": 65283.014220000005,
    "quantity": 0.056,
    "remaining_quantity": 0.056
  },
  {
    "event_id": "77bc3a6ad5c6e0729948ee321220b80765b3c40b657c1e98545917dece125ab1",
    "schema_version": "1.0.0",
    "event_type": "agent_order",
    "source": "synthetic_agent",
    "symbol": "BTCUSDT",
    "exchange": "binance_usdm",
    "timestamp": "2024-05-01T00:00:01.680000Z",
    "sequence": 24,
    "scenario_id": "scenario-238-runaway_inventory",
    "agent_id": "agent-runaway_inventory",
    "order_id": "scenario-238-runaway_inventory-agent-runaway_inventory-24",
    "action": "new",
    "side": "buy",
    "price": 65284.97136,
    "quantity": 0.058,
    "remaining_quantity": 0.058
  },
  {
    "event_id": "eef8e76ea3d90fa0ef29f1dd9c1ba218800608f8f92613c39bbd8133c4a4c084",
    "schema_version": "1.0.0",
    "event_type": "agent_order",
    "source": "synthetic_agent",
    "symbol": "BTCUSDT",
    "exchange": "binance_usdm",
    "timestamp": "2024-05-01T00:00:01.750000Z",
    "sequence": 25,
    "scenario_id": "scenario-238-runaway_inventory",
    "agent_id": "agent-runaway_inventory",
    "order_id": "scenario-238-runaway_inventory-agent-runaway_inventory-25",
    "action": "new",
    "side": "buy",
    "price": 65286.9285,
    "quantity": 0.060000000000000005,
    "remaining_quantity": 0.060000000000000005
  },
  {
    "event_id": "3ab71a3cea1040b598b342b4ad8c418697c2fd367e8e7861909876155e695c83",
    "schema_version": "1.0.0",
    "event_type": "agent_order",
    "source": "synthetic_agent",
    "symbol": "BTCUSDT",
    "exchange": "binance_usdm",
    "timestamp": "2024-05-01T00:00:01.820000Z",
    "sequence": 26,
    "scenario_id": "scenario-238-runaway_inventory",
    "agent_id": "agent-runaway_inventory",
    "order_id": "scenario-238-runaway_inventory-agent-runaway_inventory-26",
    "action": "new",
    "side": "buy",
    "price": 65288.88564,
    "quantity": 0.062000000000000006,
    "remaining_quantity": 0.062000000000000006
  },
  {
    "event_id": "787da8cfbb8ab08a1e8becfb84bd05c98864fbdcef538a3af58ad67b8ea65e4f",
    "schema_version": "1.0.0",
    "event_type": "agent_order",
    "source": "synthetic_agent",
    "symbol": "BTCUSDT",
    "exchange": "binance_usdm",
    "timestamp": "2024-05-01T00:00:01.890000Z",
    "sequence": 27,
    "scenario_id": "scenario-238-runaway_inventory",
    "agent_id": "agent-runaway_inventory",
    "order_id": "scenario-238-runaway_inventory-agent-runaway_inventory-27",
    "action": "new",
    "side": "buy",
    "price": 65290.84278,
    "quantity": 0.064,
    "remaining_quantity": 0.064
  },
  {
    "event_id": "3049a989881fc520cbf02486080e94143594b8421528d37ccaae8d093385d02d",
    "schema_version": "1.0.0",
    "event_type": "agent_order",
    "source": "synthetic_agent",
    "symbol": "BTCUSDT",
    "exchange": "binance_usdm",
    "timestamp": "2024-05-01T00:00:01.960000Z",
    "sequence": 28,
    "scenario_id": "scenario-238-runaway_inventory",
    "agent_id": "agent-runaway_inventory",
    "order_id": "scenario-238-runaway_inventory-agent-runaway_inventory-28",
    "action": "new",
    "side": "buy",
    "price": 65292.79992,
    "quantity": 0.066,
    "remaining_quantity": 0.066
  },
  {
    "event_id": "1df018295e52fe56b049b05ff6c2a84c8f033e9d7b0755fec9a37240b40a5293",
    "schema_version": "1.0.0",
    "event_type": "agent_order",
    "source": "synthetic_agent",
    "symbol": "BTCUSDT",
    "exchange": "binance_usdm",
    "timestamp": "2024-05-01T00:00:02.030000Z",
    "sequence": 29,
    "scenario_id": "scenario-238-runaway_inventory",
    "agent_id": "agent-runaway_inventory",
    "order_id": "scenario-238-runaway_inventory-agent-runaway_inventory-29",
    "action": "new",
    "side": "buy",
    "price": 65294.757059999996,
    "quantity": 0.068,
    "remaining_quantity": 0.068
  }
]