[
  {
    "event_id": "390221c04fc380bff5c1617af37e753ea964bfccd707f0e1bdd3b8da23f54a1f",
    "schema_version": "1.0.0",
    "event_type": "agent_order",
    "source": "synthetic_agent",
    "symbol": "BTCUSDT",
    "exchange": "binance_usdm",
    "timestamp": "2024-05-01T00:00:00Z",
    "sequence": 0,
    "scenario_id": "scenario-159-spoofing_layering",
    "agent_id": "agent-spoofing_layering",
    "order_id": "scenario-159-spoofing_layering-agent-spoofing_layering-0",
    "action": "new",
    "side": "sell",
    "price": 65191.5795,
    "quantity": 0.5,
    "remaining_quantity": 0.5
  },
  {
    "event_id": "6b017708a2db3ba3f1356bbb0ce073ada72e9b7436573ffde866826648ea004c",
    "schema_version": "1.0.0",
    "event_type": "agent_order",
    "source": "synthetic_agent",
    "symbol": "BTCUSDT",
    "exchange": "binance_usdm",
    "timestamp": "2024-05-01T00:00:00.050000Z",
    "sequence": 1,
    "scenario_id": "scenario-159-spoofing_layering",
    "agent_id": "agent-spoofing_layering",
    "order_id": "scenario-159-spoofing_layering-agent-spoofing_layering-1",
    "action": "new",
    "side": "sell",
    "price": 65192.23109,
    "quantity": 0.5,
    "remaining_quantity": 0.5
  },
  {
    "event_id": "2b502345de4cb78dfb87fd29964512d1e871d81911e8b5a973d851b1f0f5c615",
    "schema_version": "1.0.0",
    "event_type": "agent_order",
    "source": "synthetic_agent",
    "symbol": "BTCUSDT",
    "exchange": "binance_usdm",
    "timestamp": "2024-05-01T00:00:00.100000Z",
    "sequence": 2,
    "scenario_id": "scenario-159-spoofing_layering",
    "agent_id": "agent-spoofing_layering",
    "order_id": "scenario-159-spoofing_layering-agent-spoofing_layering-2",
    "action": "new",
    "side": "sell",
    "price": 65192.88267999999,
    "quantity": 0.5,
    "remaining_quantity": 0.5
  },
  {
    "event_id": "744708d18a7a29cb70514329b16cfc7932804114a4a1c56e069cd6a4f24ab4e3",
    "schema_version": "1.0.0",
    "event_type": "agent_order",
    "source": "synthetic_agent",
    "symbol": "BTCUSDT",
    "exchange": "binance_usdm",
    "timestamp": "2024-05-01T00:00:00.150000Z",
    "sequence": 3,
    "scenario_id": "scenario-159-spoofing_layering",
    "agent_id": "agent-spoofing_layering",
    "order_id": "scenario-159-spoofing_layering-agent-spoofing_layering-3",
    "action": "new",
    "side": "sell",
    "price": 65193.53427,
    "quantity": 0.5,
    "remaining_quantity": 0.5
  },
  {
    "event_id": "2526bc467b22bd3c221188d7c88d0626d525f5aa3ecd44569a1873fd49f0b5a2",
    "schema_version": "1.0.0",
    "event_type": "agent_order",
    "source": "synthetic_agent",
    "symbol": "BTCUSDT",
    "exchange": "binance_usdm",
    "timestamp": "2024-05-01T00:00:00.200000Z",
    "sequence": 4,
    "scenario_id": "scenario-159-spoofing_layering",
    "agent_id": "agent-spoofing_layering",
    "order_id": "scenario-159-spoofing_layering-agent-spoofing_layering-4",
    "action": "new",
    "side": "sell",
    "price": 65194.18586,
    "quantity": 0.5,
    "remaining_quantity": 0.5
  },
  {
    "event_id": "fc662d17af57f059e83d1d49ed1698c6095befea4478b3b67027bb68db8827f5",
    "schema_version": "1.0.0",
    "event_type": "agent_order",
    "source": "synthetic_agent",
    "symbol": "BTCUSDT",
    "exchange": "binance_usdm",
    "timestamp": "2024-05-01T00:00:00.250000Z",
    "sequence": 5,
    "scenario_id": "scenario-159-spoofing_layering",
    "agent_id": "agent-spoofing_layering",
    "order_id": "scenario-159-spoofing_layering-agent-spoofing_layering-5",
    "action": "new",
    "side": "sell",
    "price": 65194.837450000006,
    "quantity": 0.5,
    "remaining_quantity": 0.5
  },
  {
    "event_id": "9509c853e8ec7fb13f28919942a66737edaa582eec7952dd58173fdc79db5dc5",
    "schema_version": "1.0.0",
    "event_type": "agent_order",
    "source": "synthetic_agent",
    "symbol": "BTCUSDT",
    "exchange": "binance_usdm",
    "timestamp": "2024-05-01T00:00:00.300000Z",
    "sequence": 6,
    "scenario_id": "scenario-159-spoofing_layering",
    "agent_id": "agent-spoofing_layering",
    "order_id": "scenario-159-spoofing_layering-agent-spoofing_layering-6",
    "action": "new",
    "side": "sell",
    "price": 65195.48903999999,
    "quantity": 0.5,
    "remaining_quantity": 0.5
  },
  {
    "event_id": "4b477c3ec3603f0d7a91fe653d0b020fe3a333808be63f10678a9a80985be8b7",
    "schema_version": "1.0.0",
    "event_type": "agent_order",
    "source": "synthetic_agent",
    "symbol": "BTCUSDT",
    "exchange": "binance_usdm",
    "timestamp": "2024-05-01T00:00:00.350000Z",
    "sequence": 7,
    "scenario_id": "scenario-159-spoofing_layering",
    "agent_id": "agent-spoofing_layering",
    "order_id": "scenario-159-spoofing_layering-agent-spoofing_layering-7",
    "action": "new",
    "side": "sell",
    "price": 65196.140629999994,
    "quantity": 0.5,
    "remaining_quantity": 0.5
  },
  {
    "event_id": "94f81faa0d01e96a24e898db516d6aad5b54125e130facf0f37a584449f24c41",
    "schema_version": "1.0.0",
    "event_type": "agent_order",
    "source": "synthetic_agent",
    "symbol": "BTCUSDT",
    "exchange": "binance_usdm",
    "timestamp": "2024-05-01T00:00:00.400000Z",
    "sequence": 8,
    "scenario_id": "scenario-159-spoofing_layering",
    "agent_id": "agent-spoofing_layering",
    "order_id": "scenario-159-spoofing_layering-agent-spoofing_layering-8",
    "action": "new",
    "side": "sell",
    "price": 65196.79222,
    "quantity": 0.5,
    "remaining_quantity": 0.5
  },
  {
    "event_id": "7383a7d3991dc7562b9d66903fe6dd41184378c106efa9c2b373cca9e2b174b0",
    "schema_version": "1.0.0",
    "event_type": "agent_order",
    "source": "synthetic_agent",
    "symbol": "BTCUSDT",
    "exchange": "binance_usdm",
    "timestamp": "2024-05-01T00:00:00.450000Z",
    "sequence": 9,
    "scenario_id": "scenario-159-spoofing_layering",
    "agent_id": "agent-spoofing_layering",
    "order_id": "scenario-159-spoofing_layering-agent-spoofing_layering-9",
    "action": "new",
    "side": "sell",
    "price": 65197.44380999999,
    "quantity": 0.5,
    "remaining_quantity": 0.5
  },
  {
    "event_id": "ccef032521d915178b4738323eddcaa537b0d46405f0f7749f8bb6fb72ace182",
    "schema_version": "1.0.0",
    "event_type": "agent_order",
    "source": "synthetic_agent",
    "symbol": "BTCUSDT",
    "exchange": "binance_usdm",
    "timestamp": "2024-05-01T00:00:00.500000Z",
    "sequence": 10,
    "scenario_id": "scenario-159-spoofing_layering",
    "agent_id": "agent-spoofing_layering",
    "order_id": "scenario-159-spoofing_layering-agent-spoofing_layering-10",
    "action": "new",
    "side": "sell",
    "price": 65198.0954,
    "quantity": 0.5,
    "remaining_quantity": 0.5
  },
  {
    "event_id": "35491583060ffd1396dc7a12b361de9c8bb1ad904527f4bd49bd35b8ff883ca8",
    "schema_version": "1.0.0",
    "event_type": "agent_order",
    "source": "synthetic_agent",
    "symbol": "BTCUSDT",
    "exchange": "binance_usdm",
    "timestamp": "2024-05-01T00:00:00.550000Z",
    "sequence": 11,
    "scenario_id": "scenario-159-spoofing_layering",
    "agent_id": "agent-spoofing_layering",
    "order_id": "scenario-159-spoofing_layering-agent-spoofing_layering-11",
    "action": "new",
    "side": "sell",
    "price": 65198.74699,
    "quantity": 0.5,
    "remaining_quantity": 0.5
  },
  {
    "event_id": "68c7a7d867d50d7fc44f4e0a060e16af957800ad5e29e154a8eadd58bed8d7cf",
    "schema_version": "1.0.0",
    "event_type": "agent_order",
    "source": "synthetic_agent",
    "symbol": "BTCUSDT",
    "exchange": "binance_usdm",
    "timestamp": "2024-05-01T00:00:00.600000Z",
    "sequence": 12,
    "scenario_id": "scenario-159-spoofing_layering",
    "agent_id": "agent-spoofing_layering",
    "order_id": "scenario-159-spoofing_layering-agent-spoofing_layering-12",
    "action": "new",
    "side": "sell",
    "price": 65199.39857999999,
    "quantity": 0.5,
    "remaining_quantity": 0.5
  },
  {
    "event_id": "cc668c6bd7d2bfa0ccc81cd4bcff9855ef5837f757cdc3ffff58335f79542ec3",
    "schema_version": "1.0.0",
    "event_type": "agent_order",
    "source": "synthetic_agent",
    "symbol": "BTCUSDT",
    "exchange": "binance_usdm",
    "timestamp": "2024-05-01T00:00:00.650000Z",
    "sequence": 13,
    "scenario_id": "scenario-159-spoofing_layering",
    "agent_id": "agent-spoofing_layering",
    "order_id": "scenario-159-spoofing_layering-agent-spoofing_layering-13",
    "action": "new",
    "side": "sell",
    "price": 65200.050169999995,
    "quantity": 0.5,
    "remaining_quantity": 0.5
  },
  {
    "event_id": "43f881055378068a63c35117c213435d3a0dbb44e60b8908fd1637f1bb480c69",
    "schema_version": "1.0.0",
    "event_type": "agent_order",
    "source": "synthetic_agent",
    "symbol": "BTCUSDT",
    "exchange": "binance_usdm",
    "timestamp": "2024-05-01T00:00:00.700000Z",
    "sequence": 14,
    "scenario_id": "scenario-159-spoofing_layering",
    "agent_id": "agent-spoofing_layering",
    "order_id": "scenario-159-spoofing_layering-agent-spoofing_layering-14",
    "action": "new",
    "side": "sell",
    "price": 65200.701759999996,
    "quantity": 0.5,
    "remaining_quantity": 0.5
  },
  {
    "event_id": "e81351a89ae830577c12ffaa9ca40dadfeee7cc0b7db7d2d5179945b4fba57f5",
    "schema_version": "1.0.0",
    "event_type": "agent_order",
    "source": "synthetic_agent",
    "symbol": "BTCUSDT",
    "exchange": "binance_usdm",
    "timestamp": "2024-05-01T00:00:00.750000Z",
    "sequence": 15,
    "scenario_id": "scenario-159-spoofing_layering",
    "agent_id": "agent-spoofing_layering",
    "order_id": "scenario-159-spoofing_layering-agent-spoofing_layering-15",
    "action": "new",
    "side": "sell",
    "price": 65201.353350000005,
    "quantity": 0.5,
    "remaining_quantity": 0.5
  },
  {
    "event_id": "4ce2ad7fb19a5700a090137b90ea24c78829dca5a542f733eca91f53bd4208b4",
    "schema_version": "1.0.0",
    "event_type": "agent_order",
    "source": "synthetic_agent",
    "symbol": "BTCUSDT",
    "exchange": "binance_usdm",
    "timestamp": "2024-05-01T00:00:00.800000Z",
    "sequence": 16,
    "scenario_id": "scenario-159-spoofing_layering",
    "agent_id": "agent-spoofing_layering",
    "order_id": "scenario-159-spoofing_layering-agent-spoofing_layering-16",
    "action": "new",
    "side": "sell",
    "price": 65202.00493999999,
    "quantity": 0.5,
    "remaining_quantity": 0.5
  },
  {
    "event_id": "56e7b59a78dbb9eaa1a920a6cff94ef3134eeea499ec6a882d7857e4a984c033",
    "schema_version": "1.0.0",
    "event_type": "agent_order",
    "source": "synthetic_agent",
    "symbol": "BTCUSDT",
    "exchange": "binance_usdm",
    "timestamp": "2024-05-01T00:00:00.850000Z",
    "sequence": 17,
    "scenario_id": "scenario-159-spoofing_layering",
    "agent_id": "agent-spoofing_layering",
    "order_id": "scenario-159-spoofing_layering-agent-spoofing_layering-17",
    "action": "new",
    "side": "sell",
    "price": 65202.65653,
    "quantity": 0.5,
    "remaining_quantity": 0.5
  },
  {
    "event_id": "c25ae259edb008b2f2a7f7e08752a73929ef91cebf7fa7d858d4d3eabdb8488a",
    "schema_version": "1.0.0",
    "event_type": "agent_order",
    "source": "synthetic_agent",
    "symbol": "BTCUSDT",
    "exchange": "binance_usdm",
    "timestamp": "2024-05-01T00:00:00.900000Z",
    "sequence": 18,
    "scenario_id": "scenario-159-spoofing_layering",
    "agent_id": "agent-spoofing_layering",
    "order_id": "scenario-159-spoofing_layering-agent-spoofing_layering-18",
    "action": "new",
    "side": "sell",
    "price": 65203.30812,
    "quantity": 0.5,
    "remaining_quantity": 0.5
  },
  {
    "event_id": "bbafe5ea5f3c973f15bdecf1dff43751c968ff62e79c03193d05734470cbb814",
    "schema_version": "1.0.0",
    "event_type": "agent_order",
    "source": "synthetic_agent",
    "symbol": "BTCUSDT",
    "exchange": "binance_usdm",
    "timestamp": "2024-05-01T00:00:00.950000Z",
    "sequence": 19,
    "scenario_id": "scenario-159-spoofing_layering",
    "agent_id": "agent-spoofing_layering",
    "order_id": "scenario-159-spoofing_layering-agent-spoofing_layering-19",
    "action": "new",
    "side": "sell",
    "price": 65203.95970999999,
    "quantity": 0.5,
    "remaining_quantity": 0.5
  },
  {
    "event_id": "dca72030efc98c0621fcf5fe95a9230d154940ab183caf80e8bceacab2bbc5ef",
    "schema_version": "1.0.0",
    "event_type": "agent_order",
    "source": "synthetic_agent",
    "symbol": "BTCUSDT",
    "exchange": "binance_usdm",
    "timestamp": "2024-05-01T00:00:01Z",
    "sequence": 20,
    "scenario_id": "scenario-159-spoofing_layering",
    "agent_id": "agent-spoofing_layering",
    "order_id": "scenario-159-spoofing_layering-agent-spoofing_layering-20",
    "action": "new",
    "side": "sell",
    "price": 65204.6113,
    "quantity": 0.5,
    "remaining_quantity": 0.5
  },
  {
    "event_id": "cb3ad5f969460ddeb6a89329a87f8e6effe3c22bed21cf8b8b0fe045c91dac49",
    "schema_version": "1.0.0",
    "event_type": "agent_order",
    "source": "synthetic_agent",
    "symbol": "BTCUSDT",
    "exchange": "binance_usdm",
    "timestamp": "2024-05-01T00:00:01.050000Z",
    "sequence": 21,
    "scenario_id": "scenario-159-spoofing_layering",
    "agent_id": "agent-spoofing_layering",
    "order_id": "scenario-159-spoofing_layering-agent-spoofing_layering-21",
    "action": "new",
    "side": "sell",
    "price": 65205.26289,
    "quantity": 0.5,
    "remaining_quantity": 0.5
  },
  {
    "event_id": "26ab0af8d968fc03f7628932632574be9f779b1d98583f6e3bb46ac3d3869c88",
    "schema_version": "1.0.0",
    "event_type": "agent_order",
    "source": "synthetic_agent",
    "symbol": "BTCUSDT",
    "exchange": "binance_usdm",
    "timestamp": "2024-05-01T00:00:01.100000Z",
    "sequence": 22,
    "scenario_id": "scenario-159-spoofing_layering",
    "agent_id": "agent-spoofing_layering",
    "order_id": "scenario-159-spoofing_layering-agent-spoofing_layering-22",
    "action": "new",
    "side": "sell",
    "price": 65205.91448000001,
    "quantity": 0.5,
    "remaining_quantity": 0.5
  },
  {
    "event_id": "b5987922c55c6dfa91f667935d7574a1dcc2fe33d6b8d2337ba994490ac69b11",
    "schema_version": "1.0.0",
    "event_type": "agent_order",
    "source": "synthetic_agent",
    "symbol": "BTCUSDT",
    "exchange": "binance_usdm",
    "timestamp": "2024-05-01T00:00:01.150000Z",
    "sequence": 23,
    "scenario_id": "scenario-159-spoofing_layering",
    "agent_id": "agent-spoofing_layering",
    "order_id": "scenario-159-spoofing_layering-agent-spoofing_layering-23",
    "action": "new",
    "side": "sell",
    "price": 65206.56606999999,
    "quantity": 0.5,
    "remaining_quantity": 0.5
  },
  {
    "event_id": "19730ee47e2125fc085ce46bd9d536095ed5d0d399449a2672631565c175e73b",
    "schema_version": "1.0.0",
    "event_type": "agent_order",
    "source": "synthetic_agent",
    "symbol": "BTCUSDT",
    "exchange": "binance_usdm",
    "timestamp": "2024-05-01T00:00:01.200000Z",
    "sequence": 24,
    "scenario_id": "scenario-159-spoofing_layering",
    "agent_id": "agent-spoofing_layering",
    "order_id": "scenario-159-spoofing_layering-agent-spoofing_layering-24",
    "action": "new",
    "side": "sell",
    "price": 65207.217659999995,
    "quantity": 0.5,
    "remaining_quantity": 0.5
  },
  {
    "event_id": "ca083ffb3b2e66ce8710ac28f3a316aa94c713918b68c5e2a94a457f86fc9746",
    "schema_version": "1.0.0",
    "event_type": "agent_order",
    "source": "synthetic_agent",
    "symbol": "BTCUSDT",
    "exchange": "binance_usdm",
    "timestamp": "2024-05-01T00:00:01.250000Z",
    "sequence": 25,
    "scenario_id": "scenario-159-spoofing_layering",
    "agent_id": "agent-spoofing_layering",
    "order_id": "scenario-159-spoofing_layering-agent-spoofing_layering-25",
    "action": "new",
    "side": "sell",
    "price": 65207.86925,
    "quantity": 0.5,
    "remaining_quantity": 0.5
  },
  {
    "event_id": "d04192383e07e23d30633382a22e236126a9ebb84bd79b7436312c4afc801d4e",
    "schema_version": "1.0.0",
    "event_type": "agent_order",
    "source": "synthetic_agent",
    "symbol": "BTCUSDT",
    "exchange": "binance_usdm",
    "timestamp": "2024-05-01T00:00:01.300000Z",
    "sequence": 26,
    "scenario_id": "scenario-159-spoofing_layering",
    "agent_id": "agent-spoofing_layering",
    "order_id": "scenario-159-spoofing_layering-agent-spoofing_layering-26",
    "action": "new",
    "side": "sell",
    "price": 65208.52083999999,
    "quantity": 0.5,
    "remaining_quantity": 0.5
  },
  {
    "event_id": "9f27d938042d365201abb41b482671e5c40ec662f007b100493c929966ecd046",
    "schema_version": "1.0.0",
    "event_type": "agent_order",
    "source": "synthetic_agent",
    "symbol": "BTCUSDT",
    "exchange": "binance_usdm",
    "timestamp": "2024-05-01T00:00:01.350000Z",
    "sequence": 27,
    "scenario_id": "scenario-159-spoofing_layering",
    "agent_id": "agent-spoofing_layering",
    "order_id": "scenario-159-spoofing_layering-agent-spoofing_layering-27",
    "action": "new",
    "side": "sell",
    "price": 65209.17243,
    "quantity": 0.5,
    "remaining_quantity": 0.5
  },
  {
    "event_id": "60335d5353525c540015a4afe8a895935088b4194e2c240565ec022a0b9ff346",
    "schema_version": "1.0.0",
    "event_type": "agent_order",
    "source": "synthetic_agent",
    "symbol": "BTCUSDT",
    "exchange": "binance_usdm",
    "timestamp": "2024-05-01T00:00:01.400000Z",
    "sequence": 28,
    "scenario_id": "scenario-159-spoofing_layering",
    "agent_id": "agent-spoofing_layering",
    "order_id": "scenario-159-spoofing_layering-agent-spoofing_layering-28",
    "action": "new",
    "side": "sell",
    "price": 65209.82402,
    "quantity": 0.5,
    "remaining_quantity": 0.5
  },
  {
    "event_id": "69502b02134dc2c1b63221e0e8e3efb4460c9d55eef0ff3558534171be644814",
    "schema_version": "1.0.0",
    "event_type": "agent_order",
    "source": "synthetic_agent",
    "symbol": "BTCUSDT",
    "exchange": "binance_usdm",
    "timestamp": "2024-05-01T00:00:01.450000Z",
    "sequence": 29,
    "scenario_id": "scenario-159-spoofing_layering",
    "agent_id": "agent-spoofing_layering",
    "order_id": "scenario-159-spoofing_layering-agent-spoofing_layering-29",
    "action": "new",
    "side": "sell",
    "price": 65210.47560999999,
    "quantity": 0.5,
    "remaining_quantity": 0.5
  }
]