[
  {
    "event_id": "9d1a4e066507ef4ecfcd1fb53956dbaa5fbc0067e149987739814b0995710033",
    "schema_version": "1.0.0",
    "event_type": "agent_order",
    "source": "synthetic_agent",
    "symbol": "BTCUSDT",
    "exchange": "binance_usdm",
    "timestamp": "2024-05-01T00:00:00Z",
    "sequence": 0,
    "scenario_id": "scenario-403-coordinated_burst",
    "agent_id": "agent-coordinated_burst-0",
    "order_id": "scenario-403-coordinated_burst-agent-coordinated_burst-0-0",
    "action": "new",
    "side": "buy",
    "price": 65416.0806,
    "quantity": 0.04,
    "remaining_quantity": 0.04
  },
  {
    "event_id": "6b3f01e62ae837e980e1995d0c8d9e8413466028d6607b1259aac97a0d54f9b8",
    "schema_version": "1.0.0",
    "event_type": "agent_order",
    "source": "synthetic_agent",
    "symbol": "BTCUSDT",
    "exchange": "binance_usdm",
    "timestamp": "2024-05-01T00:00:00.012000Z",
    "sequence": 1,
    "scenario_id": "scenario-403-coordinated_burst",
    "agent_id": "agent-coordinated_burst-1",
    "order_id": "scenario-403-coordinated_burst-agent-coordinated_burst-1-1",
    "action": "new",
    "side": "sell",
    "price": 65389.9194,
    "quantity": 0.04,
    "remaining_quantity": 0.04
  },
  {
    "event_id": "785ec011272d7fc4a89936bbd6ee0f0045d9dd2e2834fd6f113e05379c71b583",
    "schema_version": "1.0.0",
    "event_type": "agent_order",
    "source": "synthetic_agent",
    "symbol": "BTCUSDT",
    "exchange": "binance_usdm",
    "timestamp": "2024-05-01T00:00:00.024000Z",
    "sequence": 2,
    "scenario_id": "scenario-403-coordinated_burst",
    "agent_id": "agent-coordinated_burst-2",
    "order_id": "scenario-403-coordinated_burst-agent-coordinated_burst-2-2",
    "action": "new",
    "side": "sell",
    "price": 65389.9194,
    "quantity": 0.04,
    "remaining_quantity": 0.04
  },
  {
    "event_id": "de3b52c2ffd49b6852ede57d36f1d3b0dd29bebe009f69793e288b1ee6fbba02",
    "schema_version": "1.0.0",
    "event_type": "agent_order",
    "source": "synthetic_agent",
    "symbol": "BTCUSDT",
    "exchange": "binance_usdm",
    "timestamp": "2024-05-01T00:00:00.036000Z",
    "sequence": 3,
    "scenario_id": "scenario-403-coordinated_burst",
    "agent_id": "agent-coordinated_burst-0",
    "order_id": "scenario-403-coordinated_burst-agent-coordinated_burst-0-3",
    "action": "new",
    "side": "buy",
    "price": 65416.0806,
    "quantity": 0.04,
    "remaining_quantity": 0.04
  },
  {
    "event_id": "c7afe81198cf4f31f9ad52ada96903c607dbb692472905553211861c2a3d31c0",
    "schema_version": "1.0.0",
    "event_type": "agent_order",
    "source": "synthetic_agent",
    "symbol": "BTCUSDT",
    "exchange": "binance_usdm",
    "timestamp": "2024-05-01T00:00:00.048000Z",
    "sequence": 4,
    "scenario_id": "scenario-403-coordinated_burst",
    "agent_id": "agent-coordinated_burst-1",
    "order_id": "scenario-403-coordinated_burst-agent-coordinated_burst-1-4",
    "action": "new",
    "side": "sell",
    "price": 65389.9194,
    "quantity": 0.04,
    "remaining_quantity": 0.04
  },
  {
    "event_id": "4c53da7eb823b91f5deef5f87af28866759a50cdb69d4d75f7f60c961018e934",
    "schema_version": "1.0.0",
    "event_type": "agent_order",
    "source": "synthetic_agent",
    "symbol": "BTCUSDT",
    "exchange": "binance_usdm",
    "timestamp": "2024-05-01T00:00:00.600000Z",
    "sequence": 5,
    "scenario_id": "scenario-403-coordinated_burst",
    "agent_id": "agent-coordinated_burst-2",
    "order_id": "scenario-403-coordinated_burst-agent-coordinated_burst-2-5",
    "action": "new",
    "side": "sell",
    "price": 65389.9194,
    "quantity": 0.04,
    "remaining_quantity": 0.04
  },
  {
    "event_id": "66289ab649418e084788a022bb77f4e42ceafcc088df11051bebb7af02e067d4",
    "schema_version": "1.0.0",
    "event_type": "agent_order",
    "source": "synthetic_agent",
    "symbol": "BTCUSDT",
    "exchange": "binance_usdm",
    "timestamp": "2024-05-01T00:00:00.072000Z",
    "sequence": 6,
    "scenario_id": "scenario-403-coordinated_burst",
    "agent_id": "agent-coordinated_burst-0",
    "order_id": "scenario-403-coordinated_burst-agent-coordinated_burst-0-6",
    "action": "new",
    "side": "buy",
    "price": 65416.0806,
    "quantity": 0.04,
    "remaining_quantity": 0.04
  },
  {
    "event_id": "df59d52465a49b52d20a189927f86631b39b1a1c5619e91496a47d4917793622",
    "schema_version": "1.0.0",
    "event_type": "agent_order",
    "source": "synthetic_agent",
    "symbol": "BTCUSDT",
    "exchange": "binance_usdm",
    "timestamp": "2024-05-01T00:00:00.084000Z",
    "sequence": 7,
    "scenario_id": "scenario-403-coordinated_burst",
    "agent_id": "agent-coordinated_burst-1",
    "order_id": "scenario-403-coordinated_burst-agent-coordinated_burst-1-7",
    "action": "new",
    "side": "sell",
    "price": 65389.9194,
    "quantity": 0.04,
    "remaining_quantity": 0.04
  },
  {
    "event_id": "fa7e75d66b16c9719a60e94b386294d901fb6613f1dfbf565eb5e478bc1bcb94",
    "schema_version": "1.0.0",
    "event_type": "agent_order",
    "source": "synthetic_agent",
    "symbol": "BTCUSDT",
    "exchange": "binance_usdm",
    "timestamp": "2024-05-01T00:00:00.096000Z",
    "sequence": 8,
    "scenario_id": "scenario-403-coordinated_burst",
    "agent_id": "agent-coordinated_burst-2",
    "order_id": "scenario-403-coordinated_burst-agent-coordinated_burst-2-8",
    "action": "new",
    "side": "sell",
    "price": 65389.9194,
    "quantity": 0.04,
    "remaining_quantity": 0.04
  },
  {
    "event_id": "c73bca39fea842188a3b18d7e26810f27d175ac67886347247c1ff7919de5c16",
    "schema_version": "1.0.0",
    "event_type": "agent_order",
    "source": "synthetic_agent",
    "symbol": "BTCUSDT",
    "exchange": "binance_usdm",
    "timestamp": "2024-05-01T00:00:00.108000Z",
    "sequence": 9,
    "scenario_id": "scenario-403-coordinated_burst",
    "agent_id": "agent-coordinated_burst-0",
    "order_id": "scenario-403-coordinated_burst-agent-coordinated_burst-0-9",
    "action": "new",
    "side": "buy",
    "price": 65416.0806,
    "quantity": 0.04,
    "remaining_quantity": 0.04
  },
  {
    "event_id": "18190eca518a054ea517c7ebc1c42599cedc3fb8b1ba84ac1ebcbbb67a4bcc11",
    "schema_version": "1.0.0",
    "event_type": "agent_order",
    "source": "synthetic_agent",
    "symbol": "BTCUSDT",
    "exchange": "binance_usdm",
    "timestamp": "2024-05-01T00:00:01.200000Z",
    "sequence": 10,
    "scenario_id": "scenario-403-coordinated_burst",
    "agent_id": "agent-coordinated_burst-1",
    "order_id": "scenario-403-coordinated_burst-agent-coordinated_burst-1-10",
    "action": "new",
    "side": "sell",
    "price": 65389.9194,
    "quantity": 0.04,
    "remaining_quantity": 0.04
  },
  {
    "event_id": "4eb1ae608727b6da1ac21be7191aed6ed8970ae0bf64346952e15cb36c404c44",
    "schema_version": "1.0.0",
    "event_type": "agent_order",
    "source": "synthetic_agent",
    "symbol": "BTCUSDT",
    "exchange": "binance_usdm",
    "timestamp": "2024-05-01T00:00:00.132000Z",
    "sequence": 11,
    "scenario_id": "scenario-403-coordinated_burst",
    "agent_id": "agent-coordinated_burst-2",
    "order_id": "scenario-403-coordinated_burst-agent-coordinated_burst-2-11",
    "action": "new",
    "side": "sell",
    "price": 65389.9194,
    "quantity": 0.04,
    "remaining_quantity": 0.04
  },
  {
    "event_id": "338911aa094ef7b251e2d74b5a4e1b249de62fd7ca553ed9f50eba018069ba95",
    "schema_version": "1.0.0",
    "event_type": "agent_order",
    "source": "synthetic_agent",
    "symbol": "BTCUSDT",
    "exchange": "binance_usdm",
    "timestamp": "2024-05-01T00:00:00.144000Z",
    "sequence": 12,
    "scenario_id": "scenario-403-coordinated_burst",
    "agent_id": "agent-coordinated_burst-0",
    "order_id": "scenario-403-coordinated_burst-agent-coordinated_burst-0-12",
    "action": "new",
    "side": "buy",
    "price": 65416.0806,
    "quantity": 0.04,
    "remaining_quantity": 0.04
  },
  {
    "event_id": "aad31186ef53e0b97c6a61b1619fff6eddeecdd1b969c4c54108343b6ee70346",
    "schema_version": "1.0.0",
    "event_type": "agent_order",
    "source": "synthetic_agent",
    "symbol": "BTCUSDT",
    "exchange": "binance_usdm",
    "timestamp": "2024-05-01T00:00:00.156000Z",
    "sequence": 13,
    "scenario_id": "scenario-403-coordinated_burst",
    "agent_id": "agent-coordinated_burst-1",
    "order_id": "scenario-403-coordinated_burst-agent-coordinated_burst-1-13",
    "action": "new",
    "side": "sell",
    "price": 65389.9194,
    "quantity": 0.04,
    "remaining_quantity": 0.04
  },
  {
    "event_id": "bc0eb9516fc875b05df002e3054933d2b3558594d0b14f5a566f9f3a7d58d801",
    "schema_version": "1.0.0",
    "event_type": "agent_order",
    "source": "synthetic_agent",
    "symbol": "BTCUSDT",
    "exchange": "binance_usdm",
    "timestamp": "2024-05-01T00:00:00.168000Z",
    "sequence": 14,
    "scenario_id": "scenario-403-coordinated_burst",
    "agent_id": "agent-coordinated_burst-2",
    "order_id": "scenario-403-coordinated_burst-agent-coordinated_burst-2-14",
    "action": "new",
    "side": "sell",
    "price": 65389.9194,
    "quantity": 0.04,
    "remaining_quantity": 0.04
  },
  {
    "event_id": "edffe87843af302b884325a609f57be752759392ffd5cead585b7590ed233b51",
    "schema_version": "1.0.0",
    "event_type": "agent_order",
    "source": "synthetic_agent",
    "symbol": "BTCUSDT",
    "exchange": "binance_usdm",
    "timestamp": "2024-05-01T00:00:01.800000Z",
    "sequence": 15,
    "scenario_id": "scenario-403-coordinated_burst",
    "agent_id": "agent-coordinated_burst-0",
    "order_id": "scenario-403-coordinated_burst-agent-coordinated_burst-0-15",
    "action": "new",
    "side": "buy",
    "price": 65416.0806,
    "quantity": 0.04,
    "remaining_quantity": 0.04
  },
  {
    "event_id": "8fffa7b12b596c177a19039d273b242beb2c11a58a6ebef0bf2a701adefe0580",
    "schema_version": "1.0.0",
    "event_type": "agent_order",
    "source": "synthetic_agent",
    "symbol": "BTCUSDT",
    "exchange": "binance_usdm",
    "timestamp": "2024-05-01T00:00:00.192000Z",
    "sequence": 16,
    "scenario_id": "scenario-403-coordinated_burst",
    "agent_id": "agent-coordinated_burst-1",
    "order_id": "scenario-403-coordinated_burst-agent-coordinated_burst-1-16",
    "action": "new",
    "side": "sell",
    "price": 65389.9194,
    "quantity": 0.04,
    "remaining_quantity": 0.04
  },
  {
    "event_id": "9d292cc18bcbb699990d70481cfe4d539f34a0f3dcca2cadc0bf12c3e93807c3",
    "schema_version": "1.0.0",
    "event_type": "agent_order",
    "source": "synthetic_agent",
    "symbol": "BTCUSDT",
    "exchange": "binance_usdm",
    "timestamp": "2024-05-01T00:00:00.204000Z",
    "sequence": 17,
    "scenario_id": "scenario-403-coordinated_burst",
    "agent_id": "agent-coordinated_burst-2",
    "order_id": "scenario-403-coordinated_burst-agent-coordinated_burst-2-17",
    "action": "new",
    "side": "sell",
    "price": 65389.9194,
    "quantity": 0.04,
    "remaining_quantity": 0.04
  },
  {
    "event_id": "375992ed5551f3f5e24bf00d7caecf78b6532334c9752df0a01fc70c1020ff20",
    "schema_version": "1.0.0",
    "event_type": "agent_order",
    "source": "synthetic_agent",
    "symbol": "BTCUSDT",
    "exchange": "binance_usdm",
    "timestamp": "2024-05-01T00:00:00.216000Z",
    "sequence": 18,
    "scenario_id": "scenario-403-coordinated_burst",
    "agent_id": "agent-coordinated_burst-0",
    "order_id": "scenario-403-coordinated_burst-agent-coordinated_burst-0-18",
    "action": "new",
    "side": "buy",
    "price": 65416.0806,
    "quantity": 0.04,
    "remaining_quantity": 0.04
  },
  {
    "event_id": "faaa95dbfe1fd2ca6435252b5d66797bfa3e442e7d820cbe873a24c5c36ea25d",
    "schema_version": "1.0.0",
    "event_type": "agent_order",
    "source": "synthetic_agent",
    "symbol": "BTCUSDT",
    "exchange": "binance_usdm",
    "timestamp": "2024-05-01T00:00:00.228000Z",
    "sequence": 19,
    "scenario_id": "scenario-403-coordinated_burst",
    "agent_id": "agent-coordinated_burst-1",
    "order_id": "scenario-403-coordinated_burst-agent-coordinated_burst-1-19",
    "action": "new",
    "side": "sell",
    "price": 65389.9194,
    "quantity": 0.04,
    "remaining_quantity": 0.04
  },
  {
    "event_id": "983393c7a223a74e964253d97e7f98d25eadc9944ff8fe3f83872761d8356bbd",
    "schema_version": "1.0.0",
    "event_type": "agent_order",
    "source": "synthetic_agent",
    "symbol": "BTCUSDT",
    "exchange": "binance_usdm",
    "timestamp": "2024-05-01T00:00:02.400000Z",
    "sequence": 20,
    "scenario_id": "scenario-403-coordinated_burst",
    "agent_id": "agent-coordinated_burst-2",
    "order_id": "scenario-403-coordinated_burst-agent-coordinated_burst-2-20",
    "action": "new",
    "side": "sell",
    "price": 65389.9194,
    "quantity": 0.04,
    "remaining_quantity": 0.04
  },
  {
    "event_id": "7fc271d845ee510d50401ec5ce0f808d03d7d5e0d0325515daec1a14b35c3a2b",
    "schema_version": "1.0.0",
    "event_type": "agent_order",
    "source": "synthetic_agent",
    "symbol": "BTCUSDT",
    "exchange": "binance_usdm",
    "timestamp": "2024-05-01T00:00:00.252000Z",
    "sequence": 21,
    "scenario_id": "scenario-403-coordinated_burst",
    "agent_id": "agent-coordinated_burst-0",
    "order_id": "scenario-403-coordinated_burst-agent-coordinated_burst-0-21",
    "action": "new",
    "side": "buy",
    "price": 65416.0806,
    "quantity": 0.04,
    "remaining_quantity": 0.04
  },
  {
    "event_id": "3c4e84694f32fbdc65b2f408cf59e94c30355e3840f01ebaee71aa498f34d2e9",
    "schema_version": "1.0.0",
    "event_type": "agent_order",
    "source": "synthetic_agent",
    "symbol": "BTCUSDT",
    "exchange": "binance_usdm",
    "timestamp": "2024-05-01T00:00:00.264000Z",
    "sequence": 22,
    "scenario_id": "scenario-403-coordinated_burst",
    "agent_id": "agent-coordinated_burst-1",
    "order_id": "scenario-403-coordinated_burst-agent-coordinated_burst-1-22",
    "action": "new",
    "side": "sell",
    "price": 65389.9194,
    "quantity": 0.04,
    "remaining_quantity": 0.04
  },
  {
    "event_id": "33650243516733160600478bbd697601a22ebd1b56225284a7813c3c0a4bebe1",
    "schema_version": "1.0.0",
    "event_type": "agent_order",
    "source": "synthetic_agent",
    "symbol": "BTCUSDT",
    "exchange": "binance_usdm",
    "timestamp": "2024-05-01T00:00:00.276000Z",
    "sequence": 23,
    "scenario_id": "scenario-403-coordinated_burst",
    "agent_id": "agent-coordinated_burst-2",
    "order_id": "scenario-403-coordinated_burst-agent-coordinated_burst-2-23",
    "action": "new",
    "side": "sell",
    "price": 65389.9194,
    "quantity": 0.04,
    "remaining_quantity": 0.04
  },
  {
    "event_id": "1c180fdbe81ca813d82ba7efc2b758b6b9fa4a7ae3c329f9327e61d7344e7a5c",
    "schema_version": "1.0.0",
    "event_type": "agent_order",
    "source": "synthetic_agent",
    "symbol": "BTCUSDT",
    "exchange": "binance_usdm",
    "timestamp": "2024-05-01T00:00:00.288000Z",
    "sequence": 24,
    "scenario_id": "scenario-403-coordinated_burst",
    "agent_id": "agent-coordinated_burst-0",
    "order_id": "scenario-403-coordinated_burst-agent-coordinated_burst-0-24",
    "action": "new",
    "side": "buy",
    "price": 65416.0806,
    "quantity": 0.04,
    "remaining_quantity": 0.04
  },
  {
    "event_id": "4e273e28a4c511cc4fdea2bb395926c6d94df048d9f5ac50903c33054d399bae",
    "schema_version": "1.0.0",
    "event_type": "agent_order",
    "source": "synthetic_agent",
    "symbol": "BTCUSDT",
    "exchange": "binance_usdm",
    "timestamp": "2024-05-01T00:00:03Z",
    "sequence": 25,
    "scenario_id": "scenario-403-coordinated_burst",
    "agent_id": "agent-coordinated_burst-1",
    "order_id": "scenario-403-coordinated_burst-agent-coordinated_burst-1-25",
    "action": "new",
    "side": "sell",
    "price": 65389.9194,
    "quantity": 0.04,
    "remaining_quantity": 0.04
  },
  {
    "event_id": "a302871102b39bcb1c0fb2eba7fc84566531ac46c220546d150d7536f0da47a7",
    "schema_version": "1.0.0",
    "event_type": "agent_order",
    "source": "synthetic_agent",
    "symbol": "BTCUSDT",
    "exchange": "binance_usdm",
    "timestamp": "2024-05-01T00:00:00.312000Z",
    "sequence": 26,
    "scenario_id": "scenario-403-coordinated_burst",
    "agent_id": "agent-coordinated_burst-2",
    "order_id": "scenario-403-coordinated_burst-agent-coordinated_burst-2-26",
    "action": "new",
    "side": "sell",
    "price": 65389.9194,
    "quantity": 0.04,
    "remaining_quantity": 0.04
  },
  {
    "event_id": "0a4831dadf34bbda3b141b0109c43fcad6efe7697779d177bd41b3e507f4ed3e",
    "schema_version": "1.0.0",
    "event_type": "agent_order",
    "source": "synthetic_agent",
    "symbol": "BTCUSDT",
    "exchange": "binance_usdm",
    "timestamp": "2024-05-01T00:00:00.324000Z",
    "sequence": 27,
    "scenario_id": "scenario-403-coordinated_burst",
    "agent_id": "agent-coordinated_burst-0",
    "order_id": "scenario-403-coordinated_burst-agent-coordinated_burst-0-27",
    "action": "new",
    "side": "buy",
    "price": 65416.0806,
    "quantity": 0.04,
    "remaining_quantity": 0.04
  },
  {
    "event_id": "d65c6cd76b4527e507775b0ad024a81c2f9f377cc1abfe4549b4f58cca3b6499",
    "schema_version": "1.0.0",
    "event_type": "agent_order",
    "source": "synthetic_agent",
    "symbol": "BTCUSDT",
    "exchange": "binance_usdm",
    "timestamp": "2024-05-01T00:00:00.336000Z",
    "sequence": 28,
    "scenario_id": "scenario-403-coordinated_burst",
    "agent_id": "agent-coordinated_burst-1",
    "order_id": "scenario-403-coordinated_burst-agent-coordinated_burst-1-28",
    "action": "new",
    "side": "sell",
    "price": 65389.9194,
    "quantity": 0.04,
    "remaining_quantity": 0.04
  },
  {
    "event_id": "e4d9df6184c730fa89ca7c6adf54a47d39f481dea7b08dda17575c2e00ec55cf",
    "schema_version": "1.0.0",
    "event_type": "agent_order",
    "source": "synthetic_agent",
    "symbol": "BTCUSDT",
    "exchange": "binance_usdm",
    "timestamp": "2024-05-01T00:00:00.348000Z",
    "sequence": 29,
    "scenario_id": "scenario-403-coordinated_burst",
    "agent_id": "agent-coordinated_burst-2",
    "order_id": "scenario-403-coordinated_burst-agent-coordinated_burst-2-29",
    "action": "new",
    "side": "sell",
    "price": 65389.9194,
    "quantity": 0.04,
    "remaining_quantity": 0.04
  }
]