[
  {
    "event_id": "3c071cc3233c131afd345e62d54fc151d222564dc6822b43f721ee2114bfbd91",
    "schema_version": "1.0.0",
    "event_type": "agent_order",
    "source": "synthetic_agent",
    "symbol": "BTCUSDT",
    "exchange": "binance_usdm",
    "timestamp": "2024-05-01T00:00:00Z",
    "sequence": 0,
    "scenario_id": "scenario-205-twap_execution",
    "agent_id": "agent-twap_execution",
    "order_id": "scenario-205-twap_execution-agent-twap_execution-0",
    "action": "new",
    "side": "buy",
    "price": 65172.39750000001,
    "quantity": 0.005,
    "remaining_quantity": 0.005
  },
  {
    "event_id": "c6e99fb1a7c0d7ae575d91e49ce7b7205f61426872c0b3ad00ee20cbdf158d5b",
    "schema_version": "1.0.0",
    "event_type": "agent_order",
    "source": "synthetic_agent",
    "symbol": "BTCUSDT",
    "exchange": "binance_usdm",
    "timestamp": "2024-05-01T00:00:01Z",
    "sequence": 1,
    "scenario_id": "scenario-205-twap_execution",
    "agent_id": "agent-twap_execution",
    "order_id": "scenario-205-twap_execution-agent-twap_execution-1",
    "action": "new",
    "side": "buy",
    "price": 65172.39750000001,
    "quantity": 0.005,
    "remaining_quantity": 0.005
  },
  {
    "event_id": "6373a7d38f4d4777185cb531f65b7e04206e7d796ff7f886136076073c93269c",
    "schema_version": "1.0.0",
    "event_type": "agent_order",
    "source": "synthetic_agent",
    "symbol": "BTCUSDT",
    "exchange": "binance_usdm",
    "timestamp": "2024-05-01T00:00:02Z",
    "sequence": 2,
    "scenario_id": "scenario-205-twap_execution",
    "agent_id": "agent-twap_execution",
    "order_id": "scenario-205-twap_execution-agent-twap_execution-2",
    "action": "new",
    "side": "buy",
    "price": 65172.39750000001,
    "quantity": 0.005,
    "remaining_quantity": 0.005
  },
  {
    "event_id": "de2975cb76c48b7371b9e757cfc30cdc5f9b2aeeae093dd9c2b201a80ef5353c",
    "schema_version": "1.0.0",
    "event_type": "agent_order",
    "source": "synthetic_agent",
    "symbol": "BTCUSDT",
    "exchange": "binance_usdm",
    "timestamp": "2024-05-01T00:00:03Z",
    "sequence": 3,
    "scenario_id": "scenario-205-twap_execution",
    "agent_id": "agent-twap_execution",
    "order_id": "scenario-205-twap_execution-agent-twap_execution-3",
    "action": "new",
    "side": "buy",
    "price": 65172.39750000001,
    "quantity": 0.005,
    "remaining_quantity": 0.005
  },
  {
    "event_id": "80ba4f0a504e0faca066f0e429803553a744131caec4713b624bb8085a5e69cd",
    "schema_version": "1.0.0",
    "event_type": "agent_order",
    "source": "synthetic_agent",
    "symbol": "BTCUSDT",
    "exchange": "binance_usdm",
    "timestamp": "2024-05-01T00:00:04Z",
    "sequence": 4,
    "scenario_id": "scenario-205-twap_execution",
    "agent_id": "agent-twap_execution",
    "order_id": "scenario-205-twap_execution-agent-twap_execution-4",
    "action": "new",
    "side": "buy",
    "price": 65172.39750000001,
    "quantity": 0.005,
    "remaining_quantity": 0.005
  },
  {
    "event_id": "db9622496fee4f612d3b9a8a55c1d970ddbd1c3e5501493552dd901a70ffb4c8",
    "schema_version": "1.0.0",
    "event_type": "agent_order",
    "source": "synthetic_agent",
    "symbol": "BTCUSDT",
    "exchange": "binance_usdm",
    "timestamp": "2024-05-01T00:00:05Z",
    "sequence": 5,
    "scenario_id": "scenario-205-twap_execution",
    "agent_id": "agent-twap_execution",
    "order_id": "scenario-205-twap_execution-agent-twap_execution-5",
    "action": "new",
    "side": "buy",
    "price": 65172.39750000001,
    "quantity": 0.005,
    "remaining_quantity": 0.005
  },
  {
    "event_id": "0e498b8c06afe67fa68b09b3c582c7a782b1c877bf094c303154cb8b66012673",
    "schema_version": "1.0.0",
    "event_type": "agent_order",
    "source": "synthetic_agent",
    "symbol": "BTCUSDT",
    "exchange": "binance_usdm",
    "timestamp": "2024-05-01T00:00:06Z",
    "sequence": 6,
    "scenario_id": "scenario-205-twap_execution",
    "agent_id": "agent-twap_execution",
    "order_id": "scenario-205-twap_execution-agent-twap_execution-6",
    "action": "new",
    "side": "buy",
    "price": 65172.39750000001,
    "quantity": 0.005,
    "remaining_quantity": 0.005
  },
  {
    "event_id": "618f5e3484836ecec53ed7c847b8caf4b31e777408888972023963b1afc5d95a",
    "schema_version": "1.0.0",
    "event_type": "agent_order",
    "source": "synthetic_agent",
    "symbol": "BTCUSDT",
    "exchange": "binance_usdm",
    "timestamp": "2024-05-01T00:00:07Z",
    "sequence": 7,
    "scenario_id": "scenario-205-twap_execution",
    "agent_id": "agent-twap_execution",
    "order_id": "scenario-205-twap_execution-agent-twap_execution-7",
    "action": "new",
    "side": "buy",
    "price": 65172.39750000001,
    "quantity": 0.005,
    "remaining_quantity": 0.005
  },
  {
    "event_id": "87607ec6bc0d8b2e8cf3276d8c1ed30e61d28708acf87be9b283f18af01eb211",
    "schema_version": "1.0.0",
    "event_type": "agent_order",
    "source": "synthetic_agent",
    "symbol": "BTCUSDT",
    "exchange": "binance_usdm",
    "timestamp": "2024-05-01T00:00:08Z",
    "sequence": 8,
    "scenario_id": "scenario-205-twap_execution",
    "agent_id": "agent-twap_execution",
    "order_id": "scenario-205-twap_execution-agent-twap_execution-8",
    "action": "new",
    "side": "buy",
    "price": 65172.39750000001,
    "quantity": 0.005,
    "remaining_quantity": 0.005
  },
  {
    "event_id": "77ab2677a2bbb7a44b5415730b88cddb71e7f1dbd335cb797787f0cb16b81b7c",
    "schema_version": "1.0.0",
    "event_type": "agent_order",
    "source": "synthetic_agent",
    "symbol": "BTCUSDT",
    "exchange": "binance_usdm",
    "timestamp": "2024-05-01T00:00:09Z",
    "sequence": 9,
    "scenario_id": "scenario-205-twap_execution",
    "agent_id": "agent-twap_execution",
    "order_id": "scenario-205-twap_execution-agent-twap_execution-9",
    "action": "new",
    "side": "buy",
    "price": 65172.39750000001,
    "quantity": 0.005,
    "remaining_quantity": 0.005
  },
  {
    "event_id": "8fb8096d992edc55d241b40b085eed02c0e9240f50b9021754fdd302bb27e765",
    "schema_version": "1.0.0",
    "event_type": "agent_order",
    "source": "synthetic_agent",
    "symbol": "BTCUSDT",
    "exchange": "binance_usdm",
    "timestamp": "2024-05-01T00:00:10Z",
    "sequence": 10,
    "scenario_id": "scenario-205-twap_execution",
    "agent_id": "agent-twap_execution",
    "order_id": "scenario-205-twap_execution-agent-twap_execution-10",
    "action": "new",
    "side": "buy",
    "price": 65172.39750000001,
    "quantity": 0.005,
    "remaining_quantity": 0.005
  },
  {
    "event_id": "df241dbc09da6f0bbaac5b5d7f35f8a8897834f4a3aa37cc5084664754a809a9",
    "schema_version": "1.0.0",
    "event_type": "agent_order",
    "source": "synthetic_agent",
    "symbol": "BTCUSDT",
    "exchange": "binance_usdm",
    "timestamp": "2024-05-01T00:00:11Z",
    "sequence": 11,
    "scenario_id": "scenario-205-twap_execution",
    "agent_id": "agent-twap_execution",
    "order_id": "scenario-205-twap_execution-agent-twap_execution-11",
    "action": "new",
    "side": "buy",
    "price": 65172.39750000001,
    "quantity": 0.005,
    "remaining_quantity": 0.005
  },
  {
    "event_id": "f4a18c822f1d912d29833737f1a2a3afcfd17137bb503258459b67958e400149",
    "schema_version": "1.0.0",
    "event_type": "agent_order",
    "source": "synthetic_agent",
    "symbol": "BTCUSDT",
    "exchange": "binance_usdm",
    "timestamp": "2024-05-01T00:00:12Z",
    "sequence": 12,
    "scenario_id": "scenario-205-twap_execution",
    "agent_id": "agent-twap_execution",
    "order_id": "scenario-205-twap_execution-agent-twap_execution-12",
    "action": "new",
    "side": "buy",
    "price": 65172.39750000001,
    "quantity": 0.005,
    "remaining_quantity": 0.005
  },
  {
    "event_id": "a0f146ba00a8a81a8ee36e2cb6a619a514bad2db345b0de7386a4bb4326bfeca",
    "schema_version": "1.0.0",
    "event_type": "agent_order",
    "source": "synthetic_agent",
    "symbol": "BTCUSDT",
    "exchange": "binance_usdm",
    "timestamp": "2024-05-01T00:00:13Z",
    "sequence": 13,
    "scenario_id": "scenario-205-twap_execution",
    "agent_id": "agent-twap_execution",
    "order_id": "scenario-205-twap_execution-agent-twap_execution-13",
    "action": "new",
    "side": "buy",
    "price": 65172.39750000001,
    "quantity": 0.005,
    "remaining_quantity": 0.005
  },
  {
    "event_id": "123dcef8e05c5ba35ce57329f91ebcf79d0931354850acd0abcc6e207e50e944",
    "schema_version": "1.0.0",
    "event_type": "agent_order",
    "source": "synthetic_agent",
    "symbol": "BTCUSDT",
    "exchange": "binance_usdm",
    "timestamp": "2024-05-01T00:00:14Z",
    "sequence": 14,
    "scenario_id": "scenario-205-twap_execution",
    "agent_id": "agent-twap_execution",
    "order_id": "scenario-205-twap_execution-agent-twap_execution-14",
    "action": "new",
    "side": "buy",
    "price": 65172.39750000001,
    "quantity": 0.005,
    "remaining_quantity": 0.005
  },
  {
    "event_id": "24ca70891e703bf881b75a812421bb5da6357be1398a725919499c93e11be8e9",
    "schema_version": "1.0.0",
    "event_type": "agent_order",
    "source": "synthetic_agent",
    "symbol": "BTCUSDT",
    "exchange": "binance_usdm",
    "timestamp": "2024-05-01T00:00:15Z",
    "sequence": 15,
    "scenario_id": "scenario-205-twap_execution",
    "agent_id": "agent-twap_execution",
    "order_id": "scenario-205-twap_execution-agent-twap_execution-15",
    "action": "new",
    "side": "buy",
    "price": 65172.39750000001,
    "quantity": 0.005,
    "remaining_quantity": 0.005
  },
  {
    "event_id": "92982913e2b3c4295b84356be9df8cdec3c5800e640ba7570bc56fc2a25639a9",
    "schema_version": "1.0.0",
    "event_type": "agent_order",
    "source": "synthetic_agent",
    "symbol": "BTCUSDT",
    "exchange": "binance_usdm",
    "timestamp": "2024-05-01T00:00:16Z",
    "sequence": 16,
    "scenario_id": "scenario-205-twap_execution",
    "agent_id": "agent-twap_execution",
    "order_id": "scenario-205-twap_execution-agent-twap_execution-16",
    "action": "new",
    "side": "buy",
    "price": 65172.39750000001,
    "quantity": 0.005,
    "remaining_quantity": 0.005
  },
  {
    "event_id": "41620f13dbe28a2ecdc4211d2f5baba0b7b835ca794ff9cf426b6d656bce562d",
    "schema_version": "1.0.0",
    "event_type": "agent_order",
    "source": "synthetic_agent",
    "symbol": "BTCUSDT",
    "exchange": "binance_usdm",
    "timestamp": "2024-05-01T00:00:17Z",
    "sequence": 17,
    "scenario_id": "scenario-205-twap_execution",
    "agent_id": "agent-twap_execution",
    "order_id": "scenario-205-twap_execution-agent-twap_execution-17",
    "action": "new",
    "side": "buy",
    "price": 65172.39750000001,
    "quantity": 0.005,
    "remaining_quantity": 0.005
  },
  {
    "event_id": "a83f163bd2b0af7625265e533e96c4c7550c9901c8c5a0efcb19b7c8c989f9d2",
    "schema_version": "1.0.0",
    "event_type": "agent_order",
    "source": "synthetic_agent",
    "symbol": "BTCUSDT",
    "exchange": "binance_usdm",
    "timestamp": "2024-05-01T00:00:18Z",
    "sequence": 18,
    "scenario_id": "scenario-205-twap_execution",
    "agent_id": "agent-twap_execution",
    "order_id": "scenario-205-twap_execution-agent-twap_execution-18",
    "action": "new",
    "side": "buy",
    "price": 65172.39750000001,
    "quantity": 0.005,
    "remaining_quantity": 0.005
  },
  {
    "event_id": "98d2c65286b51cc9137bb69f026518f840a7005dd599af0d896f1cc0e22aa501",
    "schema_version": "1.0.0",
    "event_type": "agent_order",
    "source": "synthetic_agent",
    "symbol": "BTCUSDT",
    "exchange": "binance_usdm",
    "timestamp": "2024-05-01T00:00:19Z",
    "sequence": 19,
    "scenario_id": "scenario-205-twap_execution",
    "agent_id": "agent-twap_execution",
    "order_id": "scenario-205-twap_execution-agent-twap_execution-19",
    "action": "new",
    "side": "buy",
    "price": 65172.39750000001,
    "quantity": 0.005,
    "remaining_quantity": 0.005
  },
  {
    "event_id": "24df4636821e081c4f5456163af60ec98c0806013d943e0fb19e1583c929cf40",
    "schema_version": "1.0.0",
    "event_type": "agent_order",
    "source": "synthetic_agent",
    "symbol": "BTCUSDT",
    "exchange": "binance_usdm",
    "timestamp": "2024-05-01T00:00:20Z",
    "sequence": 20,
    "scenario_id": "scenario-205-twap_execution",
    "agent_id": "agent-twap_execution",
    "order_id": "scenario-205-twap_execution-agent-twap_execution-20",
    "action": "new",
    "side": "buy",
    "price": 65172.39750000001,
    "quantity": 0.005,
    "remaining_quantity": 0.005
  },
  {
    "event_id": "1c51c1bed2f26172d7b5b406131a18ff98584d04febd425ed3e15bedb1727e08",
    "schema_version": "1.0.0",
    "event_type": "agent_order",
    "source": "synthetic_agent",
    "symbol": "BTCUSDT",
    "exchange": "binance_usdm",
    "timestamp": "2024-05-01T00:00:21Z",
    "sequence": 21,
    "scenario_id": "scenario-205-twap_execution",
    "agent_id": "agent-twap_execution",
    "order_id": "scenario-205-twap_execution-agent-twap_execution-21",
    "action": "new",
    "side": "buy",
    "price": 65172.39750000001,
    "quantity": 0.005,
    "remaining_quantity": 0.005
  },
  {
    "event_id": "c8066f4a511d331a5f6d789e402350edfdcb35422d092976617b18d70ad42553",
    "schema_version": "1.0.0",
    "event_type": "agent_order",
    "source": "synthetic_agent",
    "symbol": "BTCUSDT",
    "exchange": "binance_usdm",
    "timestamp": "2024-05-01T00:00:22Z",
    "sequence": 22,
    "scenario_id": "scenario-205-twap_execution",
    "agent_id": "agent-twap_execution",
    "order_id": "scenario-205-twap_execution-agent-twap_execution-22",
    "action": "new",
    "side": "buy",
    "price": 65172.39750000001,
    "quantity": 0.005,
    "remaining_quantity": 0.005
  },
  {
    "event_id": "5a5462f79338f8d3c411e28c81bd75ed623f5663b4b0f49450e3cdc2cc9a9abe",
    "schema_version": "1.0.0",
    "event_type": "agent_order",
    "source": "synthetic_agent",
    "symbol": "BTCUSDT",
    "exchange": "binance_usdm",
    "timestamp": "2024-05-01T00:00:23Z",
    "sequence": 23,
    "scenario_id": "scenario-205-twap_execution",
    "agent_id": "agent-twap_execution",
    "order_id": "scenario-205-twap_execution-agent-twap_execution-23",
    "action": "new",
    "side": "buy",
    "price": 65172.39750000001,
    "quantity": 0.005,
    "remaining_quantity": 0.005
  },
  {
    "event_id": "fe971ed90c4c621f556a6f277dda86185e4048a736864dfa32fbce8b498286ef",
    "schema_version": "1.0.0",
    "event_type": "agent_order",
    "source": "synthetic_agent",
    "symbol": "BTCUSDT",
    "exchange": "binance_usdm",
    "timestamp": "2024-05-01T00:00:24Z",
    "sequence": 24,
    "scenario_id": "scenario-205-twap_execution",
    "agent_id": "agent-twap_execution",
    "order_id": "scenario-205-twap_execution-agent-twap_execution-24",
    "action": "new",
    "side": "buy",
    "price": 65172.39750000001,
    "quantity": 0.005,
    "remaining_quantity": 0.005
  },
  {
    "event_id": "0fe565a95293a25c41b76b6e7ccb266a17e558168dd2548c1166b8e5d0ae4ca9",
    "schema_version": "1.0.0",
    "event_type": "agent_order",
    "source": "synthetic_agent",
    "symbol": "BTCUSDT",
    "exchange": "binance_usdm",
    "timestamp": "2024-05-01T00:00:25Z",
    "sequence": 25,
    "scenario_id": "scenario-205-twap_execution",
    "agent_id": "agent-twap_execution",
    "order_id": "scenario-205-twap_execution-agent-twap_execution-25",
    "action": "new",
    "side": "buy",
    "price": 65172.39750000001,
    "quantity": 0.005,
    "remaining_quantity": 0.005
  },
  {
    "event_id": "b14a79cab9961ca7b6c9059ebaba3aa8ea1bcdb6a78cafe7dbcd4cc0bb662051",
    "schema_version": "1.0.0",
    "event_type": "agent_order",
    "source": "synthetic_agent",
    "symbol": "BTCUSDT",
    "exchange": "binance_usdm",
    "timestamp": "2024-05-01T00:00:26Z",
    "sequence": 26,
    "scenario_id": "scenario-205-twap_execution",
    "agent_id": "agent-twap_execution",
    "order_id": "scenario-205-twap_execution-agent-twap_execution-26",
    "action": "new",
    "side": "buy",
    "price": 65172.39750000001,
    "quantity": 0.005,
    "remaining_quantity": 0.005
  },
  {
    "event_id": "7988655eac867fc408a40237e4bca1b8534680690bd45da31e415541ddae0402",
    "schema_version": "1.0.0",
    "event_type": "agent_order",
    "source": "synthetic_agent",
    "symbol": "BTCUSDT",
    "exchange": "binance_usdm",
    "timestamp": "2024-05-01T00:00:27Z",
    "sequence": 27,
    "scenario_id": "scenario-205-twap_execution",
    "agent_id": "agent-twap_execution",
    "order_id": "scenario-205-twap_execution-agent-twap_execution-27",
    "action": "new",
    "side": "buy",
    "price": 65172.39750000001,
    "quantity": 0.005,
    "remaining_quantity": 0.005
  },
  {
    "event_id": "4a364edd99c56eb6d1ffc7e850b148dfa4ae3f90ae922acf119828d342b58eef",
    "schema_version": "1.0.0",
    "event_type": "agent_order",
    "source": "synthetic_agent",
    "symbol": "BTCUSDT",
    "exchange": "binance_usdm",
    "timestamp": "2024-05-01T00:00:28Z",
    "sequence": 28,
    "scenario_id": "scenario-205-twap_execution",
    "agent_id": "agent-twap_execution",
    "order_id": "scenario-205-twap_execution-agent-twap_execution-28",
    "action": "new",
    "side": "buy",
    "price": 65172.39750000001,
    "quantity": 0.005,
    "remaining_quantity": 0.005
  },
  {
    "event_id": "045dcb1203a8fc904bceca84e5cf9f6e31426080afe7de4f99158d811891591e",
    "schema_version": "1.0.0",
    "event_type": "agent_order",
    "source": "synthetic_agent",
    "symbol": "BTCUSDT",
    "exchange": "binance_usdm",
    "timestamp": "2024-05-01T00:00:29Z",
    "sequence": 29,
    "scenario_id": "scenario-205-twap_execution",
    "agent_id": "agent-twap_execution",
    "order_id": "scenario-205-twap_execution-agent-twap_execution-29",
    "action": "new",
    "side": "buy",
    "price": 65172.39750000001,
    "quantity": 0.005,
    "remaining_quantity": 0.005
  }
]