[
  {
    "event_id": "f7a2948ab204246a8a01c3b51ce482bcc96ce3c0c59e310bf81975498d1f4705",
    "schema_version": "1.0.0",
    "event_type": "agent_order",
    "source": "synthetic_agent",
    "symbol": "BTCUSDT",
    "exchange": "binance_usdm",
    "timestamp": "2024-05-01T00:00:00Z",
    "sequence": 0,
    "scenario_id": "scenario-579-spoofing_layering",
    "agent_id": "agent-spoofing_layering",
    "order_id": "scenario-579-spoofing_layering-agent-spoofing_layering-0",
    "action": "new",
    "side": "sell",
    "price": 65611.7895,
    "quantity": 0.5,
    "remaining_quantity": 0.5
  },
  {
    "event_id": "94c5b307f27b6edabd5ce4d6e22ecf6a4267488a9b5b8ad771223a3bff55059b",
    "schema_version": "1.0.0",
    "event_type": "agent_order",
    "source": "synthetic_agent",
    "symbol": "BTCUSDT",
    "exchange": "binance_usdm",
    "timestamp": "2024-05-01T00:00:00.050000Z",
    "sequence": 1,
    "scenario_id": "scenario-579-spoofing_layering",
    "agent_id": "agent-spoofing_layering",
    "order_id": "scenario-579-spoofing_layering-agent-spoofing_layering-1",
    "action": "new",
    "side": "sell",
    "price": 65612.44529,
    "quantity": 0.5,
    "remaining_quantity": 0.5
  },
  {
    "event_id": "099efb8e16399ac61c9576456f9a7635275c9b11b620f18e00fa1f40e0d73211",
    "schema_version": "1.0.0",
    "event_type": "agent_order",
    "source": "synthetic_agent",
    "symbol": "BTCUSDT",
    "exchange": "binance_usdm",
    "timestamp": "2024-05-01T00:00:00.100000Z",
    "sequence": 2,
    "scenario_id": "scenario-579-spoofing_layering",
    "agent_id": "agent-spoofing_layering",
    "order_id": "scenario-579-spoofing_layering-agent-spoofing_layering-2",
    "action": "new",
    "side": "sell",
    "price": 65613.10108,
    "quantity": 0.5,
    "remaining_quantity": 0.5
  },
  {
    "event_id": "7398417a06d5c4a57195db69f840085ea0146492e15719d4d3e2535702f48e74",
    "schema_version": "1.0.0",
    "event_type": "agent_order",
    "source": "synthetic_agent",
    "symbol": "BTCUSDT",
    "exchange": "binance_usdm",
    "timestamp": "2024-05-01T00:00:00.150000Z",
    "sequence": 3,
    "scenario_id": "scenario-579-spoofing_layering",
    "agent_id": "agent-spoofing_layering",
    "order_id": "scenario-579-spoofing_layering-agent-spoofing_layering-3",
    "action": "new",
    "side": "sell",
    "price": 65613.75687,
    "quantity": 0.5,
    "remaining_quantity": 0.5
  },
  {
    "event_id": "80dcc355cbff75db5f4dbd6556d943ac66dbe9fccc383374b30c7b5bbb6fa02d",
    "schema_version": "1.0.0",
    "event_type": "agent_order",
    "source": "synthetic_agent",
    "symbol": "BTCUSDT",
    "exchange": "binance_usdm",
    "timestamp": "2024-05-01T00:00:00.200000Z",
    "sequence": 4,
    "scenario_id": "scenario-579-spoofing_layering",
    "agent_id": "agent-spoofing_layering",
    "order_id": "scenario-579-spoofing_layering-agent-spoofing_layering-4",
    "action": "new",
    "side": "sell",
    "price": 65614.41266,
    "quantity": 0.5,
    "remaining_quantity": 0.5
  },
  {
    "event_id": "61f6bcdabac6d29467e8bd4810671c8eaf8cf1351dee0cd2b082bd67e6937a06",
    "schema_version": "1.0.0",
    "event_type": "agent_order",
    "source": "synthetic_agent",
    "symbol": "BTCUSDT",
    "exchange": "binance_usdm",
    "timestamp": "2024-05-01T00:00:00.250000Z",
    "sequence": 5,
    "scenario_id": "scenario-579-spoofing_layering",
    "agent_id": "agent-spoofing_layering",
    "order_id": "scenario-579-spoofing_layering-agent-spoofing_layering-5",
    "action": "new",
    "side": "sell",
    "price": 65615.06845,
    "quantity": 0.5,
    "remaining_quantity": 0.5
  },
  {
    "event_id": "1cfe4d0b69c1e02eb7332dc22bb7c1e7e433dda7548a218a50d8ae3a6da430b8",
    "schema_version": "1.0.0",
    "event_type": "agent_order",
    "source": "synthetic_agent",
    "symbol": "BTCUSDT",
    "exchange": "binance_usdm",
    "timestamp": "2024-05-01T00:00:00.300000Z",
    "sequence": 6,
    "scenario_id": "scenario-579-spoofing_layering",
    "agent_id": "agent-spoofing_layering",
    "order_id": "scenario-579-spoofing_layering-agent-spoofing_layering-6",
    "action": "new",
    "side": "sell",
    "price": 65615.72424,
    "quantity": 0.5,
    "remaining_quantity": 0.5
  },
  {
    "event_id": "28119f7ef6f827bb8a830366c8e6b91d795c9e1f46ee0da9e03bf42ac7b00e29",
    "schema_version": "1.0.0",
    "event_type": "agent_order",
    "source": "synthetic_agent",
    "symbol": "BTCUSDT",
    "exchange": "binance_usdm",
    "timestamp": "2024-05-01T00:00:00.350000Z",
    "sequence": 7,
    "scenario_id": "scenario-579-spoofing_layering",
    "agent_id": "agent-spoofing_layering",
    "order_id": "scenario-579-spoofing_layering-agent-spoofing_layering-7",
    "action": "new",
    "side": "sell",
    "price": 65616.38003,
    "quantity": 0.5,
    "remaining_quantity": 0.5
  },
  {
    "event_id": "e65307914f8772eae4f39516093cb3b6c33377f861946b38d0b32a6c3ed44f5e",
    "schema_version": "1.0.0",
    "event_type": "agent_order",
    "source": "synthetic_agent",
    "symbol": "BTCUSDT",
    "exchange": "binance_usdm",
    "timestamp": "2024-05-01T00:00:00.400000Z",
    "sequence": 8,
    "scenario_id": "scenario-579-spoofing_layering",
    "agent_id": "agent-spoofing_layering",
    "order_id": "scenario-579-spoofing_layering-agent-spoofing_layering-8",
    "action": "new",
    "side": "sell",
    "price": 65617.03582,
    "quantity": 0.5,
    "remaining_quantity": 0.5
  },
  {
    "event_id": "3d13ade3f37c838e1c6ae0f833cc007c74207520bddda7e9cb65fc1c59d616bb",
    "schema_version": "1.0.0",
    "event_type": "agent_order",
    "source": "synthetic_agent",
    "symbol": "BTCUSDT",
    "exchange": "binance_usdm",
    "timestamp": "2024-05-01T00:00:00.450000Z",
    "sequence": 9,
    "scenario_id": "scenario-579-spoofing_layering",
    "agent_id": "agent-spoofing_layering",
    "order_id": "scenario-579-spoofing_layering-agent-spoofing_layering-9",
    "action": "new",
    "side": "sell",
    "price": 65617.69161,
    "quantity": 0.5,
    "remaining_quantity": 0.5
  },
  {
    "event_id": "bf238b83e64d80003c98a022b4e27048ccb74c21174b5f8985f3d080f68c5923",
    "schema_version": "1.0.0",
    "event_type": "agent_order",
    "source": "synthetic_agent",
    "symbol": "BTCUSDT",
    "exchange": "binance_usdm",
    "timestamp": "2024-05-01T00:00:00.500000Z",
    "sequence": 10,
    "scenario_id": "scenario-579-spoofing_layering",
    "agent_id": "agent-spoofing_layering",
    "order_id": "scenario-579-spoofing_layering-agent-spoofing_layering-10",
    "action": "new",
    "side": "sell",
    "price": 65618.3474,
    "quantity": 0.5,
    "remaining_quantity": 0.5
  },
  {
    "event_id": "dab6e9aedd81ca745cc607aba3b19e33ad95f5855f129c761a5c928b56b4716c",
    "schema_version": "1.0.0",
    "event_type": "agent_order",
    "source": "synthetic_agent",
    "symbol": "BTCUSDT",
    "exchange": "binance_usdm",
    "timestamp": "2024-05-01T00:00:00.550000Z",
    "sequence": 11,
    "scenario_id": "scenario-579-spoofing_layering",
    "agent_id": "agent-spoofing_layering",
    "order_id": "scenario-579-spoofing_layering-agent-spoofing_layering-11",
    "action": "new",
    "side": "sell",
    "price": 65619.00319,
    "quantity": 0.5,
    "remaining_quantity": 0.5
  },
  {
    "event_id": "5eff8849fd39188e6dee6155f405038995d87ad598e20846fe8e59b1ef05a922",
    "schema_version": "1.0.0",
    "event_type": "agent_order",
    "source": "synthetic_agent",
    "symbol": "BTCUSDT",
    "exchange": "binance_usdm",
    "timestamp": "2024-05-01T00:00:00.600000Z",
    "sequence": 12,
    "scenario_id": "scenario-579-spoofing_layering",
    "agent_id": "agent-spoofing_layering",
    "order_id": "scenario-579-spoofing_layering-agent-spoofing_layering-12",
    "action": "new",
    "side": "sell",
    "price": 65619.65898,
    "quantity": 0.5,
    "remaining_quantity": 0.5
  },
  {
    "event_id": "80a5317f8204f5fa1c826ef5ae48ed486546b9b36e0ea82042b14687c07996d9",
    "schema_version": "1.0.0",
    "event_type": "agent_order",
    "source": "synthetic_agent",
    "symbol": "BTCUSDT",
    "exchange": "binance_usdm",
    "timestamp": "2024-05-01T00:00:00.650000Z",
    "sequence": 13,
    "scenario_id": "scenario-579-spoofing_layering",
    "agent_id": "agent-spoofing_layering",
    "order_id": "scenario-579-spoofing_layering-agent-spoofing_layering-13",
    "action": "new",
    "side": "sell",
    "price": 65620.31477,
    "quantity": 0.5,
    "remaining_quantity": 0.5
  },
  {
    "event_id": "e61b285dbb3b9834815a355d0e6026868c8c81910d4554320c4d92216b3b0fb8",
    "schema_version": "1.0.0",
    "event_type": "agent_order",
    "source": "synthetic_agent",
    "symbol": "BTCUSDT",
    "exchange": "binance_usdm",
    "timestamp": "2024-05-01T00:00:00.700000Z",
    "sequence": 14,
    "scenario_id": "scenario-579-spoofing_layering",
    "agent_id": "agent-spoofing_layering",
    "order_id": "scenario-579-spoofing_layering-agent-spoofing_layering-14",
    "action": "new",
    "side": "sell",
    "price": 65620.97056,
    "quantity": 0.5,
    "remaining_quantity": 0.5
  },
  {
    "event_id": "0daca65984681c45944999b9fe7434fccb05853a19f6c8db179d6ebf6e582994",
    "schema_version": "1.0.0",
    "event_type": "agent_order",
    "source": "synthetic_agent",
    "symbol": "BTCUSDT",
    "exchange": "binance_usdm",
    "timestamp": "2024-05-01T00:00:00.750000Z",
    "sequence": 15,
    "scenario_id": "scenario-579-spoofing_layering",
    "agent_id": "agent-spoofing_layering",
    "order_id": "scenario-579-spoofing_layering-agent-spoofing_layering-15",
    "action": "new",
    "side": "sell",
    "price": 65621.62635,
    "quantity": 0.5,
    "remaining_quantity": 0.5
  },
  {
    "event_id": "06bd112b7fc7ea35356685a437c9095abea1ae8dc07a375b6946f0e3ee6a16e9",
    "schema_version": "1.0.0",
    "event_type": "agent_order",
    "source": "synthetic_agent",
    "symbol": "BTCUSDT",
    "exchange": "binance_usdm",
    "timestamp": "2024-05-01T00:00:00.800000Z",
    "sequence": 16,
    "scenario_id": "scenario-579-spoofing_layering",
    "agent_id": "agent-spoofing_layering",
    "order_id": "scenario-579-spoofing_layering-agent-spoofing_layering-16",
    "action": "new",
    "side": "sell",
    "price": 65622.28214,
    "quantity": 0.5,
    "remaining_quantity": 0.5
  },
  {
    "event_id": "278b899964720b1738d55e11eb321f0bf3c6163e58005c96cbf6d25f92e02c0f",
    "schema_version": "1.0.0",
    "event_type": "agent_order",
    "source": "synthetic_agent",
    "symbol": "BTCUSDT",
    "exchange": "binance_usdm",
    "timestamp": "2024-05-01T00:00:00.850000Z",
    "sequence": 17,
    "scenario_id": "scenario-579-spoofing_layering",
    "agent_id": "agent-spoofing_layering",
    "order_id": "scenario-579-spoofing_layering-agent-spoofing_layering-17",
    "action": "new",
    "side": "sell",
    "price": 65622.93793,
    "quantity": 0.5,
    "remaining_quantity": 0.5
  },
  {
    "event_id": "44afc33118bbf1b9f9752580e74aa20070e94a574daa9da36d24d1894af1bec2",
    "schema_version": "1.0.0",
    "event_type": "agent_order",
    "source": "synthetic_agent",
    "symbol": "BTCUSDT",
    "exchange": "binance_usdm",
    "timestamp": "2024-05-01T00:00:00.900000Z",
    "sequence": 18,
    "scenario_id": "scenario-579-spoofing_layering",
    "agent_id": "agent-spoofing_layering",
    "order_id": "scenario-579-spoofing_layering-agent-spoofing_layering-18",
    "action": "new",
    "side": "sell",
    "price": 65623.59372,
    "quantity": 0.5,
    "remaining_quantity": 0.5
  },
  {
    "event_id": "38e17dd1144529f8558570091e0c2827444cb888479f3dd841b07fc65f737e16",
    "schema_version": "1.0.0",
    "event_type": "agent_order",
    "source": "synthetic_agent",
    "symbol": "BTCUSDT",
    "exchange": "binance_usdm",
    "timestamp": "2024-05-01T00:00:00.950000Z",
    "sequence": 19,
    "scenario_id": "scenario-579-spoofing_layering",
    "agent_id": "agent-spoofing_layering",
    "order_id": "scenario-579-spoofing_layering-agent-spoofing_layering-19",
    "action": "new",
    "side": "sell",
    "price": 65624.24951,
    "quantity": 0.5,
    "remaining_quantity": 0.5
  },
  {
    "event_id": "c7fd0905bf4b1efed184b8a7e12f80adc37876c68d5550430bef04e7d2640c9c",
    "schema_version": "1.0.0",
    "event_type": "agent_order",
    "source": "synthetic_agent",
    "symbol": "BTCUSDT",
    "exchange": "binance_usdm",
    "timestamp": "2024-05-01T00:00:01Z",
    "sequence": 20,
    "scenario_id": "scenario-579-spoofing_layering",
    "agent_id": "agent-spoofing_layering",
    "order_id": "scenario-579-spoofing_layering-agent-spoofing_layering-20",
    "action": "new",
    "side": "sell",
    "price": 65624.9053,
    "quantity": 0.5,
    "remaining_quantity": 0.5
  },
  {
    "event_id": "e53ccc25ea3339ac9cf046d3a1c4d7343b3024b4fedd60bbe132d88b5df3e42e",
    "schema_version": "1.0.0",
    "event_type": "agent_order",
    "source": "synthetic_agent",
    "symbol": "BTCUSDT",
    "exchange": "binance_usdm",
    "timestamp": "2024-05-01T00:00:01.050000Z",
    "sequence": 21,
    "scenario_id": "scenario-579-spoofing_layering",
    "agent_id": "agent-spoofing_layering",
    "order_id": "scenario-579-spoofing_layering-agent-spoofing_layering-21",
    "action": "new",
    "side": "sell",
    "price": 65625.56109,
    "quantity": 0.5,
    "remaining_quantity": 0.5
  },
  {
    "event_id": "7ebffde61d0eea0cc4b1863c88ec0b5f2cd2063c2317c83ddb911eec12d463ec",
    "schema_version": "1.0.0",
    "event_type": "agent_order",
    "source": "synthetic_agent",
    "symbol": "BTCUSDT",
    "exchange": "binance_usdm",
    "timestamp": "2024-05-01T00:00:01.100000Z",
    "sequence": 22,
    "scenario_id": "scenario-579-spoofing_layering",
    "agent_id": "agent-spoofing_layering",
    "order_id": "scenario-579-spoofing_layering-agent-spoofing_layering-22",
    "action": "new",
    "side": "sell",
    "price": 65626.21688,
    "quantity": 0.5,
    "remaining_quantity": 0.5
  },
  {
    "event_id": "e93caf7f2b261af7d208cd0dd6f08792aead2203c9284e8005f41afe11983a9d",
    "schema_version": "1.0.0",
    "event_type": "agent_order",
    "source": "synthetic_agent",
    "symbol": "BTCUSDT",
    "exchange": "binance_usdm",
    "timestamp": "2024-05-01T00:00:01.150000Z",
    "sequence": 23,
    "scenario_id": "scenario-579-spoofing_layering",
    "agent_id": "agent-spoofing_layering",
    "order_id": "scenario-579-spoofing_layering-agent-spoofing_layering-23",
    "action": "new",
    "side": "sell",
    "price": 65626.87267,
    "quantity": 0.5,
    "remaining_quantity": 0.5
  },
  {
    "event_id": "cc12c08e927b13c9023373af57b8b9116f922ea13e2c4221b174c0924ea957a8",
    "schema_version": "1.0.0",
    "event_type": "agent_order",
    "source": "synthetic_agent",
    "symbol": "BTCUSDT",
    "exchange": "binance_usdm",
    "timestamp": "2024-05-01T00:00:01.200000Z",
    "sequence": 24,
    "scenario_id": "scenario-579-spoofing_layering",
    "agent_id": "agent-spoofing_layering",
    "order_id": "scenario-579-spoofing_layering-agent-spoofing_layering-24",
    "action": "new",
    "side": "sell",
    "price": 65627.52846,
    "quantity": 0.5,
    "remaining_quantity": 0.5
  },
  {
    "event_id": "6be640f0f16d3fdde3f9b84c3ae2670dabc5450597bae82108b9f528e20f5cf7",
    "schema_version": "1.0.0",
    "event_type": "agent_order",
    "source": "synthetic_agent",
    "symbol": "BTCUSDT",
    "exchange": "binance_usdm",
    "timestamp": "2024-05-01T00:00:01.250000Z",
    "sequence": 25,
    "scenario_id": "scenario-579-spoofing_layering",
    "agent_id": "agent-spoofing_layering",
    "order_id": "scenario-579-spoofing_layering-agent-spoofing_layering-25",
    "action": "new",
    "side": "sell",
    "price": 65628.18425,
    "quantity": 0.5,
    "remaining_quantity": 0.5
  },
  {
    "event_id": "c3aa03c1f730125aa8a7edcd800aa93b0f2a7f979d354f86e8b6c1f906fb2d37",
    "schema_version": "1.0.0",
    "event_type": "agent_order",
    "source": "synthetic_agent",
    "symbol": "BTCUSDT",
    "exchange": "binance_usdm",
    "timestamp": "2024-05-01T00:00:01.300000Z",
    "sequence": 26,
    "scenario_id": "scenario-579-spoofing_layering",
    "agent_id": "agent-spoofing_layering",
    "order_id": "scenario-579-spoofing_layering-agent-spoofing_layering-26",
    "action": "new",
    "side": "sell",
    "price": 65628.84004,
    "quantity": 0.5,
    "remaining_quantity": 0.5
  },
  {
    "event_id": "60d09f6f2a16d14e88a7e86b907d571c345a97040e15101c78efbeaa8d9bbcf5",
    "schema_version": "1.0.0",
    "event_type": "agent_order",
    "source": "synthetic_agent",
    "symbol": "BTCUSDT",
    "exchange": "binance_usdm",
    "timestamp": "2024-05-01T00:00:01.350000Z",
    "sequence": 27,
    "scenario_id": "scenario-579-spoofing_layering",
    "agent_id": "agent-spoofing_layering",
    "order_id": "scenario-579-spoofing_layering-agent-spoofing_layering-27",
    "action": "new",
    "side": "sell",
    "price": 65629.49583,
    "quantity": 0.5,
    "remaining_quantity": 0.5
  },
  {
    "event_id": "f62a7ee31100cc9de6331f126ea06e03a7901d2dc0a85d911d2263332c42d443",
    "schema_version": "1.0.0",
    "event_type": "agent_order",
    "source": "synthetic_agent",
    "symbol": "BTCUSDT",
    "exchange": "binance_usdm",
    "timestamp": "2024-05-01T00:00:01.400000Z",
    "sequence": 28,
    "scenario_id": "scenario-579-spoofing_layering",
    "agent_id": "agent-spoofing_layering",
    "order_id": "scenario-579-spoofing_layering-agent-spoofing_layering-28",
    "action": "new",
    "side": "sell",
    "price": 65630.15162,
    "quantity": 0.5,
    "remaining_quantity": 0.5
  },
  {
    "event_id": "a2caffddb3537cdee327887fea12f97e53268410d2ba7b81b37a0c1636449aa9",
    "schema_version": "1.0.0",
    "event_type": "agent_order",
    "source": "synthetic_agent",
    "symbol": "BTCUSDT",
    "exchange": "binance_usdm",
    "timestamp": "2024-05-01T00:00:01.450000Z",
    "sequence": 29,
    "scenario_id": "scenario-579-spoofing_layering",
    "agent_id": "agent-spoofing_layering",
    "order_id": "scenario-579-spoofing_layering-agent-spoofing_layering-29",
    "action": "new",
    "side": "sell",
    "price": 65630.80741,
    "quantity": 0.5,
    "remaining_quantity": 0.5
  }
]