[
  {
    "event_id": "441a9194b5a1f48e87bc85986e05d8bcc7ba3ce10609c62146e7877f1fa747cb",
    "schema_version": "1.0.0",
    "event_type": "agent_order",
    "source": "synthetic_agent",
    "symbol": "BTCUSDT",
    "exchange": "binance_usdm",
    "timestamp": "2024-05-01T00:00:00Z",
    "sequence": 0,
    "scenario_id": "scenario-487-coordinated_burst",
    "agent_id": "agent-coordinated_burst-0",
    "order_id": "scenario-487-coordinated_burst-agent-coordinated_burst-0-0",
    "action": "new",
    "side": "buy",
    "price": 65500.0974,
    "quantity": 0.04,
    "remaining_quantity": 0.04
  },
  {
    "event_id": "915145f19d59a02990e0a39f8d2e05fdedcaf9608f09a54973745b1775dd6e7c",
    "schema_version": "1.0.0",
    "event_type": "agent_order",
    "source": "synthetic_agent",
    "symbol": "BTCUSDT",
    "exchange": "binance_usdm",
    "timestamp": "2024-05-01T00:00:00.012000Z",
    "sequence": 1,
    "scenario_id": "scenario-487-coordinated_burst",
    "agent_id": "agent-coordinated_burst-1",
    "order_id": "scenario-487-coordinated_burst-agent-coordinated_burst-1-1",
    "action": "new",
    "side": "sell",
    "price": 65473.9026,
    "quantity": 0.04,
    "remaining_quantity": 0.04
  },
  {
    "event_id": "ea5dd2d4047971d71aa0132e7d98aee98f84ad9a2919fbc07bf28ecdd5618730",
    "schema_version": "1.0.0",
    "event_type": "agent_order",
    "source": "synthetic_agent",
    "symbol": "BTCUSDT",
    "exchange": "binance_usdm",
    "timestamp": "2024-05-01T00:00:00.024000Z",
    "sequence": 2,
    "scenario_id": "scenario-487-coordinated_burst",
    "agent_id": "agent-coordinated_burst-2",
    "order_id": "scenario-487-coordinated_burst-agent-coordinated_burst-2-2",
    "action": "new",
    "side": "sell",
    "price": 65473.9026,
    "quantity": 0.04,
    "remaining_quantity": 0.04
  },
  {
    "event_id": "2168ade917dbb79157a4060a54f0982748ed5b5587bc8b5e3c5dcd98686f4619",
    "schema_version": "1.0.0",
    "event_type": "agent_order",
    "source": "synthetic_agent",
    "symbol": "BTCUSDT",
    "exchange": "binance_usdm",
    "timestamp": "2024-05-01T00:00:00.036000Z",
    "sequence": 3,
    "scenario_id": "scenario-487-coordinated_burst",
    "agent_id": "agent-coordinated_burst-0",
    "order_id": "scenario-487-coordinated_burst-agent-coordinated_burst-0-3",
    "action": "new",
    "side": "buy",
    "price": 65500.0974,
    "quantity": 0.04,
    "remaining_quantity": 0.04
  },
  {
    "event_id": "79755f0f10b8ba7f020b143c50ec3d6b470f3ec0f25c07f8292884cabb8cde88",
    "schema_version": "1.0.0",
    "event_type": "agent_order",
    "source": "synthetic_agent",
    "symbol": "BTCUSDT",
    "exchange": "binance_usdm",
    "timestamp": "2024-05-01T00:00:00.048000Z",
    "sequence": 4,
    "scenario_id": "scenario-487-coordinated_burst",
    "agent_id": "agent-coordinated_burst-1",
    "order_id": "scenario-487-coordinated_burst-agent-coordinated_burst-1-4",
    "action": "new",
    "side": "sell",
    "price": 65473.9026,
    "quantity": 0.04,
    "remaining_quantity": 0.04
  },
  {
    "event_id": "776785f80ccb00d09b0c90d4b5a2574008343a2d1388b91fde8018524a4cab80",
    "schema_version": "1.0.0",
    "event_type": "agent_order",
    "source": "synthetic_agent",
    "symbol": "BTCUSDT",
    "exchange": "binance_usdm",
    "timestamp": "2024-05-01T00:00:00.600000Z",
    "sequence": 5,
    "scenario_id": "scenario-487-coordinated_burst",
    "agent_id": "agent-coordinated_burst-2",
    "order_id": "scenario-487-coordinated_burst-agent-coordinated_burst-2-5",
    "action": "new",
    "side": "sell",
    "price": 65473.9026,
    "quantity": 0.04,
    "remaining_quantity": 0.04
  },
  {
    "event_id": "60bcf3aea87c29fb9e51df9ea7b1df4ad5b050f2fe816970180c2233522de5aa",
    "schema_version": "1.0.0",
    "event_type": "agent_order",
    "source": "synthetic_agent",
    "symbol": "BTCUSDT",
    "exchange": "binance_usdm",
    "timestamp": "2024-05-01T00:00:00.072000Z",
    "sequence": 6,
    "scenario_id": "scenario-487-coordinated_burst",
    "agent_id": "agent-coordinated_burst-0",
    "order_id": "scenario-487-coordinated_burst-agent-coordinated_burst-0-6",
    "action": "new",
    "side": "buy",
    "price": 65500.0974,
    "quantity": 0.04,
    "remaining_quantity": 0.04
  },
  {
    "event_id": "ad0f0684b6346305fcb3da46c3faae636ca5c6f5e5857edb51ac0a92fa3c6a82",
    "schema_version": "1.0.0",
    "event_type": "agent_order",
    "source": "synthetic_agent",
    "symbol": "BTCUSDT",
    "exchange": "binance_usdm",
    "timestamp": "2024-05-01T00:00:00.084000Z",
    "sequence": 7,
    "scenario_id": "scenario-487-coordinated_burst",
    "agent_id": "agent-coordinated_burst-1",
    "order_id": "scenario-487-coordinated_burst-agent-coordinated_burst-1-7",
    "action": "new",
    "side": "sell",
    "price": 65473.9026,
    "quantity": 0.04,
    "remaining_quantity": 0.04
  },
  {
    "event_id": "4a395330b036947bb03ef9aad7cda34a7ee967d33e2f81dbcffdcaa1e5751cc5",
    "schema_version": "1.0.0",
    "event_type": "agent_order",
    "source": "synthetic_agent",
    "symbol": "BTCUSDT",
    "exchange": "binance_usdm",
    "timestamp": "2024-05-01T00:00:00.096000Z",
    "sequence": 8,
    "scenario_id": "scenario-487-coordinated_burst",
    "agent_id": "agent-coordinated_burst-2",
    "order_id": "scenario-487-coordinated_burst-agent-coordinated_burst-2-8",
    "action": "new",
    "side": "sell",
    "price": 65473.9026,
    "quantity": 0.04,
    "remaining_quantity": 0.04
  },
  {
    "event_id": "60cd54d3323adb82ec9c0458a25964bd43aa2703b2f361577a1ffa9c7346890c",
    "schema_version": "1.0.0",
    "event_type": "agent_order",
    "source": "synthetic_agent",
    "symbol": "BTCUSDT",
    "exchange": "binance_usdm",
    "timestamp": "2024-05-01T00:00:00.108000Z",
    "sequence": 9,
    "scenario_id": "scenario-487-coordinated_burst",
    "agent_id": "agent-coordinated_burst-0",
    "order_id": "scenario-487-coordinated_burst-agent-coordinated_burst-0-9",
    "action": "new",
    "side": "buy",
    "price": 65500.0974,
    "quantity": 0.04,
    "remaining_quantity": 0.04
  },
  {
    "event_id": "fdbec4e6f5b24d4e2f310b75ad111e9aecc0801d3624185dc86ed0d8f9519c18",
    "schema_version": "1.0.0",
    "event_type": "agent_order",
    "source": "synthetic_agent",
    "symbol": "BTCUSDT",
    "exchange": "binance_usdm",
    "timestamp": "2024-05-01T00:00:01.200000Z",
    "sequence": 10,
    "scenario_id": "scenario-487-coordinated_burst",
    "agent_id": "agent-coordinated_burst-1",
    "order_id": "scenario-487-coordinated_burst-agent-coordinated_burst-1-10",
    "action": "new",
    "side": "sell",
    "price": 65473.9026,
    "quantity": 0.04,
    "remaining_quantity": 0.04
  },
  {
    "event_id": "c3c19ef2e48e2447143024ee352e0546cbe6b807e10a6bffd3d2e25247164e47",
    "schema_version": "1.0.0",
    "event_type": "agent_order",
    "source": "synthetic_agent",
    "symbol": "BTCUSDT",
    "exchange": "binance_usdm",
    "timestamp": "2024-05-01T00:00:00.132000Z",
    "sequence": 11,
    "scenario_id": "scenario-487-coordinated_burst",
    "agent_id": "agent-coordinated_burst-2",
    "order_id": "scenario-487-coordinated_burst-agent-coordinated_burst-2-11",
    "action": "new",
    "side": "sell",
    "price": 65473.9026,
    "quantity": 0.04,
    "remaining_quantity": 0.04
  },
  {
    "event_id": "6bf09b133beee26bef427208325f0cb1ae9652c9e2ddf4cef021fccead884de5",
    "schema_version": "1.0.0",
    "event_type": "agent_order",
    "source": "synthetic_agent",
    "symbol": "BTCUSDT",
    "exchange": "binance_usdm",
    "timestamp": "2024-05-01T00:00:00.144000Z",
    "sequence": 12,
    "scenario_id": "scenario-487-coordinated_burst",
    "agent_id": "agent-coordinated_burst-0",
    "order_id": "scenario-487-coordinated_burst-agent-coordinated_burst-0-12",
    "action": "new",
    "side": "buy",
    "price": 65500.0974,
    "quantity": 0.04,
    "remaining_quantity": 0.04
  },
  {
    "event_id": "fdacaed63b08959302499bfadb7a703f7d7c0032bab575fb43ced2e2952fbfe6",
    "schema_version": "1.0.0",
    "event_type": "agent_order",
    "source": "synthetic_agent",
    "symbol": "BTCUSDT",
    "exchange": "binance_usdm",
    "timestamp": "2024-05-01T00:00:00.156000Z",
    "sequence": 13,
    "scenario_id": "scenario-487-coordinated_burst",
    "agent_id": "agent-coordinated_burst-1",
    "order_id": "scenario-487-coordinated_burst-agent-coordinated_burst-1-13",
    "action": "new",
    "side": "sell",
    "price": 65473.9026,
    "quantity": 0.04,
    "remaining_quantity": 0.04
  },
  {
    "event_id": "f75b92d6f0ab752ebe364be6c42a2367c9d55b68672d36c4ed949a2ddf785425",
    "schema_version": "1.0.0",
    "event_type": "agent_order",
    "source": "synthetic_agent",
    "symbol": "BTCUSDT",
    "exchange": "binance_usdm",
    "timestamp": "2024-05-01T00:00:00.168000Z",
    "sequence": 14,
    "scenario_id": "scenario-487-coordinated_burst",
    "agent_id": "agent-coordinated_burst-2",
    "order_id": "scenario-487-coordinated_burst-agent-coordinated_burst-2-14",
    "action": "new",
    "side": "sell",
    "price": 65473.9026,
    "quantity": 0.04,
    "remaining_quantity": 0.04
  },
  {
    "event_id": "cea967cc2bdd362204c24589eedd901353fb3c33caec048263531c4732b326b4",
    "schema_version": "1.0.0",
    "event_type": "agent_order",
    "source": "synthetic_agent",
    "symbol": "BTCUSDT",
    "exchange": "binance_usdm",
    "timestamp": "2024-05-01T00:00:01.800000Z",
    "sequence": 15,
    "scenario_id": "scenario-487-coordinated_burst",
    "agent_id": "agent-coordinated_burst-0",
    "order_id": "scenario-487-coordinated_burst-agent-coordinated_burst-0-15",
    "action": "new",
    "side": "buy",
    "price": 65500.0974,
    "quantity": 0.04,
    "remaining_quantity": 0.04
  },
  {
    "event_id": "99102b94cfe6277139246baa95a3e0dfa609e9596e8b5fc9726e18d0b2aa6e58",
    "schema_version": "1.0.0",
    "event_type": "agent_order",
    "source": "synthetic_agent",
    "symbol": "BTCUSDT",
    "exchange": "binance_usdm",
    "timestamp": "2024-05-01T00:00:00.192000Z",
    "sequence": 16,
    "scenario_id": "scenario-487-coordinated_burst",
    "agent_id": "agent-coordinated_burst-1",
    "order_id": "scenario-487-coordinated_burst-agent-coordinated_burst-1-16",
    "action": "new",
    "side": "sell",
    "price": 65473.9026,
    "quantity": 0.04,
    "remaining_quantity": 0.04
  },
  {
    "event_id": "fd1c36c835423c6fd70144db3c62e0b8be73e37c10e0bd9ea2f3a28bb415061b",
    "schema_version": "1.0.0",
    "event_type": "agent_order",
    "source": "synthetic_agent",
    "symbol": "BTCUSDT",
    "exchange": "binance_usdm",
    "timestamp": "2024-05-01T00:00:00.204000Z",
    "sequence": 17,
    "scenario_id": "scenario-487-coordinated_burst",
    "agent_id": "agent-coordinated_burst-2",
    "order_id": "scenario-487-coordinated_burst-agent-coordinated_burst-2-17",
    "action": "new",
    "side": "sell",
    "price": 65473.9026,
    "quantity": 0.04,
    "remaining_quantity": 0.04
  },
  {
    "event_id": "50501d4dd317f7577e58af97c6b5bafb3b1409b63f467a031e699c31ff0ec71d",
    "schema_version": "1.0.0",
    "event_type": "agent_order",
    "source": "synthetic_agent",
    "symbol": "BTCUSDT",
    "exchange": "binance_usdm",
    "timestamp": "2024-05-01T00:00:00.216000Z",
    "sequence": 18,
    "scenario_id": "scenario-487-coordinated_burst",
    "agent_id": "agent-coordinated_burst-0",
    "order_id": "scenario-487-coordinated_burst-agent-coordinated_burst-0-18",
    "action": "new",
    "side": "buy",
    "price": 65500.0974,
    "quantity": 0.04,
    "remaining_quantity": 0.04
  },
  {
    "event_id": "aee29ce2efa13f5a1967d4f50dc5bbf351d76349ae1dd0ebca5db670bd55befe",
    "schema_version": "1.0.0",
    "event_type": "agent_order",
    "source": "synthetic_agent",
    "symbol": "BTCUSDT",
    "exchange": "binance_usdm",
    "timestamp": "2024-05-01T00:00:00.228000Z",
    "sequence": 19,
    "scenario_id": "scenario-487-coordinated_burst",
    "agent_id": "agent-coordinated_burst-1",
    "order_id": "scenario-487-coordinated_burst-agent-coordinated_burst-1-19",
    "action": "new",
    "side": "sell",
    "price": 65473.9026,
    "quantity": 0.04,
    "remaining_quantity": 0.04
  },
  {
    "event_id": "9651eabb6df89251fc561f4fb7dff9818bc142ca3378f7daa7b84fac729767b8",
    "schema_version": "1.0.0",
    "event_type": "agent_order",
    "source": "synthetic_agent",
    "symbol": "BTCUSDT",
    "exchange": "binance_usdm",
    "timestamp": "2024-05-01T00:00:02.400000Z",
    "sequence": 20,
    "scenario_id": "scenario-487-coordinated_burst",
    "agent_id": "agent-coordinated_burst-2",
    "order_id": "scenario-487-coordinated_burst-agent-coordinated_burst-2-20",
    "action": "new",
    "side": "sell",
    "price": 65473.9026,
    "quantity": 0.04,
    "remaining_quantity": 0.04
  },
  {
    "event_id": "52c50ce197c438994c0c89d8432b6ac35b0c1651b3f7ea1e00c3e6badf1340fa",
    "schema_version": "1.0.0",
    "event_type": "agent_order",
    "source": "synthetic_agent",
    "symbol": "BTCUSDT",
    "exchange": "binance_usdm",
    "timestamp": "2024-05-01T00:00:00.252000Z",
    "sequence": 21,
    "scenario_id": "scenario-487-coordinated_burst",
    "agent_id": "agent-coordinated_burst-0",
    "order_id": "scenario-487-coordinated_burst-agent-coordinated_burst-0-21",
    "action": "new",
    "side": "buy",
    "price": 65500.0974,
    "quantity": 0.04,
    "remaining_quantity": 0.04
  },
  {
    "event_id": "d03cabdc376f36fd54282b2dbc4ec0740d02a3aa75fbc528eca2e39559727329",
    "schema_version": "1.0.0",
    "event_type": "agent_order",
    "source": "synthetic_agent",
    "symbol": "BTCUSDT",
    "exchange": "binance_usdm",
    "timestamp": "2024-05-01T00:00:00.264000Z",
    "sequence": 22,
    "scenario_id": "scenario-487-coordinated_burst",
    "agent_id": "agent-coordinated_burst-1",
    "order_id": "scenario-487-coordinated_burst-agent-coordinated_burst-1-22",
    "action": "new",
    "side": "sell",
    "price": 65473.9026,
    "quantity": 0.04,
    "remaining_quantity": 0.04
  },
  {
    "event_id": "dbf7c92b633c0660dd6c6eb7b0862b01c34bdb17a6b80833ce44fa9a319cb397",
    "schema_version": "1.0.0",
    "event_type": "agent_order",
    "source": "synthetic_agent",
    "symbol": "BTCUSDT",
    "exchange": "binance_usdm",
    "timestamp": "2024-05-01T00:00:00.276000Z",
    "sequence": 23,
    "scenario_id": "scenario-487-coordinated_burst",
    "agent_id": "agent-coordinated_burst-2",
    "order_id": "scenario-487-coordinated_burst-agent-coordinated_burst-2-23",
    "action": "new",
    "side": "sell",
    "price": 65473.9026,
    "quantity": 0.04,
    "remaining_quantity": 0.04
  },
  {
    "event_id": "be2aba728d4b836fa291dc523e322575cf56ce4172aed275565a9cf6bf757647",
    "schema_version": "1.0.0",
    "event_type": "agent_order",
    "source": "synthetic_agent",
    "symbol": "BTCUSDT",
    "exchange": "binance_usdm",
    "timestamp": "2024-05-01T00:00:00.288000Z",
    "sequence": 24,
    "scenario_id": "scenario-487-coordinated_burst",
    "agent_id": "agent-coordinated_burst-0",
    "order_id": "scenario-487-coordinated_burst-agent-coordinated_burst-0-24",
    "action": "new",
    "side": "buy",
    "price": 65500.0974,
    "quantity": 0.04,
    "remaining_quantity": 0.04
  },
  {
    "event_id": "c0ee79bdece0016cb72e618ee778bd96214c0b54c155bbecd305e4936ca11ef3",
    "schema_version": "1.0.0",
    "event_type": "agent_order",
    "source": "synthetic_agent",
    "symbol": "BTCUSDT",
    "exchange": "binance_usdm",
    "timestamp": "2024-05-01T00:00:03Z",
    "sequence": 25,
    "scenario_id": "scenario-487-coordinated_burst",
    "agent_id": "agent-coordinated_burst-1",
    "order_id": "scenario-487-coordinated_burst-agent-coordinated_burst-1-25",
    "action": "new",
    "side": "sell",
    "price": 65473.9026,
    "quantity": 0.04,
    "remaining_quantity": 0.04
  },
  {
    "event_id": "e70aeaac655105b6cf8533e567929f7d85151b282c59b12abef24073b8c68bb7",
    "schema_version": "1.0.0",
    "event_type": "agent_order",
    "source": "synthetic_agent",
    "symbol": "BTCUSDT",
    "exchange": "binance_usdm",
    "timestamp": "2024-05-01T00:00:00.312000Z",
    "sequence": 26,
    "scenario_id": "scenario-487-coordinated_burst",
    "agent_id": "agent-coordinated_burst-2",
    "order_id": "scenario-487-coordinated_burst-agent-coordinated_burst-2-26",
    "action": "new",
    "side": "sell",
    "price": 65473.9026,
    "quantity": 0.04,
    "remaining_quantity": 0.04
  },
  {
    "event_id": "6897c0078cf38853602f617ded5b10c4dc6bd5b4774c191d650f9cf001dbf11c",
    "schema_version": "1.0.0",
    "event_type": "agent_order",
    "source": "synthetic_agent",
    "symbol": "BTCUSDT",
    "exchange": "binance_usdm",
    "timestamp": "2024-05-01T00:00:00.324000Z",
    "sequence": 27,
    "scenario_id": "scenario-487-coordinated_burst",
    "agent_id": "agent-coordinated_burst-0",
    "order_id": "scenario-487-coordinated_burst-agent-coordinated_burst-0-27",
    "action": "new",
    "side": "buy",
    "price": 65500.0974,
    "quantity": 0.04,
    "remaining_quantity": 0.04
  },
  {
    "event_id": "423f9bfc12fd078167b92613659d57dcffe0e3555b172a6a4d04bd0eae008222",
    "schema_version": "1.0.0",
    "event_type": "agent_order",
    "source": "synthetic_agent",
    "symbol": "BTCUSDT",
    "exchange": "binance_usdm",
    "timestamp": "2024-05-01T00:00:00.336000Z",
    "sequence": 28,
    "scenario_id": "scenario-487-coordinated_burst",
    "agent_id": "agent-coordinated_burst-1",
    "order_id": "scenario-487-coordinated_burst-agent-coordinated_burst-1-28",
    "action": "new",
    "side": "sell",
    "price": 65473.9026,
    "quantity": 0.04,
    "remaining_quantity": 0.04
  },
  {
    "event_id": "23f29c7e9e349380f7e17738725c75216d9fd21f69201cf9eb523566521405b5",
    "schema_version": "1.0.0",
    "event_type": "agent_order",
    "source": "synthetic_agent",
    "symbol": "BTCUSDT",
    "exchange": "binance_usdm",
    "timestamp": "2024-05-01T00:00:00.348000Z",
    "sequence": 29,
    "scenario_id": "scenario-487-coordinated_burst",
    "agent_id": "agent-coordinated_burst-2",
    "order_id": "scenario-487-coordinated_burst-agent-coordinated_burst-2-29",
    "action": "new",
    "side": "sell",
    "price": 65473.9026,
    "quantity": 0.04,
    "remaining_quantity": 0.04
  }
]