[
  {
    "event_id": "660a94bf02c0815a531edb5286a9080909a8fd2a2cfc05d73dc7b92e1882eea9",
    "schema_version": "1.0.0",
    "event_type": "agent_order",
    "source": "synthetic_agent",
    "symbol": "BTCUSDT",
    "exchange": "binance_usdm",
    "timestamp": "2024-05-01T00:00:00Z",
    "sequence": 0,
    "scenario_id": "scenario-131-volatility_feedback",
    "agent_id": "agent-volatility_feedback",
    "order_id": "scenario-131-volatility_feedback-agent-volatility_feedback-0",
    "action": "new",
    "side": "buy",
    "price": 65196.130999999994,
    "quantity": 0.02,
    "remaining_quantity": 0.02
  },
  {
    "event_id": "16856fd669b88dc5ca87b643e42badd67f38718ffab2e7833302039921f765e9",
    "schema_version": "1.0.0",
    "event_type": "agent_order",
    "source": "synthetic_agent",
    "symbol": "BTCUSDT",
    "exchange": "binance_usdm",
    "timestamp": "2024-05-01T00:00:00.020000Z",
    "sequence": 1,
    "scenario_id": "scenario-131-volatility_feedback",
    "agent_id": "agent-volatility_feedback",
    "order_id": "scenario-131-volatility_feedback-agent-volatility_feedback-1",
    "action": "new",
    "side": "sell",
    "price": 65064.56638,
    "quantity": 0.03,
    "remaining_quantity": 0.03
  },
  {
    "event_id": "f4b6cb1909620f1edb90b2ed7935506eb0a584cb15db0ed773237a410cfc213e",
    "schema_version": "1.0.0",
    "event_type": "agent_order",
    "source": "synthetic_agent",
    "symbol": "BTCUSDT",
    "exchange": "binance_usdm",
    "timestamp": "2024-05-01T00:00:00.040000Z",
    "sequence": 2,
    "scenario_id": "scenario-131-volatility_feedback",
    "agent_id": "agent-volatility_feedback",
    "order_id": "scenario-131-volatility_feedback-agent-volatility_feedback-2",
    "action": "new",
    "side": "buy",
    "price": 65198.73624,
    "quantity": 0.04,
    "remaining_quantity": 0.04
  },
  {
    "event_id": "8ab1ed2bad25a665abd81c771a36ea08234f86ebaa43c6cf63e1606d1e3135af",
    "schema_version": "1.0.0",
    "event_type": "agent_order",
    "source": "synthetic_agent",
    "symbol": "BTCUSDT",
    "exchange": "binance_usdm",
    "timestamp": "2024-05-01T00:00:00.060000Z",
    "sequence": 3,
    "scenario_id": "scenario-131-volatility_feedback",
    "agent_id": "agent-volatility_feedback",
    "order_id": "scenario-131-volatility_feedback-agent-volatility_feedback-3",
    "action": "new",
    "side": "sell",
    "price": 65061.96114000001,
    "quantity": 0.05,
    "remaining_quantity": 0.05
  },
  {
    "event_id": "1e107e19724ae1daf5f31a0e3f8613201422c19563147da694414e98f82ea7f3",
    "schema_version": "1.0.0",
    "event_type": "agent_order",
    "source": "synthetic_agent",
    "symbol": "BTCUSDT",
    "exchange": "binance_usdm",
    "timestamp": "2024-05-01T00:00:00.080000Z",
    "sequence": 4,
    "scenario_id": "scenario-131-volatility_feedback",
    "agent_id": "agent-volatility_feedback",
    "order_id": "scenario-131-volatility_feedback-agent-volatility_feedback-4",
    "action": "new",
    "side": "buy",
    "price": 65201.341479999995,
    "quantity": 0.02,
    "remaining_quantity": 0.02
  },
  {
    "event_id": "c8bf3a168b4cc5ef51b1479ad82eeefc79a36e09a064e60a6eb287191c82048f",
    "schema_version": "1.0.0",
    "event_type": "agent_order",
    "source": "synthetic_agent",
    "symbol": "BTCUSDT",
    "exchange": "binance_usdm",
    "timestamp": "2024-05-01T00:00:00.100000Z",
    "sequence": 5,
    "scenario_id": "scenario-131-volatility_feedback",
    "agent_id": "agent-volatility_feedback",
    "order_id": "scenario-131-volatility_feedback-agent-volatility_feedback-5",
    "action": "new",
    "side": "sell",
    "price": 65059.3559,
    "quantity": 0.03,
    "remaining_quantity": 0.03
  },
  {
    "event_id": "f0d5508056380d89362998c2d88829916f867099bf61e029246dda2c67fddb7c",
    "schema_version": "1.0.0",
    "event_type": "agent_order",
    "source": "synthetic_agent",
    "symbol": "BTCUSDT",
    "exchange": "binance_usdm",
    "timestamp": "2024-05-01T00:00:00.120000Z",
    "sequence": 6,
    "scenario_id": "scenario-131-volatility_feedback",
    "agent_id": "agent-volatility_feedback",
    "order_id": "scenario-131-volatility_feedback-agent-volatility_feedback-6",
    "action": "new",
    "side": "buy",
    "price": 65203.94672,
    "quantity": 0.04,
    "remaining_quantity": 0.04
  },
  {
    "event_id": "02bf9a099fa747488db2086198019f0177d03c54ea608b848961001f98e6ea6b",
    "schema_version": "1.0.0",
    "event_type": "agent_order",
    "source": "synthetic_agent",
    "symbol": "BTCUSDT",
    "exchange": "binance_usdm",
    "timestamp": "2024-05-01T00:00:00.140000Z",
    "sequence": 7,
    "scenario_id": "scenario-131-volatility_feedback",
    "agent_id": "agent-volatility_feedback",
    "order_id": "scenario-131-volatility_feedback-agent-volatility_feedback-7",
    "action": "new",
    "side": "sell",
    "price": 65056.75066,
    "quantity": 0.05,
    "remaining_quantity": 0.05
  },
  {
    "event_id": "808fe552ad3630d5213a9ae2ebf3171999148237ba43d02d2cad51e23de2591f",
    "schema_version": "1.0.0",
    "event_type": "agent_order",
    "source": "synthetic_agent",
    "symbol": "BTCUSDT",
    "exchange": "binance_usdm",
    "timestamp": "2024-05-01T00:00:00.160000Z",
    "sequence": 8,
    "scenario_id": "scenario-131-volatility_feedback",
    "agent_id": "agent-volatility_feedback",
    "order_id": "scenario-131-volatility_feedback-agent-volatility_feedback-8",
    "action": "new",
    "side": "buy",
    "price": 65206.551960000004,
    "quantity": 0.02,
    "remaining_quantity": 0.02
  },
  {
    "event_id": "900542473a20c811833aee9e1a3c439264e5d52ee3b1ef14ea1a0b039d2060a6",
    "schema_version": "1.0.0",
    "event_type": "agent_order",
    "source": "synthetic_agent",
    "symbol": "BTCUSDT",
    "exchange": "binance_usdm",
    "timestamp": "2024-05-01T00:00:00.180000Z",
    "sequence": 9,
    "scenario_id": "scenario-131-volatility_feedback",
    "agent_id": "agent-volatility_feedback",
    "order_id": "scenario-131-volatility_feedback-agent-volatility_feedback-9",
    "action": "new",
    "side": "sell",
    "price": 65054.14542,
    "quantity": 0.03,
    "remaining_quantity": 0.03
  },
  {
    "event_id": "ecd7dd37eabc7ab63b0e303bebd86d8402a2c8d5ff935f3a459a6ec2b9b7c4a8",
    "schema_version": "1.0.0",
    "event_type": "agent_order",
    "source": "synthetic_agent",
    "symbol": "BTCUSDT",
    "exchange": "binance_usdm",
    "timestamp": "2024-05-01T00:00:00.200000Z",
    "sequence": 10,
    "scenario_id": "scenario-131-volatility_feedback",
    "agent_id": "agent-volatility_feedback",
    "order_id": "scenario-131-volatility_feedback-agent-volatility_feedback-10",
    "action": "new",
    "side": "buy",
    "price": 65209.15720000001,
    "quantity": 0.04,
    "remaining_quantity": 0.04
  },
  {
    "event_id": "785d04f1ad320c95f59122e5b9887d0da2781d2a8a52fdbe806fc1d0a42d9763",
    "schema_version": "1.0.0",
    "event_type": "agent_order",
    "source": "synthetic_agent",
    "symbol": "BTCUSDT",
    "exchange": "binance_usdm",
    "timestamp": "2024-05-01T00:00:00.220000Z",
    "sequence": 11,
    "scenario_id": "scenario-131-volatility_feedback",
    "agent_id": "agent-volatility_feedback",
    "order_id": "scenario-131-volatility_feedback-agent-volatility_feedback-11",
    "action": "new",
    "side": "sell",
    "price": 65051.54018,
    "quantity": 0.05,
    "remaining_quantity": 0.05
  },
  {
    "event_id": "d6164e2453ec9f5ea1376b998da7bf0f7430d332802e8ae6bb3f83770784cb52",
    "schema_version": "1.0.0",
    "event_type": "agent_order",
    "source": "synthetic_agent",
    "symbol": "BTCUSDT",
    "exchange": "binance_usdm",
    "timestamp": "2024-05-01T00:00:00.240000Z",
    "sequence": 12,
    "scenario_id": "scenario-131-volatility_feedback",
    "agent_id": "agent-volatility_feedback",
    "order_id": "scenario-131-volatility_feedback-agent-volatility_feedback-12",
    "action": "new",
    "side": "buy",
    "price": 65211.76243999999,
    "quantity": 0.02,
    "remaining_quantity": 0.02
  },
  {
    "event_id": "e0b89628e0c033407d84fb45d0d9e97bd537b740549067cd1482a95ff9e2ff0b",
    "schema_version": "1.0.0",
    "event_type": "agent_order",
    "source": "synthetic_agent",
    "symbol": "BTCUSDT",
    "exchange": "binance_usdm",
    "timestamp": "2024-05-01T00:00:00.260000Z",
    "sequence": 13,
    "scenario_id": "scenario-131-volatility_feedback",
    "agent_id": "agent-volatility_feedback",
    "order_id": "scenario-131-volatility_feedback-agent-volatility_feedback-13",
    "action": "new",
    "side": "sell",
    "price": 65048.93494,
    "quantity": 0.03,
    "remaining_quantity": 0.03
  },
  {
    "event_id": "fcc8f5834e6df75bb1f91325e908d980cc3a744a46e0d7f1a92b6e2af6ca57c7",
    "schema_version": "1.0.0",
    "event_type": "agent_order",
    "source": "synthetic_agent",
    "symbol": "BTCUSDT",
    "exchange": "binance_usdm",
    "timestamp": "2024-05-01T00:00:00.280000Z",
    "sequence": 14,
    "scenario_id": "scenario-131-volatility_feedback",
    "agent_id": "agent-volatility_feedback",
    "order_id": "scenario-131-volatility_feedback-agent-volatility_feedback-14",
    "action": "new",
    "side": "buy",
    "price": 65214.367679999996,
    "quantity": 0.04,
    "remaining_quantity": 0.04
  },
  {
    "event_id": "3be5a5be1d4966c6367baed2ee788d4a09d0ebd149910e0db950940e6f87921c",
    "schema_version": "1.0.0",
    "event_type": "agent_order",
    "source": "synthetic_agent",
    "symbol": "BTCUSDT",
    "exchange": "binance_usdm",
    "timestamp": "2024-05-01T00:00:00.300000Z",
    "sequence": 15,
    "scenario_id": "scenario-131-volatility_feedback",
    "agent_id": "agent-volatility_feedback",
    "order_id": "scenario-131-volatility_feedback-agent-volatility_feedback-15",
    "action": "new",
    "side": "sell",
    "price": 65046.3297,
    "quantity": 0.05,
    "remaining_quantity": 0.05
  },
  {
    "event_id": "d7d24a762c9e6dbd819418df997ec3765dc12c47556f8c3a94625761ad68062d",
    "schema_version": "1.0.0",
    "event_type": "agent_order",
    "source": "synthetic_agent",
    "symbol": "BTCUSDT",
    "exchange": "binance_usdm",
    "timestamp": "2024-05-01T00:00:00.320000Z",
    "sequence": 16,
    "scenario_id": "scenario-131-volatility_feedback",
    "agent_id": "agent-volatility_feedback",
    "order_id": "scenario-131-volatility_feedback-agent-volatility_feedback-16",
    "action": "new",
    "side": "buy",
    "price": 65216.97292,
    "quantity": 0.02,
    "remaining_quantity": 0.02
  },
  {
    "event_id": "cda9b2b17926a3f44dbfafce243b7acba25f2a64c094726c4f5e705f31601767",
    "schema_version": "1.0.0",
    "event_type": "agent_order",
    "source": "synthetic_agent",
    "symbol": "BTCUSDT",
    "exchange": "binance_usdm",
    "timestamp": "2024-05-01T00:00:00.340000Z",
    "sequence": 17,
    "scenario_id": "scenario-131-volatility_feedback",
    "agent_id": "agent-volatility_feedback",
    "order_id": "scenario-131-volatility_feedback-agent-volatility_feedback-17",
    "action": "new",
    "side": "sell",
    "price": 65043.72446,
    "quantity": 0.03,
    "remaining_quantity": 0.03
  },
  {
    "event_id": "0a8c65a1696f3edeace7a831ed37a825341c1e6f4f26fcbc2c6668ebdbd3baf7",
    "schema_version": "1.0.0",
    "event_type": "agent_order",
    "source": "synthetic_agent",
    "symbol": "BTCUSDT",
    "exchange": "binance_usdm",
    "timestamp": "2024-05-01T00:00:00.360000Z",
    "sequence": 18,
    "scenario_id": "scenario-131-volatility_feedback",
    "agent_id": "agent-volatility_feedback",
    "order_id": "scenario-131-volatility_feedback-agent-volatility_feedback-18",
    "action": "new",
    "side": "buy",
    "price": 65219.578160000005,
    "quantity": 0.04,
    "remaining_quantity": 0.04
  },
  {
    "event_id": "ec6f05f3c678d2423d515c4bcc4d2ad2c55b304d2eb0ba7a35c4d4e838377526",
    "schema_version": "1.0.0",
    "event_type": "agent_order",
    "source": "synthetic_agent",
    "symbol": "BTCUSDT",
    "exchange": "binance_usdm",
    "timestamp": "2024-05-01T00:00:00.380000Z",
    "sequence": 19,
    "scenario_id": "scenario-131-volatility_feedback",
    "agent_id": "agent-volatility_feedback",
    "order_id": "scenario-131-volatility_feedback-agent-volatility_feedback-19",
    "action": "new",
    "side": "sell",
    "price": 65041.11922,
    "quantity": 0.05,
    "remaining_quantity": 0.05
  },
  {
    "event_id": "80f2454b64e64aeada0c6e7b54ca43d82b4873e8f6398770fa7791fe05f4ee98",
    "schema_version": "1.0.0",
    "event_type": "agent_order",
    "source": "synthetic_agent",
    "symbol": "BTCUSDT",
    "exchange": "binance_usdm",
    "timestamp": "2024-05-01T00:00:00.400000Z",
    "sequence": 20,
    "scenario_id": "scenario-131-volatility_feedback",
    "agent_id": "agent-volatility_feedback",
    "order_id": "scenario-131-volatility_feedback-agent-volatility_feedback-20",
    "action": "new",
    "side": "buy",
    "price": 65222.1834,
    "quantity": 0.02,
    "remaining_quantity": 0.02
  },
  {
    "event_id": "d83e8deefdd288c3341a893b278f6eddef367ff357ab965aae67340dd0a5a05b",
    "schema_version": "1.0.0",
    "event_type": "agent_order",
    "source": "synthetic_agent",
    "symbol": "BTCUSDT",
    "exchange": "binance_usdm",
    "timestamp": "2024-05-01T00:00:00.420000Z",
    "sequence": 21,
    "scenario_id": "scenario-131-volatility_feedback",
    "agent_id": "agent-volatility_feedback",
    "order_id": "scenario-131-volatility_feedback-agent-volatility_feedback-21",
    "action": "new",
    "side": "sell",
    "price": 65038.51398,
    "quantity": 0.03,
    "remaining_quantity": 0.03
  },
  {
    "event_id": "e80d54382148b1467e90cbff418de015e50665b0b59f0fcd7019945bd34e12ea",
    "schema_version": "1.0.0",
    "event_type": "agent_order",
    "source": "synthetic_agent",
    "symbol": "BTCUSDT",
    "exchange": "binance_usdm",
    "timestamp": "2024-05-01T00:00:00.440000Z",
    "sequence": 22,
    "scenario_id": "scenario-131-volatility_feedback",
    "agent_id": "agent-volatility_feedback",
    "order_id": "scenario-131-volatility_feedback-agent-volatility_feedback-22",
    "action": "new",
    "side": "buy",
    "price": 65224.788640000006,
    "quantity": 0.04,
    "remaining_quantity": 0.04
  },
  {
    "event_id": "6d32192816ff9877e8f32c2601f927a430a1597c130dff74a49e9f929ac04468",
    "schema_version": "1.0.0",
    "event_type": "agent_order",
    "source": "synthetic_agent",
    "symbol": "BTCUSDT",
    "exchange": "binance_usdm",
    "timestamp": "2024-05-01T00:00:00.460000Z",
    "sequence": 23,
    "scenario_id": "scenario-131-volatility_feedback",
    "agent_id": "agent-volatility_feedback",
    "order_id": "scenario-131-volatility_feedback-agent-volatility_feedback-23",
    "action": "new",
    "side": "sell",
    "price": 65035.90874,
    "quantity": 0.05,
    "remaining_quantity": 0.05
  },
  {
    "event_id": "7fee1053bb333f3b98f3cbf6832dfee98a6b591221d616523ddc3f7723f8f2f8",
    "schema_version": "1.0.0",
    "event_type": "agent_order",
    "source": "synthetic_agent",
    "symbol": "BTCUSDT",
    "exchange": "binance_usdm",
    "timestamp": "2024-05-01T00:00:00.480000Z",
    "sequence": 24,
    "scenario_id": "scenario-131-volatility_feedback",
    "agent_id": "agent-volatility_feedback",
    "order_id": "scenario-131-volatility_feedback-agent-volatility_feedback-24",
    "action": "new",
    "side": "buy",
    "price": 65227.393879999996,
    "quantity": 0.02,
    "remaining_quantity": 0.02
  },
  {
    "event_id": "b9fea07c55ae23425046bd138ce695e7942879c698bff4462d0d1e71275db1ef",
    "schema_version": "1.0.0",
    "event_type": "agent_order",
    "source": "synthetic_agent",
    "symbol": "BTCUSDT",
    "exchange": "binance_usdm",
    "timestamp": "2024-05-01T00:00:00.500000Z",
    "sequence": 25,
    "scenario_id": "scenario-131-volatility_feedback",
    "agent_id": "agent-volatility_feedback",
    "order_id": "scenario-131-volatility_feedback-agent-volatility_feedback-25",
    "action": "new",
    "side": "sell",
    "price": 65033.3035,
    "quantity": 0.03,
    "remaining_quantity": 0.03
  },
  {
    "event_id": "2953a95db1eb58165ee712fb64c03950967ef1c48a58c921dca92d8633ab7e4e",
    "schema_version": "1.0.0",
    "event_type": "agent_order",
    "source": "synthetic_agent",
    "symbol": "BTCUSDT",
    "exchange": "binance_usdm",
    "timestamp": "2024-05-01T00:00:00.520000Z",
    "sequence": 26,
    "scenario_id": "scenario-131-volatility_feedback",
    "agent_id": "agent-volatility_feedback",
    "order_id": "scenario-131-volatility_feedback-agent-volatility_feedback-26",
    "action": "new",
    "side": "buy",
    "price": 65229.99912,
    "quantity": 0.04,
    "remaining_quantity": 0.04
  },
  {
    "event_id": "dccad3d668b004c357ca0a87d857d55134bca92607f9a63d84aaaa8faea9dc6d",
    "schema_version": "1.0.0",
    "event_type": "agent_order",
    "source": "synthetic_agent",
    "symbol": "BTCUSDT",
    "exchange": "binance_usdm",
    "timestamp": "2024-05-01T00:00:00.540000Z",
    "sequence": 27,
    "scenario_id": "scenario-131-volatility_feedback",
    "agent_id": "agent-volatility_feedback",
    "order_id": "scenario-131-volatility_feedback-agent-volatility_feedback-27",
    "action": "new",
    "side": "sell",
    "price": 65030.69826,
    "quantity": 0.05,
    "remaining_quantity": 0.05
  },
  {
    "event_id": "d78d98a2ad470589767f0c4818575d3ea84df92d6b9f46532abe75332c9d7da7",
    "schema_version": "1.0.0",
    "event_type": "agent_order",
    "source": "synthetic_agent",
    "symbol": "BTCUSDT",
    "exchange": "binance_usdm",
    "timestamp": "2024-05-01T00:00:00.560000Z",
    "sequence": 28,
    "scenario_id": "scenario-131-volatility_feedback",
    "agent_id": "agent-volatility_feedback",
    "order_id": "scenario-131-volatility_feedback-agent-volatility_feedback-28",
    "action": "new",
    "side": "buy",
    "price": 65232.60436,
    "quantity": 0.02,
    "remaining_quantity": 0.02
  },
  {
    "event_id": "79705e677f8ae23c7ff728b05d206db9c0216942391acbdca7e46f0ceb1808e6",
    "schema_version": "1.0.0",
    "event_type": "agent_order",
    "source": "synthetic_agent",
    "symbol": "BTCUSDT",
    "exchange": "binance_usdm",
    "timestamp": "2024-05-01T00:00:00.580000Z",
    "sequence": 29,
    "scenario_id": "scenario-131-volatility_feedback",
    "agent_id": "agent-volatility_feedback",
    "order_id": "scenario-131-volatility_feedback-agent-volatility_feedback-29",
    "action": "new",
    "side": "sell",
    "price": 65028.09302,
    "quantity": 0.03,
    "remaining_quantity": 0.03
  }
]