[
  {
    "event_id": "9989a0b9dc42a669d759a2166cf194838f1381d08622f845b7dacb1a083517ae",
    "schema_version": "1.0.0",
    "event_type": "agent_order",
    "source": "synthetic_agent",
    "symbol": "BTCUSDT",
    "exchange": "binance_usdm",
    "timestamp": "2024-05-01T00:00:00Z",
    "sequence": 0,
    "scenario_id": "scenario-087-spoofing_layering",
    "agent_id": "agent-spoofing_layering",
    "order_id": "scenario-087-spoofing_layering-agent-spoofing_layering-0",
    "action": "new",
    "side": "sell",
    "price": 65119.5435,
    "quantity": 0.5,
    "remaining_quantity": 0.5
  },
  {
    "event_id": "c10a0ad8560e7638e88b1022da2402bc2aad0d7799f1718e9443399384720444",
    "schema_version": "1.0.0",
    "event_type": "agent_order",
    "source": "synthetic_agent",
    "symbol": "BTCUSDT",
    "exchange": "binance_usdm",
    "timestamp": "2024-05-01T00:00:00.050000Z",
    "sequence": 1,
    "scenario_id": "scenario-087-spoofing_layering",
    "agent_id": "agent-spoofing_layering",
    "order_id": "scenario-087-spoofing_layering-agent-spoofing_layering-1",
    "action": "new",
    "side": "sell",
    "price": 65120.19437,
    "quantity": 0.5,
    "remaining_quantity": 0.5
  },
  {
    "event_id": "d0aa34c7ad6655a09f6b85c60cff9527dadc5799a3eac57b77a9b66b184d494c",
    "schema_version": "1.0.0",
    "event_type": "agent_order",
    "source": "synthetic_agent",
    "symbol": "BTCUSDT",
    "exchange": "binance_usdm",
    "timestamp": "2024-05-01T00:00:00.100000Z",
    "sequence": 2,
    "scenario_id": "scenario-087-spoofing_layering",
    "agent_id": "agent-spoofing_layering",
    "order_id": "scenario-087-spoofing_layering-agent-spoofing_layering-2",
    "action": "new",
    "side": "sell",
    "price": 65120.84523999999,
    "quantity": 0.5,
    "remaining_quantity": 0.5
  },
  {
    "event_id": "3cdac010e30b18af0e8905cfa14189f5811429e23b0ad5b20236d4f9105ca0c8",
    "schema_version": "1.0.0",
    "event_type": "agent_order",
    "source": "synthetic_agent",
    "symbol": "BTCUSDT",
    "exchange": "binance_usdm",
    "timestamp": "2024-05-01T00:00:00.150000Z",
    "sequence": 3,
    "scenario_id": "scenario-087-spoofing_layering",
    "agent_id": "agent-spoofing_layering",
    "order_id": "scenario-087-spoofing_layering-agent-spoofing_layering-3",
    "action": "new",
    "side": "sell",
    "price": 65121.49610999999,
    "quantity": 0.5,
    "remaining_quantity": 0.5
  },
  {
    "event_id": "285aa54730c06471ce8b5d591454fe3c62d52a0c312562282ea2b68dc914e4ef",
    "schema_version": "1.0.0",
    "event_type": "agent_order",
    "source": "synthetic_agent",
    "symbol": "BTCUSDT",
    "exchange": "binance_usdm",
    "timestamp": "2024-05-01T00:00:00.200000Z",
    "sequence": 4,
    "scenario_id": "scenario-087-spoofing_layering",
    "agent_id": "agent-spoofing_layering",
    "order_id": "scenario-087-spoofing_layering-agent-spoofing_layering-4",
    "action": "new",
    "side": "sell",
    "price": 65122.14698,
    "quantity": 0.5,
    "remaining_quantity": 0.5
  },
  {
    "event_id": "b6bb328c268673850923c3d5231a69272e7818293980ba9d0fdafbe6a0622528",
    "schema_version": "1.0.0",
    "event_type": "agent_order",
    "source": "synthetic_agent",
    "symbol": "BTCUSDT",
    "exchange": "binance_usdm",
    "timestamp": "2024-05-01T00:00:00.250000Z",
    "sequence": 5,
    "scenario_id": "scenario-087-spoofing_layering",
    "agent_id": "agent-spoofing_layering",
    "order_id": "scenario-087-spoofing_layering-agent-spoofing_layering-5",
    "action": "new",
    "side": "sell",
    "price": 65122.79785,
    "quantity": 0.5,
    "remaining_quantity": 0.5
  },
  {
    "event_id": "d90923ec0454d4ca329b8b6660b1d213d019d65837fa3d2b7da1cad658705bb5",
    "schema_version": "1.0.0",
    "event_type": "agent_order",
    "source": "synthetic_agent",
    "symbol": "BTCUSDT",
    "exchange": "binance_usdm",
    "timestamp": "2024-05-01T00:00:00.300000Z",
    "sequence": 6,
    "scenario_id": "scenario-087-spoofing_layering",
    "agent_id": "agent-spoofing_layering",
    "order_id": "scenario-087-spoofing_layering-agent-spoofing_layering-6",
    "action": "new",
    "side": "sell",
    "price": 65123.44871999999,
    "quantity": 0.5,
    "remaining_quantity": 0.5
  },
  {
    "event_id": "4d0cd6c61d4a5f30973be05494fd0a81fc2e9784aa80ade0f3f4fc501e3bb81b",
    "schema_version": "1.0.0",
    "event_type": "agent_order",
    "source": "synthetic_agent",
    "symbol": "BTCUSDT",
    "exchange": "binance_usdm",
    "timestamp": "2024-05-01T00:00:00.350000Z",
    "sequence": 7,
    "scenario_id": "scenario-087-spoofing_layering",
    "agent_id": "agent-spoofing_layering",
    "order_id": "scenario-087-spoofing_layering-agent-spoofing_layering-7",
    "action": "new",
    "side": "sell",
    "price": 65124.09959,
    "quantity": 0.5,
    "remaining_quantity": 0.5
  },
  {
    "event_id": "ee71f54a8955fd2407845f847f8916d06167beff7bf631671c711e6be261d850",
    "schema_version": "1.0.0",
    "event_type": "agent_order",
    "source": "synthetic_agent",
    "symbol": "BTCUSDT",
    "exchange": "binance_usdm",
    "timestamp": "2024-05-01T00:00:00.400000Z",
    "sequence": 8,
    "scenario_id": "scenario-087-spoofing_layering",
    "agent_id": "agent-spoofing_layering",
    "order_id": "scenario-087-spoofing_layering-agent-spoofing_layering-8",
    "action": "new",
    "side": "sell",
    "price": 65124.75046,
    "quantity": 0.5,
    "remaining_quantity": 0.5
  },
  {
    "event_id": "454c961a3a10933f42b68b438d0aa0924ef7965bc7f59c74683e4b6b0f015397",
    "schema_version": "1.0.0",
    "event_type": "agent_order",
    "source": "synthetic_agent",
    "symbol": "BTCUSDT",
    "exchange": "binance_usdm",
    "timestamp": "2024-05-01T00:00:00.450000Z",
    "sequence": 9,
    "scenario_id": "scenario-087-spoofing_layering",
    "agent_id": "agent-spoofing_layering",
    "order_id": "scenario-087-spoofing_layering-agent-spoofing_layering-9",
    "action": "new",
    "side": "sell",
    "price": 65125.40132999999,
    "quantity": 0.5,
    "remaining_quantity": 0.5
  },
  {
    "event_id": "52a64c176abfd13d7e6668047f28ee81d78e43b27ef4536052325fc8f84084cd",
    "schema_version": "1.0.0",
    "event_type": "agent_order",
    "source": "synthetic_agent",
    "symbol": "BTCUSDT",
    "exchange": "binance_usdm",
    "timestamp": "2024-05-01T00:00:00.500000Z",
    "sequence": 10,
    "scenario_id": "scenario-087-spoofing_layering",
    "agent_id": "agent-spoofing_layering",
    "order_id": "scenario-087-spoofing_layering-agent-spoofing_layering-10",
    "action": "new",
    "side": "sell",
    "price": 65126.0522,
    "quantity": 0.5,
    "remaining_quantity": 0.5
  },
  {
    "event_id": "846564462cf9720ada55143c528eb585d03a5e2885bc06d4a3b000563c2eb8b1",
    "schema_version": "1.0.0",
    "event_type": "agent_order",
    "source": "synthetic_agent",
    "symbol": "BTCUSDT",
    "exchange": "binance_usdm",
    "timestamp": "2024-05-01T00:00:00.550000Z",
    "sequence": 11,
    "scenario_id": "scenario-087-spoofing_layering",
    "agent_id": "agent-spoofing_layering",
    "order_id": "scenario-087-spoofing_layering-agent-spoofing_layering-11",
    "action": "new",
    "side": "sell",
    "price": 65126.70307,
    "quantity": 0.5,
    "remaining_quantity": 0.5
  },
  {
    "event_id": "6859776e720560a97bde2f780478632050feb5215987108eff0f1d275af53405",
    "schema_version": "1.0.0",
    "event_type": "agent_order",
    "source": "synthetic_agent",
    "symbol": "BTCUSDT",
    "exchange": "binance_usdm",
    "timestamp": "2024-05-01T00:00:00.600000Z",
    "sequence": 12,
    "scenario_id": "scenario-087-spoofing_layering",
    "agent_id": "agent-spoofing_layering",
    "order_id": "scenario-087-spoofing_layering-agent-spoofing_layering-12",
    "action": "new",
    "side": "sell",
    "price": 65127.353939999986,
    "quantity": 0.5,
    "remaining_quantity": 0.5
  },
  {
    "event_id": "d48fa0fe31cc235933233ac3ce12658de8a00fc7ddd490221d19e7358cd60631",
    "schema_version": "1.0.0",
    "event_type": "agent_order",
    "source": "synthetic_agent",
    "symbol": "BTCUSDT",
    "exchange": "binance_usdm",
    "timestamp": "2024-05-01T00:00:00.650000Z",
    "sequence": 13,
    "scenario_id": "scenario-087-spoofing_layering",
    "agent_id": "agent-spoofing_layering",
    "order_id": "scenario-087-spoofing_layering-agent-spoofing_layering-13",
    "action": "new",
    "side": "sell",
    "price": 65128.00480999999,
    "quantity": 0.5,
    "remaining_quantity": 0.5
  },
  {
    "event_id": "c74187db8be61dfd2fb047fe6732ffb41a4110c1993228926932cc3b42c82dac",
    "schema_version": "1.0.0",
    "event_type": "agent_order",
    "source": "synthetic_agent",
    "symbol": "BTCUSDT",
    "exchange": "binance_usdm",
    "timestamp": "2024-05-01T00:00:00.700000Z",
    "sequence": 14,
    "scenario_id": "scenario-087-spoofing_layering",
    "agent_id": "agent-spoofing_layering",
    "order_id": "scenario-087-spoofing_layering-agent-spoofing_layering-14",
    "action": "new",
    "side": "sell",
    "price": 65128.655679999996,
    "quantity": 0.5,
    "remaining_quantity": 0.5
  },
  {
    "event_id": "459bdde923a0699a6bf6ae23ac83cd8498c4bc4eb34b380d217957685cbe4e23",
    "schema_version": "1.0.0",
    "event_type": "agent_order",
    "source": "synthetic_agent",
    "symbol": "BTCUSDT",
    "exchange": "binance_usdm",
    "timestamp": "2024-05-01T00:00:00.750000Z",
    "sequence": 15,
    "scenario_id": "scenario-087-spoofing_layering",
    "agent_id": "agent-spoofing_layering",
    "order_id": "scenario-087-spoofing_layering-agent-spoofing_layering-15",
    "action": "new",
    "side": "sell",
    "price": 65129.30655,
    "quantity": 0.5,
    "remaining_quantity": 0.5
  },
  {
    "event_id": "fbd1dfafcfb4124dcf4bbef4e125009693d34365262a0b574077accad628cb50",
    "schema_version": "1.0.0",
    "event_type": "agent_order",
    "source": "synthetic_agent",
    "symbol": "BTCUSDT",
    "exchange": "binance_usdm",
    "timestamp": "2024-05-01T00:00:00.800000Z",
    "sequence": 16,
    "scenario_id": "scenario-087-spoofing_layering",
    "agent_id": "agent-spoofing_layering",
    "order_id": "scenario-087-spoofing_layering-agent-spoofing_layering-16",
    "action": "new",
    "side": "sell",
    "price": 65129.95741999999,
    "quantity": 0.5,
    "remaining_quantity": 0.5
  },
  {
    "event_id": "84f5e65a61f668e08229278bae3ba386090f9969b2ca1288542cbe3eb42a923e",
    "schema_version": "1.0.0",
    "event_type": "agent_order",
    "source": "synthetic_agent",
    "symbol": "BTCUSDT",
    "exchange": "binance_usdm",
    "timestamp": "2024-05-01T00:00:00.850000Z",
    "sequence": 17,
    "scenario_id": "scenario-087-spoofing_layering",
    "agent_id": "agent-spoofing_layering",
    "order_id": "scenario-087-spoofing_layering-agent-spoofing_layering-17",
    "action": "new",
    "side": "sell",
    "price": 65130.60829,
    "quantity": 0.5,
    "remaining_quantity": 0.5
  },
  {
    "event_id": "4167235769def4af27b9fa2510d4a547fc3c46e974f565c82fe04209775a638b",
    "schema_version": "1.0.0",
    "event_type": "agent_order",
    "source": "synthetic_agent",
    "symbol": "BTCUSDT",
    "exchange": "binance_usdm",
    "timestamp": "2024-05-01T00:00:00.900000Z",
    "sequence": 18,
    "scenario_id": "scenario-087-spoofing_layering",
    "agent_id": "agent-spoofing_layering",
    "order_id": "scenario-087-spoofing_layering-agent-spoofing_layering-18",
    "action": "new",
    "side": "sell",
    "price": 65131.25916,
    "quantity": 0.5,
    "remaining_quantity": 0.5
  },
  {
    "event_id": "59a5d8f4c7279725dd0c075f2c5aa97d3cf059690f9117914c96a3c461fac49b",
    "schema_version": "1.0.0",
    "event_type": "agent_order",
    "source": "synthetic_agent",
    "symbol": "BTCUSDT",
    "exchange": "binance_usdm",
    "timestamp": "2024-05-01T00:00:00.950000Z",
    "sequence": 19,
    "scenario_id": "scenario-087-spoofing_layering",
    "agent_id": "agent-spoofing_layering",
    "order_id": "scenario-087-spoofing_layering-agent-spoofing_layering-19",
    "action": "new",
    "side": "sell",
    "price": 65131.91002999999,
    "quantity": 0.5,
    "remaining_quantity": 0.5
  },
  {
    "event_id": "e6be420f11d7550b50bbc60d7e0ba2ef35acf15df3fd2fda8082a60427ddcab1",
    "schema_version": "1.0.0",
    "event_type": "agent_order",
    "source": "synthetic_agent",
    "symbol": "BTCUSDT",
    "exchange": "binance_usdm",
    "timestamp": "2024-05-01T00:00:01Z",
    "sequence": 20,
    "scenario_id": "scenario-087-spoofing_layering",
    "agent_id": "agent-spoofing_layering",
    "order_id": "scenario-087-spoofing_layering-agent-spoofing_layering-20",
    "action": "new",
    "side": "sell",
    "price": 65132.5609,
    "quantity": 0.5,
    "remaining_quantity": 0.5
  },
  {
    "event_id": "a2ed259d39e08a64193b7358579bf7d679a3c3542bec30259131a4e0c4710f0f",
    "schema_version": "1.0.0",
    "event_type": "agent_order",
    "source": "synthetic_agent",
    "symbol": "BTCUSDT",
    "exchange": "binance_usdm",
    "timestamp": "2024-05-01T00:00:01.050000Z",
    "sequence": 21,
    "scenario_id": "scenario-087-spoofing_layering",
    "agent_id": "agent-spoofing_layering",
    "order_id": "scenario-087-spoofing_layering-agent-spoofing_layering-21",
    "action": "new",
    "side": "sell",
    "price": 65133.21177,
    "quantity": 0.5,
    "remaining_quantity": 0.5
  },
  {
    "event_id": "737ab02ac7dabc70897c0257e0dfc52e6bcaa45a58bbc8d89f30e4ed4bad2c47",
    "schema_version": "1.0.0",
    "event_type": "agent_order",
    "source": "synthetic_agent",
    "symbol": "BTCUSDT",
    "exchange": "binance_usdm",
    "timestamp": "2024-05-01T00:00:01.100000Z",
    "sequence": 22,
    "scenario_id": "scenario-087-spoofing_layering",
    "agent_id": "agent-spoofing_layering",
    "order_id": "scenario-087-spoofing_layering-agent-spoofing_layering-22",
    "action": "new",
    "side": "sell",
    "price": 65133.86264000001,
    "quantity": 0.5,
    "remaining_quantity": 0.5
  },
  {
    "event_id": "0c659b16cb0a5e219e690d4812bc4e8803c947e77538977eac7c588465eb025a",
    "schema_version": "1.0.0",
    "event_type": "agent_order",
    "source": "synthetic_agent",
    "symbol": "BTCUSDT",
    "exchange": "binance_usdm",
    "timestamp": "2024-05-01T00:00:01.150000Z",
    "sequence": 23,
    "scenario_id": "scenario-087-spoofing_layering",
    "agent_id": "agent-spoofing_layering",
    "order_id": "scenario-087-spoofing_layering-agent-spoofing_layering-23",
    "action": "new",
    "side": "sell",
    "price": 65134.51350999999,
    "quantity": 0.5,
    "remaining_quantity": 0.5
  },
  {
    "event_id": "5f8f08f1d7320caa2790ca6b3b0822c991389ffbf47da17baf247a82e24ece32",
    "schema_version": "1.0.0",
    "event_type": "agent_order",
    "source": "synthetic_agent",
    "symbol": "BTCUSDT",
    "exchange": "binance_usdm",
    "timestamp": "2024-05-01T00:00:01.200000Z",
    "sequence": 24,
    "scenario_id": "scenario-087-spoofing_layering",
    "agent_id": "agent-spoofing_layering",
    "order_id": "scenario-087-spoofing_layering-agent-spoofing_layering-24",
    "action": "new",
    "side": "sell",
    "price": 65135.164379999995,
    "quantity": 0.5,
    "remaining_quantity": 0.5
  },
  {
    "event_id": "ce487cb5c6bb708548248d3f55f7fc4ca0967b259f2893f88f722b73e2cfdc20",
    "schema_version": "1.0.0",
    "event_type": "agent_order",
    "source": "synthetic_agent",
    "symbol": "BTCUSDT",
    "exchange": "binance_usdm",
    "timestamp": "2024-05-01T00:00:01.250000Z",
    "sequence": 25,
    "scenario_id": "scenario-087-spoofing_layering",
    "agent_id": "agent-spoofing_layering",
    "order_id": "scenario-087-spoofing_layering-agent-spoofing_layering-25",
    "action": "new",
    "side": "sell",
    "price": 65135.81525,
    "quantity": 0.5,
    "remaining_quantity": 0.5
  },
  {
    "event_id": "1effc172c6ca0fce4a90eb8e3d233a75f6bc0894b62d03c6296e22f7394d00a3",
    "schema_version": "1.0.0",
    "event_type": "agent_order",
    "source": "synthetic_agent",
    "symbol": "BTCUSDT",
    "exchange": "binance_usdm",
    "timestamp": "2024-05-01T00:00:01.300000Z",
    "sequence": 26,
    "scenario_id": "scenario-087-spoofing_layering",
    "agent_id": "agent-spoofing_layering",
    "order_id": "scenario-087-spoofing_layering-agent-spoofing_layering-26",
    "action": "new",
    "side": "sell",
    "price": 65136.46611999999,
    "quantity": 0.5,
    "remaining_quantity": 0.5
  },
  {
    "event_id": "b8571afab13a4861806349c3903b8f29777a4efbf2a6b4d9df23e946164f888b",
    "schema_version": "1.0.0",
    "event_type": "agent_order",
    "source": "synthetic_agent",
    "symbol": "BTCUSDT",
    "exchange": "binance_usdm",
    "timestamp": "2024-05-01T00:00:01.350000Z",
    "sequence": 27,
    "scenario_id": "scenario-087-spoofing_layering",
    "agent_id": "agent-spoofing_layering",
    "order_id": "scenario-087-spoofing_layering-agent-spoofing_layering-27",
    "action": "new",
    "side": "sell",
    "price": 65137.116989999995,
    "quantity": 0.5,
    "remaining_quantity": 0.5
  },
  {
    "event_id": "61dc71fd8200a8ff7009b9c48b41af25ea85fab02917cad7b872fcc5544a975a",
    "schema_version": "1.0.0",
    "event_type": "agent_order",
    "source": "synthetic_agent",
    "symbol": "BTCUSDT",
    "exchange": "binance_usdm",
    "timestamp": "2024-05-01T00:00:01.400000Z",
    "sequence": 28,
    "scenario_id": "scenario-087-spoofing_layering",
    "agent_id": "agent-spoofing_layering",
    "order_id": "scenario-087-spoofing_layering-agent-spoofing_layering-28",
    "action": "new",
    "side": "sell",
    "price": 65137.76786,
    "quantity": 0.5,
    "remaining_quantity": 0.5
  },
  {
    "event_id": "9c9a387847e0581050fea7ef5c4803ba032abf02d3ed20b19ca523d115be340e",
    "schema_version": "1.0.0",
    "event_type": "agent_order",
    "source": "synthetic_agent",
    "symbol": "BTCUSDT",
    "exchange": "binance_usdm",
    "timestamp": "2024-05-01T00:00:01.450000Z",
    "sequence": 29,
    "scenario_id": "scenario-087-spoofing_layering",
    "agent_id": "agent-spoofing_layering",
    "order_id": "scenario-087-spoofing_layering-agent-spoofing_layering-29",
    "action": "new",
    "side": "sell",
    "price": 65138.41872999999,
    "quantity": 0.5,
    "remaining_quantity": 0.5
  }
]