[
  {
    "event_id": "ffc87989f11c5e3e7c4fe756133cdeeddccf42b790fcec9dca4cfe4f61aa29a2",
    "schema_version": "1.0.0",
    "event_type": "agent_order",
    "source": "synthetic_agent",
    "symbol": "BTCUSDT",
    "exchange": "binance_usdm",
    "timestamp": "2024-05-01T00:00:00Z",
    "sequence": 0,
    "scenario_id": "scenario-433-twap_execution",
    "agent_id": "agent-twap_execution",
    "order_id": "scenario-433-twap_execution-agent-twap_execution-0",
    "action": "new",
    "side": "buy",
    "price": 65400.283500000005,
    "quantity": 0.005,
    "remaining_quantity": 0.005
  },
  {
    "event_id": "4cda77ca08aef8f2e4d267a98efb732598c806779363c4f2c969714983218376",
    "schema_version": "1.0.0",
    "event_type": "agent_order",
    "source": "synthetic_agent",
    "symbol": "BTCUSDT",
    "exchange": "binance_usdm",
    "timestamp": "2024-05-01T00:00:01Z",
    "sequence": 1,
    "scenario_id": "scenario-433-twap_execution",
    "agent_id": "agent-twap_execution",
    "order_id": "scenario-433-twap_execution-agent-twap_execution-1",
    "action": "new",
    "side": "buy",
    "price": 65400.283500000005,
    "quantity": 0.005,
    "remaining_quantity": 0.005
  },
  {
    "event_id": "8eae8c0c136baf40b3e3d06f13aa96449beaa372035df8cc8aed1fc13e85f2d5",
    "schema_version": "1.0.0",
    "event_type": "agent_order",
    "source": "synthetic_agent",
    "symbol": "BTCUSDT",
    "exchange": "binance_usdm",
    "timestamp": "2024-05-01T00:00:02Z",
    "sequence": 2,
    "scenario_id": "scenario-433-twap_execution",
    "agent_id": "agent-twap_execution",
    "order_id": "scenario-433-twap_execution-agent-twap_execution-2",
    "action": "new",
    "side": "buy",
    "price": 65400.283500000005,
    "quantity": 0.005,
    "remaining_quantity": 0.005
  },
  {
    "event_id": "19b97372063f4b0df6406625af9899ba2f66127ae0ec4addfd3d7be71812b955",
    "schema_version": "1.0.0",
    "event_type": "agent_order",
    "source": "synthetic_agent",
    "symbol": "BTCUSDT",
    "exchange": "binance_usdm",
    "timestamp": "2024-05-01T00:00:03Z",
    "sequence": 3,
    "scenario_id": "scenario-433-twap_execution",
    "agent_id": "agent-twap_execution",
    "order_id": "scenario-433-twap_execution-agent-twap_execution-3",
    "action": "new",
    "side": "buy",
    "price": 65400.283500000005,
    "quantity": 0.005,
    "remaining_quantity": 0.005
  },
  {
    "event_id": "1d04df69e4ded6623234b466a6cf78e6923bbce217c63b1169389fac5bc15098",
    "schema_version": "1.0.0",
    "event_type": "agent_order",
    "source": "synthetic_agent",
    "symbol": "BTCUSDT",
    "exchange": "binance_usdm",
    "timestamp": "2024-05-01T00:00:04Z",
    "sequence": 4,
    "scenario_id": "scenario-433-twap_execution",
    "agent_id": "agent-twap_execution",
    "order_id": "scenario-433-twap_execution-agent-twap_execution-4",
    "action": "new",
    "side": "buy",
    "price": 65400.283500000005,
    "quantity": 0.005,
    "remaining_quantity": 0.005
  },
  {
    "event_id": "6ef33f9fd761b218105ec029d5a81a0eddcf9b043ec8071be54f05412d9ba7ee",
    "schema_version": "1.0.0",
    "event_type": "agent_order",
    "source": "synthetic_agent",
    "symbol": "BTCUSDT",
    "exchange": "binance_usdm",
    "timestamp": "2024-05-01T00:00:05Z",
    "sequence": 5,
    "scenario_id": "scenario-433-twap_execution",
    "agent_id": "agent-twap_execution",
    "order_id": "scenario-433-twap_execution-agent-twap_execution-5",
    "action": "new",
    "side": "buy",
    "price": 65400.283500000005,
    "quantity": 0.005,
    "remaining_quantity": 0.005
  },
  {
    "event_id": "a63c31434d8766118e9b1a0bc8ecbf80504dc5e129c4848cb6e460b91420a525",
    "schema_version": "1.0.0",
    "event_type": "agent_order",
    "source": "synthetic_agent",
    "symbol": "BTCUSDT",
    "exchange": "binance_usdm",
    "timestamp": "2024-05-01T00:00:06Z",
    "sequence": 6,
    "scenario_id": "scenario-433-twap_execution",
    "agent_id": "agent-twap_execution",
    "order_id": "scenario-433-twap_execution-agent-twap_execution-6",
    "action": "new",
    "side": "buy",
    "price": 65400.283500000005,
    "quantity": 0.005,
    "remaining_quantity": 0.005
  },
  {
    "event_id": "54e822e27af14a35c1675b53aa0828575748b5a4770811f74009093a0fc649d9",
    "schema_version": "1.0.0",
    "event_type": "agent_order",
    "source": "synthetic_agent",
    "symbol": "BTCUSDT",
    "exchange": "binance_usdm",
    "timestamp": "2024-05-01T00:00:07Z",
    "sequence": 7,
    "scenario_id": "scenario-433-twap_execution",
    "agent_id": "agent-twap_execution",
    "order_id": "scenario-433-twap_execution-agent-twap_execution-7",
    "action": "new",
    "side": "buy",
    "price": 65400.283500000005,
    "quantity": 0.005,
    "remaining_quantity": 0.005
  },
  {
    "event_id": "3644b8aa6002fd23c2f33a8f1f2578c92ce64b9f0e4c0ad4c0907c3b97cb4449",
    "schema_version": "1.0.0",
    "event_type": "agent_order",
    "source": "synthetic_agent",
    "symbol": "BTCUSDT",
    "exchange": "binance_usdm",
    "timestamp": "2024-05-01T00:00:08Z",
    "sequence": 8,
    "scenario_id": "scenario-433-twap_execution",
    "agent_id": "agent-twap_execution",
    "order_id": "scenario-433-twap_execution-agent-twap_execution-8",
    "action": "new",
    "side": "buy",
    "price": 65400.283500000005,
    "quantity": 0.005,
    "remaining_quantity": 0.005
  },
  {
    "event_id": "b3d053e376c3ef62bddf5f7c9ae2e460bfd1aab26e99160abb02b88d731575bf",
    "schema_version": "1.0.0",
    "event_type": "agent_order",
    "source": "synthetic_agent",
    "symbol": "BTCUSDT",
    "exchange": "binance_usdm",
    "timestamp": "2024-05-01T00:00:09Z",
    "sequence": 9,
    "scenario_id": "scenario-433-twap_execution",
    "agent_id": "agent-twap_execution",
    "order_id": "scenario-433-twap_execution-agent-twap_execution-9",
    "action": "new",
    "side": "buy",
    "price": 65400.283500000005,
    "quantity": 0.005,
    "remaining_quantity": 0.005
  },
  {
    "event_id": "a86113c4e69ee9d2ad37b50931172206b702b1e66baee99b6658d9b2a62e5820",
    "schema_version": "1.0.0",
    "event_type": "agent_order",
    "source": "synthetic_agent",
    "symbol": "BTCUSDT",
    "exchange": "binance_usdm",
    "timestamp": "2024-05-01T00:00:10Z",
    "sequence": 10,
    "scenario_id": "scenario-433-twap_execution",
    "agent_id": "agent-twap_execution",
    "order_id": "scenario-433-twap_execution-agent-twap_execution-10",
    "action": "new",
    "side": "buy",
    "price": 65400.283500000005,
    "quantity": 0.005,
    "remaining_quantity": 0.005
  },
  {
    "event_id": "59f0b7ef963d6d6a903708d1d4ae577920d35b704c20faacf8f2dc01a8493d11",
    "schema_version": "1.0.0",
    "event_type": "agent_order",
    "source": "synthetic_agent",
    "symbol": "BTCUSDT",
    "exchange": "binance_usdm",
    "timestamp": "2024-05-01T00:00:11Z",
    "sequence": 11,
    "scenario_id": "scenario-433-twap_execution",
    "agent_id": "agent-twap_execution",
    "order_id": "scenario-433-twap_execution-agent-twap_execution-11",
    "action": "new",
    "side": "buy",
    "price": 65400.283500000005,
    "quantity": 0.005,
    "remaining_quantity": 0.005
  },
  {
    "event_id": "6607aaee7ef480ddee07071547aaa9fe9332c49518568bdac74cf9af2bc9c847",
    "schema_version": "1.0.0",
    "event_type": "agent_order",
    "source": "synthetic_agent",
    "symbol": "BTCUSDT",
    "exchange": "binance_usdm",
    "timestamp": "2024-05-01T00:00:12Z",
    "sequence": 12,
    "scenario_id": "scenario-433-twap_execution",
    "agent_id": "agent-twap_execution",
    "order_id": "scenario-433-twap_execution-agent-twap_execution-12",
    "action": "new",
    "side": "buy",
    "price": 65400.283500000005,
    "quantity": 0.005,
    "remaining_quantity": 0.005
  },
  {
    "event_id": "a43db4d3eb6b2e50ceb888007d210c8fdf3ee8d3b380a0dcf704844515d49a97",
    "schema_version": "1.0.0",
    "event_type": "agent_order",
    "source": "synthetic_agent",
    "symbol": "BTCUSDT",
    "exchange": "binance_usdm",
    "timestamp": "2024-05-01T00:00:13Z",
    "sequence": 13,
    "scenario_id": "scenario-433-twap_execution",
    "agent_id": "agent-twap_execution",
    "order_id": "scenario-433-twap_execution-agent-twap_execution-13",
    "action": "new",
    "side": "buy",
    "price": 65400.283500000005,
    "quantity": 0.005,
    "remaining_quantity": 0.005
  },
  {
    "event_id": "2e49231759c977dccfda8abf8d08c2d6427a9da450ceb1556377ff6090a8b9c4",
    "schema_version": "1.0.0",
    "event_type": "agent_order",
    "source": "synthetic_agent",
    "symbol": "BTCUSDT",
    "exchange": "binance_usdm",
    "timestamp": "2024-05-01T00:00:14Z",
    "sequence": 14,
    "scenario_id": "scenario-433-twap_execution",
    "agent_id": "agent-twap_execution",
    "order_id": "scenario-433-twap_execution-agent-twap_execution-14",
    "action": "new",
    "side": "buy",
    "price": 65400.283500000005,
    "quantity": 0.005,
    "remaining_quantity": 0.005
  },
  {
    "event_id": "fd470e7fd3699e526bd9bfa2e7279f4d908127fba7ed9eecd3c73115c2b24e1c",
    "schema_version": "1.0.0",
    "event_type": "agent_order",
    "source": "synthetic_agent",
    "symbol": "BTCUSDT",
    "exchange": "binance_usdm",
    "timestamp": "2024-05-01T00:00:15Z",
    "sequence": 15,
    "scenario_id": "scenario-433-twap_execution",
    "agent_id": "agent-twap_execution",
    "order_id": "scenario-433-twap_execution-agent-twap_execution-15",
    "action": "new",
    "side": "buy",
    "price": 65400.283500000005,
    "quantity": 0.005,
    "remaining_quantity": 0.005
  },
  {
    "event_id": "36ae02c03fad56dd3519987df463e46c708edaff5522e595077dd7e62e6bd5e3",
    "schema_version": "1.0.0",
    "event_type": "agent_order",
    "source": "synthetic_agent",
    "symbol": "BTCUSDT",
    "exchange": "binance_usdm",
    "timestamp": "2024-05-01T00:00:16Z",
    "sequence": 16,
    "scenario_id": "scenario-433-twap_execution",
    "agent_id": "agent-twap_execution",
    "order_id": "scenario-433-twap_execution-agent-twap_execution-16",
    "action": "new",
    "side": "buy",
    "price": 65400.283500000005,
    "quantity": 0.005,
    "remaining_quantity": 0.005
  },
  {
    "event_id": "5c7b29893fc49caa8bac05551cde482dd06bdf000b468d18a1e908be3151969f",
    "schema_version": "1.0.0",
    "event_type": "agent_order",
    "source": "synthetic_agent",
    "symbol": "BTCUSDT",
    "exchange": "binance_usdm",
    "timestamp": "2024-05-01T00:00:17Z",
    "sequence": 17,
    "scenario_id": "scenario-433-twap_execution",
    "agent_id": "agent-twap_execution",
    "order_id": "scenario-433-twap_execution-agent-twap_execution-17",
    "action": "new",
    "side": "buy",
    "price": 65400.283500000005,
    "quantity": 0.005,
    "remaining_quantity": 0.005
  },
  {
    "event_id": "528122e72a92800e54d1fca4b08f682a31d8f6e3d58a45501966cf2ccfd3e83b",
    "schema_version": "1.0.0",
    "event_type": "agent_order",
    "source": "synthetic_agent",
    "symbol": "BTCUSDT",
    "exchange": "binance_usdm",
    "timestamp": "2024-05-01T00:00:18Z",
    "sequence": 18,
    "scenario_id": "scenario-433-twap_execution",
    "agent_id": "agent-twap_execution",
    "order_id": "scenario-433-twap_execution-agent-twap_execution-18",
    "action": "new",
    "side": "buy",
    "price": 65400.283500000005,
    "quantity": 0.005,
    "remaining_quantity": 0.005
  },
  {
    "event_id": "10ba3a3751565e479a89d251f973d8d1f60c7ba88720c639ed50f8872dc718d7",
    "schema_version": "1.0.0",
    "event_type": "agent_order",
    "source": "synthetic_agent",
    "symbol": "BTCUSDT",
    "exchange": "binance_usdm",
    "timestamp": "2024-05-01T00:00:19Z",
    "sequence": 19,
    "scenario_id": "scenario-433-twap_execution",
    "agent_id": "agent-twap_execution",
    "order_id": "scenario-433-twap_execution-agent-twap_execution-19",
    "action": "new",
    "side": "buy",
    "price": 65400.283500000005,
    "quantity": 0.005,
    "remaining_quantity": 0.005
  },
  {
    "event_id": "e36acea6bc9aecb67a7bf270e41412b537352f3314f3fe13ddb56a57fcb2d0dc",
    "schema_version": "1.0.0",
    "event_type": "agent_order",
    "source": "synthetic_agent",
    "symbol": "BTCUSDT",
    "exchange": "binance_usdm",
    "timestamp": "2024-05-01T00:00:20Z",
    "sequence": 20,
    "scenario_id": "scenario-433-twap_execution",
    "agent_id": "agent-twap_execution",
    "order_id": "scenario-433-twap_execution-agent-twap_execution-20",
    "action": "new",
    "side": "buy",
    "price": 65400.283500000005,
    "quantity": 0.005,
    "remaining_quantity": 0.005
  },
  {
    "event_id": "a1a0d453fb19a03974ab654b915eadbe9413e06a3f4d8b7118c8978fecd1bc25",
    "schema_version": "1.0.0",
    "event_type": "agent_order",
    "source": "synthetic_agent",
    "symbol": "BTCUSDT",
    "exchange": "binance_usdm",
    "timestamp": "2024-05-01T00:00:21Z",
    "sequence": 21,
    "scenario_id": "scenario-433-twap_execution",
    "agent_id": "agent-twap_execution",
    "order_id": "scenario-433-twap_execution-agent-twap_execution-21",
    "action": "new",
    "side": "buy",
    "price": 65400.283500000005,
    "quantity": 0.005,
    "remaining_quantity": 0.005
  },
  {
    "event_id": "43f6288f1e42a0ac1b6eabf322ef7a17b79b97f0552d1b96478c4b322570aed7",
    "schema_version": "1.0.0",
    "event_type": "agent_order",
    "source": "synthetic_agent",
    "symbol": "BTCUSDT",
    "exchange": "binance_usdm",
    "timestamp": "2024-05-01T00:00:22Z",
    "sequence": 22,
    "scenario_id": "scenario-433-twap_execution",
    "agent_id": "agent-twap_execution",
    "order_id": "scenario-433-twap_execution-agent-twap_execution-22",
    "action": "new",
    "side": "buy",
    "price": 65400.283500000005,
    "quantity": 0.005,
    "remaining_quantity": 0.005
  },
  {
    "event_id": "22c8df96dc5383154def5ec05e52225f6124bd6033147ce3ac2d5e20c0873939",
    "schema_version": "1.0.0",
    "event_type": "agent_order",
    "source": "synthetic_agent",
    "symbol": "BTCUSDT",
    "exchange": "binance_usdm",
    "timestamp": "2024-05-01T00:00:23Z",
    "sequence": 23,
    "scenario_id": "scenario-433-twap_execution",
    "agent_id": "agent-twap_execution",
    "order_id": "scenario-433-twap_execution-agent-twap_execution-23",
    "action": "new",
    "side": "buy",
    "price": 65400.283500000005,
    "quantity": 0.005,
    "remaining_quantity": 0.005
  },
  {
    "event_id": "b9bf85a40f20a863be1490629550f0852abb52ab6fd67b4ba7c16d7d4c4acbab",
    "schema_version": "1.0.0",
    "event_type": "agent_order",
    "source": "synthetic_agent",
    "symbol": "BTCUSDT",
    "exchange": "binance_usdm",
    "timestamp": "2024-05-01T00:00:24Z",
    "sequence": 24,
    "scenario_id": "scenario-433-twap_execution",
    "agent_id": "agent-twap_execution",
    "order_id": "scenario-433-twap_execution-agent-twap_execution-24",
    "action": "new",
    "side": "buy",
    "price": 65400.283500000005,
    "quantity": 0.005,
    "remaining_quantity": 0.005
  },
  {
    "event_id": "f4b22ff84637ee5bfb177eae8e3645c5839ffd584c99c23a8c6380d1baf52d67",
    "schema_version": "1.0.0",
    "event_type": "agent_order",
    "source": "synthetic_agent",
    "symbol": "BTCUSDT",
    "exchange": "binance_usdm",
    "timestamp": "2024-05-01T00:00:25Z",
    "sequence": 25,
    "scenario_id": "scenario-433-twap_execution",
    "agent_id": "agent-twap_execution",
    "order_id": "scenario-433-twap_execution-agent-twap_execution-25",
    "action": "new",
    "side": "buy",
    "price": 65400.283500000005,
    "quantity": 0.005,
    "remaining_quantity": 0.005
  },
  {
    "event_id": "797ee98b279966b43cc6fc44cfb98f9be4ff2e8880b3efac5ebcc9f90e1aca07",
    "schema_version": "1.0.0",
    "event_type": "agent_order",
    "source": "synthetic_agent",
    "symbol": "BTCUSDT",
    "exchange": "binance_usdm",
    "timestamp": "2024-05-01T00:00:26Z",
    "sequence": 26,
    "scenario_id": "scenario-433-twap_execution",
    "agent_id": "agent-twap_execution",
    "order_id": "scenario-433-twap_execution-agent-twap_execution-26",
    "action": "new",
    "side": "buy",
    "price": 65400.283500000005,
    "quantity": 0.005,
    "remaining_quantity": 0.005
  },
  {
    "event_id": "98cdb9af3cda848fecb0c719ec347b380984eea997f2f59682dcd3346af2158f",
    "schema_version": "1.0.0",
    "event_type": "agent_order",
    "source": "synthetic_agent",
    "symbol": "BTCUSDT",
    "exchange": "binance_usdm",
    "timestamp": "2024-05-01T00:00:27Z",
    "sequence": 27,
    "scenario_id": "scenario-433-twap_execution",
    "agent_id": "agent-twap_execution",
    "order_id": "scenario-433-twap_execution-agent-twap_execution-27",
    "action": "new",
    "side": "buy",
    "price": 65400.283500000005,
    "quantity": 0.005,
    "remaining_quantity": 0.005
  },
  {
    "event_id": "3c8969011dd257005cd83fd6dc365fdf2ec0181295b827fa44c6e30df5bb0b78",
    "schema_version": "1.0.0",
    "event_type": "agent_order",
    "source": "synthetic_agent",
    "symbol": "BTCUSDT",
    "exchange": "binance_usdm",
    "timestamp": "2024-05-01T00:00:28Z",
    "sequence": 28,
    "scenario_id": "scenario-433-twap_execution",
    "agent_id": "agent-twap_execution",
    "order_id": "scenario-433-twap_execution-agent-twap_execution-28",
    "action": "new",
    "side": "buy",
    "price": 65400.283500000005,
    "quantity": 0.005,
    "remaining_quantity": 0.005
  },
  {
    "event_id": "148161212baec3a0d430e2cdf0907916c656c8bcf79619d54c28021a0a7d8ac3",
    "schema_version": "1.0.0",
    "event_type": "agent_order",
    "source": "synthetic_agent",
    "symbol": "BTCUSDT",
    "exchange": "binance_usdm",
    "timestamp": "2024-05-01T00:00:29Z",
    "sequence": 29,
    "scenario_id": "scenario-433-twap_execution",
    "agent_id": "agent-twap_execution",
    "order_id": "scenario-433-twap_execution-agent-twap_execution-29",
    "action": "new",
    "side": "buy",
    "price": 65400.283500000005,
    "quantity": 0.005,
    "remaining_quantity": 0.005
  }
]