[
  {
    "event_id": "da657b1b7b98575a34eb6d338d48c372d702ac38b567e9da851068e21817df88",
    "schema_version": "1.0.0",
    "event_type": "agent_order",
    "source": "synthetic_agent",
    "symbol": "BTCUSDT",
    "exchange": "binance_usdm",
    "timestamp": "2024-05-01T00:00:00Z",
    "sequence": 0,
    "scenario_id": "scenario-022-runaway_inventory",
    "agent_id": "agent-runaway_inventory",
    "order_id": "scenario-022-runaway_inventory-agent-runaway_inventory-0",
    "action": "new",
    "side": "buy",
    "price": 65022.0,
    "quantity": 0.01,
    "remaining_quantity": 0.01
  },
  {
    "event_id": "2e32f28633cc4b082824ea2cae3f09686407036fd6ba0255108dafe0cba269f7",
    "schema_version": "1.0.0",
    "event_type": "agent_order",
    "source": "synthetic_agent",
    "symbol": "BTCUSDT",
    "exchange": "binance_usdm",
    "timestamp": "2024-05-01T00:00:00.070000Z",
    "sequence": 1,
    "scenario_id": "scenario-022-runaway_inventory",
    "agent_id": "agent-runaway_inventory",
    "order_id": "scenario-022-runaway_inventory-agent-runaway_inventory-1",
    "action": "new",
    "side": "buy",
    "price": 65023.950659999995,
    "quantity": 0.012,
    "remaining_quantity": 0.012
  },
  {
    "event_id": "fd692610a8f8725c36680c996c754755269d3f38128ff9f2ed57a0d50d40f0d4",
    "schema_version": "1.0.0",
    "event_type": "agent_order",
    "source": "synthetic_agent",
    "symbol": "BTCUSDT",
    "exchange": "binance_usdm",
    "timestamp": "2024-05-01T00:00:00.140000Z",
    "sequence": 2,
    "scenario_id": "scenario-022-runaway_inventory",
    "agent_id": "agent-runaway_inventory",
    "order_id": "scenario-022-runaway_inventory-agent-runaway_inventory-2",
    "action": "new",
    "side": "buy",
    "price": 65025.90132,
    "quantity": 0.014,
    "remaining_quantity": 0.014
  },
  {
    "event_id": "269701caef29a5be6ea297a3c01fc13c4b6a283e52016f5b772b631bf819fcf2",
    "schema_version": "1.0.0",
    "event_type": "agent_order",
    "source": "synthetic_agent",
    "symbol": "BTCUSDT",
    "exchange": "binance_usdm",
    "timestamp": "2024-05-01T00:00:00.210000Z",
    "sequence": 3,
    "scenario_id": "scenario-022-runaway_inventory",
    "agent_id": "agent-runaway_inventory",
    "order_id": "scenario-022-runaway_inventory-agent-runaway_inventory-3",
    "action": "new",
    "side": "buy",
    "price": 65027.85197999999,
    "quantity": 0.016,
    "remaining_quantity": 0.016
  },
  {
    "event_id": "59cce7e005dbdae86528917b8e1b23e1bf0a1f8c2320e31c9b089d5a7c336139",
    "schema_version": "1.0.0",
    "event_type": "agent_order",
    "source": "synthetic_agent",
    "symbol": "BTCUSDT",
    "exchange": "binance_usdm",
    "timestamp": "2024-05-01T00:00:00.280000Z",
    "sequence": 4,
    "scenario_id": "scenario-022-runaway_inventory",
    "agent_id": "agent-runaway_inventory",
    "order_id": "scenario-022-runaway_inventory-agent-runaway_inventory-4",
    "action": "new",
    "side": "buy",
    "price": 65029.802639999994,
    "quantity": 0.018000000000000002,
    "remaining_quantity": 0.018000000000000002
  },
  {
    "event_id": "9fcd13070608003b2383ea19f8f2313e8fa590d053d32eb9551ac36b4d963af1",
    "schema_version": "1.0.0",
    "event_type": "agent_order",
    "source": "synthetic_agent",
    "symbol": "BTCUSDT",
    "exchange": "binance_usdm",
    "timestamp": "2024-05-01T00:00:00.350000Z",
    "sequence": 5,
    "scenario_id": "scenario-022-runaway_inventory",
    "agent_id": "agent-runaway_inventory",
    "order_id": "scenario-022-runaway_inventory-agent-runaway_inventory-5",
    "action": "new",
    "side": "buy",
    "price": 65031.753300000004,
    "quantity": 0.02,
    "remaining_quantity": 0.02
  },
  {
    "event_id": "0452cede5c9a92e08c3a41fb9296524c21ff807a06603ab39df2d2f15e50c83c",
    "schema_version": "1.0.0",
    "event_type": "agent_order",
    "source": "synthetic_agent",
    "symbol": "BTCUSDT",
    "exchange": "binance_usdm",
    "timestamp": "2024-05-01T00:00:00.420000Z",
    "sequence": 6,
    "scenario_id": "scenario-022-runaway_inventory",
    "agent_id": "agent-runaway_inventory",
    "order_id": "scenario-022-runaway_inventory-agent-runaway_inventory-6",
    "action": "new",
    "side": "buy",
    "price": 65033.703960000006,
    "quantity": 0.022,
    "remaining_quantity": 0.022
  },
  {
    "event_id": "90cc0e154f5f8d6618977792bd1bab55fc796e410034b19270a51925d09fe7dc",
    "schema_version": "1.0.0",
    "event_type": "agent_order",
    "source": "synthetic_agent",
    "symbol": "BTCUSDT",
    "exchange": "binance_usdm",
    "timestamp": "2024-05-01T00:00:00.490000Z",
    "sequence": 7,
    "scenario_id": "scenario-022-runaway_inventory",
    "agent_id": "agent-runaway_inventory",
    "order_id": "scenario-022-runaway_inventory-agent-runaway_inventory-7",
    "action": "new",
    "side": "buy",
    "price": 65035.65462,
    "quantity": 0.024,
    "remaining_quantity": 0.024
  },
  {
    "event_id": "07f6aacaada9e8e98468bcf166911d688a5abe9862a89263a98dd2b53a67488c",
    "schema_version": "1.0.0",
    "event_type": "agent_order",
    "source": "synthetic_agent",
    "symbol": "BTCUSDT",
    "exchange": "binance_usdm",
    "timestamp": "2024-05-01T00:00:00.560000Z",
    "sequence": 8,
    "scenario_id": "scenario-022-runaway_inventory",
    "agent_id": "agent-runaway_inventory",
    "order_id": "scenario-022-runaway_inventory-agent-runaway_inventory-8",
    "action": "new",
    "side": "buy",
    "price": 65037.60528,
    "quantity": 0.026000000000000002,
    "remaining_quantity": 0.026000000000000002
  },
  {
    "event_id": "8db631135c30aa7f270a350354455c2f4379ce31727b1c7d8e839827000aa1d7",
    "schema_version": "1.0.0",
    "event_type": "agent_order",
    "source": "synthetic_agent",
    "symbol": "BTCUSDT",
    "exchange": "binance_usdm",
    "timestamp": "2024-05-01T00:00:00.630000Z",
    "sequence": 9,
    "scenario_id": "scenario-022-runaway_inventory",
    "agent_id": "agent-runaway_inventory",
    "order_id": "scenario-022-runaway_inventory-agent-runaway_inventory-9",
    "action": "new",
    "side": "buy",
    "price": 65039.55594,
    "quantity": 0.028000000000000004,
    "remaining_quantity": 0.028000000000000004
  },
  {
    "event_id": "b8ed9f81a35747c54442eda86c9b1f823b86eef7d27e0f5e1e96e552c6b1d8ea",
    "schema_version": "1.0.0",
    "event_type": "agent_order",
    "source": "synthetic_agent",
    "symbol": "BTCUSDT",
    "exchange": "binance_usdm",
    "timestamp": "2024-05-01T00:00:00.700000Z",
    "sequence": 10,
    "scenario_id": "scenario-022-runaway_inventory",
    "agent_id": "agent-runaway_inventory",
    "order_id": "scenario-022-runaway_inventory-agent-runaway_inventory-10",
    "action": "new",
    "side": "buy",
    "price": 65041.5066,
    "quantity": 0.03,
    "remaining_quantity": 0.03
  },
  {
    "event_id": "2bd89ab5d0696a1323bbc19e6bcdc9131b8fe39f423841e1d276291ad1a99a9d",
    "schema_version": "1.0.0",
    "event_type": "agent_order",
    "source": "synthetic_agent",
    "symbol": "BTCUSDT",
    "exchange": "binance_usdm",
    "timestamp": "2024-05-01T00:00:00.770000Z",
    "sequence": 11,
    "scenario_id": "scenario-022-runaway_inventory",
    "agent_id": "agent-runaway_inventory",
    "order_id": "scenario-022-runaway_inventory-agent-runaway_inventory-11",
    "action": "new",
    "side": "buy",
    "price": 65043.457259999996,
    "quantity": 0.032,
    "remaining_quantity": 0.032
  },
  {
    "event_id": "c2368411a782ca6b45031e19fc7cbca3bac4db1bd59bd6fc693c690f95671c0d",
    "schema_version": "1.0.0",
    "event_type": "agent_order",
    "source": "synthetic_agent",
    "symbol": "BTCUSDT",
    "exchange": "binance_usdm",
    "timestamp": "2024-05-01T00:00:00.840000Z",
    "sequence": 12,
    "scenario_id": "scenario-022-runaway_inventory",
    "agent_id": "agent-runaway_inventory",
    "order_id": "scenario-022-runaway_inventory-agent-runaway_inventory-12",
    "action": "new",
    "side": "buy",
    "price": 65045.40792,
    "quantity": 0.034,
    "remaining_quantity": 0.034
  },
  {
    "event_id": "4ca6cd83442d14437e4a60b05e825b067709340a55701fc19052a1bafc876377",
    "schema_version": "1.0.0",
    "event_type": "agent_order",
    "source": "synthetic_agent",
    "symbol": "BTCUSDT",
    "exchange": "binance_usdm",
    "timestamp": "2024-05-01T00:00:00.910000Z",
    "sequence": 13,
    "scenario_id": "scenario-022-runaway_inventory",
    "agent_id": "agent-runaway_inventory",
    "order_id": "scenario-022-runaway_inventory-agent-runaway_inventory-13",
    "action": "new",
    "side": "buy",
    "price": 65047.35857999999,
    "quantity": 0.036000000000000004,
    "remaining_quantity": 0.036000000000000004
  },
  {
    "event_id": "045c222e7e6a0eb57613192d34bc9431d3145f40b6d758269331f97ce9a34ef8",
    "schema_version": "1.0.0",
    "event_type": "agent_order",
    "source": "synthetic_agent",
    "symbol": "BTCUSDT",
    "exchange": "binance_usdm",
    "timestamp": "2024-05-01T00:00:00.980000Z",
    "sequence": 14,
    "scenario_id": "scenario-022-runaway_inventory",
    "agent_id": "agent-runaway_inventory",
    "order_id": "scenario-022-runaway_inventory-agent-runaway_inventory-14",
    "action": "new",
    "side": "buy",
    "price": 65049.30924,
    "quantity": 0.038,
    "remaining_quantity": 0.038
  },
  {
    "event_id": "bb832931e6cd601c15dadfc0cc498afa70d0f8f233ad37ad03798f360a71dcca",
    "schema_version": "1.0.0",
    "event_type": "agent_order",
    "source": "synthetic_agent",
    "symbol": "BTCUSDT",
    "exchange": "binance_usdm",
    "timestamp": "2024-05-01T00:00:01.050000Z",
    "sequence": 15,
    "scenario_id": "scenario-022-runaway_inventory",
    "agent_id": "agent-runaway_inventory",
    "order_id": "scenario-022-runaway_inventory-agent-runaway_inventory-15",
    "action": "new",
    "side": "buy",
    "price": 65051.259900000005,
    "quantity": 0.04,
    "remaining_quantity": 0.04
  },
  {
    "event_id": "25f493f3e848f847941adeafbdf02e474df05d30330288a4e1f3eff20e3c7a21",
    "schema_version": "1.0.0",
    "event_type": "agent_order",
    "source": "synthetic_agent",
    "symbol": "BTCUSDT",
    "exchange": "binance_usdm",
    "timestamp": "2024-05-01T00:00:01.120000Z",
    "sequence": 16,
    "scenario_id": "scenario-022-runaway_inventory",
    "agent_id": "agent-runaway_inventory",
    "order_id": "scenario-022-runaway_inventory-agent-runaway_inventory-16",
    "action": "new",
    "side": "buy",
    "price": 65053.21056,
    "quantity": 0.042,
    "remaining_quantity": 0.042
  },
  {
    "event_id": "241531ba58092db14451b0eb6d3b49a06465d8da438d47359f4d1c6b8ef20045",
    "schema_version": "1.0.0",
    "event_type": "agent_order",
    "source": "synthetic_agent",
    "symbol": "BTCUSDT",
    "exchange": "binance_usdm",
    "timestamp": "2024-05-01T00:00:01.190000Z",
    "sequence": 17,
    "scenario_id": "scenario-022-runaway_inventory",
    "agent_id": "agent-runaway_inventory",
    "order_id": "scenario-022-runaway_inventory-agent-runaway_inventory-17",
    "action": "new",
    "side": "buy",
    "price": 65055.16122,
    "quantity": 0.044000000000000004,
    "remaining_quantity": 0.044000000000000004
  },
  {
    "event_id": "6d460e5140cc59f1e85ff8474ce9ae14199e3620962d805b7462a57a20f2b43a",
    "schema_version": "1.0.0",
    "event_type": "agent_order",
    "source": "synthetic_agent",
    "symbol": "BTCUSDT",
    "exchange": "binance_usdm",
    "timestamp": "2024-05-01T00:00:01.260000Z",
    "sequence": 18,
    "scenario_id": "scenario-022-runaway_inventory",
    "agent_id": "agent-runaway_inventory",
    "order_id": "scenario-022-runaway_inventory-agent-runaway_inventory-18",
    "action": "new",
    "side": "buy",
    "price": 65057.11188,
    "quantity": 0.046000000000000006,
    "remaining_quantity": 0.046000000000000006
  },
  {
    "event_id": "f7d9395d259c9af73b89e16d8bfc2450d5b80081b43ef7a08f59043b1f5ae980",
    "schema_version": "1.0.0",
    "event_type": "agent_order",
    "source": "synthetic_agent",
    "symbol": "BTCUSDT",
    "exchange": "binance_usdm",
    "timestamp": "2024-05-01T00:00:01.330000Z",
    "sequence": 19,
    "scenario_id": "scenario-022-runaway_inventory",
    "agent_id": "agent-runaway_inventory",
    "order_id": "scenario-022-runaway_inventory-agent-runaway_inventory-19",
    "action": "new",
    "side": "buy",
    "price": 65059.06254,
    "quantity": 0.048,
    "remaining_quantity": 0.048
  },
  {
    "event_id": "a7e8bb6408d10c38bcfb6722d4d130ee885601bf393cf972761f470fb8496dc5",
    "schema_version": "1.0.0",
    "event_type": "agent_order",
    "source": "synthetic_agent",
    "symbol": "BTCUSDT",
    "exchange": "binance_usdm",
    "timestamp": "2024-05-01T00:00:01.400000Z",
    "sequence": 20,
    "scenario_id": "scenario-022-runaway_inventory",
    "agent_id": "agent-runaway_inventory",
    "order_id": "scenario-022-runaway_inventory-agent-runaway_inventory-20",
    "action": "new",
    "side": "buy",
    "price": 65061.013199999994,
    "quantity": 0.05,
    "remaining_quantity": 0.05
  },
  {
    "event_id": "e96ef3951bb8c513d20a6d9c5c5bd0856b0f685c7059a8ae00495eea520f648f",
    "schema_version": "1.0.0",
    "event_type": "agent_order",
    "source": "synthetic_agent",
    "symbol": "BTCUSDT",
    "exchange": "binance_usdm",
    "timestamp": "2024-05-01T00:00:01.470000Z",
    "sequence": 21,
    "scenario_id": "scenario-022-runaway_inventory",
    "agent_id": "agent-runaway_inventory",
    "order_id": "scenario-022-runaway_inventory-agent-runaway_inventory-21",
    "action": "new",
    "side": "buy",
    "price": 65062.963859999996,
    "quantity": 0.052000000000000005,
    "remaining_quantity": 0.052000000000000005
  },
  {
    "event_id": "f753e5af3dcc2b7e73f4db6ad9408946cef73c5d6fad3d44cbae9b996e907f4e",
    "schema_version": "1.0.0",
    "event_type": "agent_order",
    "source": "synthetic_agent",
    "symbol": "BTCUSDT",
    "exchange": "binance_usdm",
    "timestamp": "2024-05-01T00:00:01.540000Z",
    "sequence": 22,
    "scenario_id": "scenario-022-runaway_inventory",
    "agent_id": "agent-runaway_inventory",
    "order_id": "scenario-022-runaway_inventory-agent-runaway_inventory-22",
    "action": "new",
    "side": "buy",
    "price": 65064.914520000006,
    "quantity": 0.054,
    "remaining_quantity": 0.054
  },
  {
    "event_id": "3005eff6b447f5219897e391aac4bbba55a0618a807359def30850fdfe4771dd",
    "schema_version": "1.0.0",
    "event_type": "agent_order",
    "source": "synthetic_agent",
    "symbol": "BTCUSDT",
    "exchange": "binance_usdm",
    "timestamp": "2024-05-01T00:00:01.610000Z",
    "sequence": 23,
    "scenario_id": "scenario-022-runaway_inventory",
    "agent_id": "agent-runaway_inventory",
    "order_id": "scenario-022-runaway_inventory-agent-runaway_inventory-23",
    "action": "new",
    "side": "buy",
    "price": 65066.86518000001,
    "quantity": 0.056,
    "remaining_quantity": 0.056
  },
  {
    "event_id": "f1c3c78dce1d15bd1c1d8c832680f5b3ca043e347c01c901814c440378e0c240",
    "schema_version": "1.0.0",
    "event_type": "agent_order",
    "source": "synthetic_agent",
    "symbol": "BTCUSDT",
    "exchange": "binance_usdm",
    "timestamp": "2024-05-01T00:00:01.680000Z",
    "sequence": 24,
    "scenario_id": "scenario-022-runaway_inventory",
    "agent_id": "agent-runaway_inventory",
    "order_id": "scenario-022-runaway_inventory-agent-runaway_inventory-24",
    "action": "new",
    "side": "buy",
    "price": 65068.81584,
    "quantity": 0.058,
    "remaining_quantity": 0.058
  },
  {
    "event_id": "23c0815a5a2353d5ac564df4953274f72bd653272248d3196be0a49d2fd82d4f",
    "schema_version": "1.0.0",
    "event_type": "agent_order",
    "source": "synthetic_agent",
    "symbol": "BTCUSDT",
    "exchange": "binance_usdm",
    "timestamp": "2024-05-01T00:00:01.750000Z",
    "sequence": 25,
    "scenario_id": "scenario-022-runaway_inventory",
    "agent_id": "agent-runaway_inventory",
    "order_id": "scenario-022-runaway_inventory-agent-runaway_inventory-25",
    "action": "new",
    "side": "buy",
    "price": 65070.766500000005,
    "quantity": 0.060000000000000005,
    "remaining_quantity": 0.060000000000000005
  },
  {
    "event_id": "a1442f6f99ca5d9c32245fa2562ac0bc1eaeb2c23cfb3485131d42d84522bbdc",
    "schema_version": "1.0.0",
    "event_type": "agent_order",
    "source": "synthetic_agent",
    "symbol": "BTCUSDT",
    "exchange": "binance_usdm",
    "timestamp": "2024-05-01T00:00:01.820000Z",
    "sequence": 26,
    "scenario_id": "scenario-022-runaway_inventory",
    "agent_id": "agent-runaway_inventory",
    "order_id": "scenario-022-runaway_inventory-agent-runaway_inventory-26",
    "action": "new",
    "side": "buy",
    "price": 65072.71716,
    "quantity": 0.062000000000000006,
    "remaining_quantity": 0.062000000000000006
  },
  {
    "event_id": "b5e52c63e74267d0e225246dbcc7836b53fd062b7be69fb3f2e79faf22e74137",
    "schema_version": "1.0.0",
    "event_type": "agent_order",
    "source": "synthetic_agent",
    "symbol": "BTCUSDT",
    "exchange": "binance_usdm",
    "timestamp": "2024-05-01T00:00:01.890000Z",
    "sequence": 27,
    "scenario_id": "scenario-022-runaway_inventory",
    "agent_id": "agent-runaway_inventory",
    "order_id": "scenario-022-runaway_inventory-agent-runaway_inventory-27",
    "action": "new",
    "side": "buy",
    "price": 65074.667819999995,
    "quantity": 0.064,
    "remaining_quantity": 0.064
  },
  {
    "event_id": "036b9c9864e963b847040f94813268e8cb074d00484174bc2554e0472ea5caf2",
    "schema_version": "1.0.0",
    "event_type": "agent_order",
    "source": "synthetic_agent",
    "symbol": "BTCUSDT",
    "exchange": "binance_usdm",
    "timestamp": "2024-05-01T00:00:01.960000Z",
    "sequence": 28,
    "scenario_id": "scenario-022-runaway_inventory",
    "agent_id": "agent-runaway_inventory",
    "order_id": "scenario-022-runaway_inventory-agent-runaway_inventory-28",
    "action": "new",
    "side": "buy",
    "price": 65076.61848,
    "quantity": 0.066,
    "remaining_quantity": 0.066
  },
  {
    "event_id": "7f0df3f30a22030b299fdf1d94a9e07b85eefb71f86e8317c0ee0884439e83cc",
    "schema_version": "1.0.0",
    "event_type": "agent_order",
    "source": "synthetic_agent",
    "symbol": "BTCUSDT",
    "exchange": "binance_usdm",
    "timestamp": "2024-05-01T00:00:02.030000Z",
    "sequence": 29,
    "scenario_id": "scenario-022-runaway_inventory",
    "agent_id": "agent-runaway_inventory",
    "order_id": "scenario-022-runaway_inventory-agent-runaway_inventory-29",
    "action": "new",
    "side": "buy",
    "price": 65078.56913999999,
    "quantity": 0.068,
    "remaining_quantity": 0.068
  }
]