[
  {
    "event_id": "20188af68eb536f682d30860c0bf87a977e72c3b6a6675e7c9ae61edf8a91d90",
    "schema_version": "1.0.0",
    "event_type": "agent_order",
    "source": "synthetic_agent",
    "symbol": "BTCUSDT",
    "exchange": "binance_usdm",
    "timestamp": "2024-05-01T00:00:00Z",
    "sequence": 0,
    "scenario_id": "scenario-005-momentum_ignition",
    "agent_id": "agent-momentum_ignition",
    "order_id": "scenario-005-momentum_ignition-agent-momentum_ignition-0",
    "action": "new",
    "side": "buy",
    "price": 65070.00499999999,
    "quantity": 0.08,
    "remaining_quantity": 0.08
  },
  {
    "event_id": "7196c606dce7b54c047e6faff35250b6191b332949c5e7c588b656603ef164ad",
    "schema_version": "1.0.0",
    "event_type": "agent_order",
    "source": "synthetic_agent",
    "symbol": "BTCUSDT",
    "exchange": "binance_usdm",
    "timestamp": "2024-05-01T00:00:00.080000Z",
    "sequence": 1,
    "scenario_id": "scenario-005-momentum_ignition",
    "agent_id": "agent-momentum_ignition",
    "order_id": "scenario-005-momentum_ignition-agent-momentum_ignition-1",
    "action": "new",
    "side": "buy",
    "price": 65071.30509999999,
    "quantity": 0.08,
    "remaining_quantity": 0.08
  },
  {
    "event_id": "362e8621071ee45728615b6bc2caa14714bf883bda6e55d787a1e429c8b9ad52",
    "schema_version": "1.0.0",
    "event_type": "agent_order",
    "source": "synthetic_agent",
    "symbol": "BTCUSDT",
    "exchange": "binance_usdm",
    "timestamp": "2024-05-01T00:00:00.160000Z",
    "sequence": 2,
    "scenario_id": "scenario-005-momentum_ignition",
    "agent_id": "agent-momentum_ignition",
    "order_id": "scenario-005-momentum_ignition-agent-momentum_ignition-2",
    "action": "new",
    "side": "buy",
    "price": 65072.6052,
    "quantity": 0.08,
    "remaining_quantity": 0.08
  },
  {
    "event_id": "1b0b5eff4a4eb848732c56d6ddd074165c534aa825fb5809800e975eb80fc4e4",
    "schema_version": "1.0.0",
    "event_type": "agent_order",
    "source": "synthetic_agent",
    "symbol": "BTCUSDT",
    "exchange": "binance_usdm",
    "timestamp": "2024-05-01T00:00:00.240000Z",
    "sequence": 3,
    "scenario_id": "scenario-005-momentum_ignition",
    "agent_id": "agent-momentum_ignition",
    "order_id": "scenario-005-momentum_ignition-agent-momentum_ignition-3",
    "action": "new",
    "side": "buy",
    "price": 65073.90529999999,
    "quantity": 0.08,
    "remaining_quantity": 0.08
  },
  {
    "event_id": "eaf7b7dcea369bb6d5c7339c47ef3944914e83717e85189ff49bcdf2c62ab5d1",
    "schema_version": "1.0.0",
    "event_type": "agent_order",
    "source": "synthetic_agent",
    "symbol": "BTCUSDT",
    "exchange": "binance_usdm",
    "timestamp": "2024-05-01T00:00:00.320000Z",
    "sequence": 4,
    "scenario_id": "scenario-005-momentum_ignition",
    "agent_id": "agent-momentum_ignition",
    "order_id": "scenario-005-momentum_ignition-agent-momentum_ignition-4",
    "action": "new",
    "side": "buy",
    "price": 65075.2054,
    "quantity": 0.08,
    "remaining_quantity": 0.08
  },
  {
    "event_id": "e7e744012d7e5488872f94f90334702624cbc140a32ec950c95d8b6aab34c6e3",
    "schema_version": "1.0.0",
    "event_type": "agent_order",
    "source": "synthetic_agent",
    "symbol": "BTCUSDT",
    "exchange": "binance_usdm",
    "timestamp": "2024-05-01T00:00:00.400000Z",
    "sequence": 5,
    "scenario_id": "scenario-005-momentum_ignition",
    "agent_id": "agent-momentum_ignition",
    "order_id": "scenario-005-momentum_ignition-agent-momentum_ignition-5",
    "action": "new",
    "side": "buy",
    "price": 65076.50549999999,
    "quantity": 0.08,
    "remaining_quantity": 0.08
  },
  {
    "event_id": "42019dc607a07922b1858388bbf738db1c4164061589e1adce1282f01077ee73",
    "schema_version": "1.0.0",
    "event_type": "agent_order",
    "source": "synthetic_agent",
    "symbol": "BTCUSDT",
    "exchange": "binance_usdm",
    "timestamp": "2024-05-01T00:00:00.480000Z",
    "sequence": 6,
    "scenario_id": "scenario-005-momentum_ignition",
    "agent_id": "agent-momentum_ignition",
    "order_id": "scenario-005-momentum_ignition-agent-momentum_ignition-6",
    "action": "new",
    "side": "buy",
    "price": 65077.805599999985,
    "quantity": 0.08,
    "remaining_quantity": 0.08
  },
  {
    "event_id": "cc5eab9f9578c5dfbcb2c9483e7afdf3693811347e6569551aeecaa0e949d984",
    "schema_version": "1.0.0",
    "event_type": "agent_order",
    "source": "synthetic_agent",
    "symbol": "BTCUSDT",
    "exchange": "binance_usdm",
    "timestamp": "2024-05-01T00:00:00.560000Z",
    "sequence": 7,
    "scenario_id": "scenario-005-momentum_ignition",
    "agent_id": "agent-momentum_ignition",
    "order_id": "scenario-005-momentum_ignition-agent-momentum_ignition-7",
    "action": "new",
    "side": "buy",
    "price": 65079.10569999999,
    "quantity": 0.08,
    "remaining_quantity": 0.08
  },
  {
    "event_id": "88bb40224472bdcbf8f84cec237b0acdd8de53396aa7d3aa79a82fee3d10820c",
    "schema_version": "1.0.0",
    "event_type": "agent_order",
    "source": "synthetic_agent",
    "symbol": "BTCUSDT",
    "exchange": "binance_usdm",
    "timestamp": "2024-05-01T00:00:00.640000Z",
    "sequence": 8,
    "scenario_id": "scenario-005-momentum_ignition",
    "agent_id": "agent-momentum_ignition",
    "order_id": "scenario-005-momentum_ignition-agent-momentum_ignition-8",
    "action": "new",
    "side": "buy",
    "price": 65080.405799999986,
    "quantity": 0.08,
    "remaining_quantity": 0.08
  },
  {
    "event_id": "ddecb17b9f8692f377c153f33c2965ed0ed77a8e8b564d75fd798241ded5fc8d",
    "schema_version": "1.0.0",
    "event_type": "agent_order",
    "source": "synthetic_agent",
    "symbol": "BTCUSDT",
    "exchange": "binance_usdm",
    "timestamp": "2024-05-01T00:00:00.720000Z",
    "sequence": 9,
    "scenario_id": "scenario-005-momentum_ignition",
    "agent_id": "agent-momentum_ignition",
    "order_id": "scenario-005-momentum_ignition-agent-momentum_ignition-9",
    "action": "new",
    "side": "buy",
    "price": 65081.7059,
    "quantity": 0.08,
    "remaining_quantity": 0.08
  },
  {
    "event_id": "94d7b2f751071609491a9f6d518f713cb74d37a66a535c60c212e680d6f7133f",
    "schema_version": "1.0.0",
    "event_type": "agent_order",
    "source": "synthetic_agent",
    "symbol": "BTCUSDT",
    "exchange": "binance_usdm",
    "timestamp": "2024-05-01T00:00:00.800000Z",
    "sequence": 10,
    "scenario_id": "scenario-005-momentum_ignition",
    "agent_id": "agent-momentum_ignition",
    "order_id": "scenario-005-momentum_ignition-agent-momentum_ignition-10",
    "action": "new",
    "side": "buy",
    "price": 65083.005999999994,
    "quantity": 0.08,
    "remaining_quantity": 0.08
  },
  {
    "event_id": "6b77a2fb5450a01c22b013ec3d91b15f050f2af030f4db717ea1f41aa68ae875",
    "schema_version": "1.0.0",
    "event_type": "agent_order",
    "source": "synthetic_agent",
    "symbol": "BTCUSDT",
    "exchange": "binance_usdm",
    "timestamp": "2024-05-01T00:00:00.880000Z",
    "sequence": 11,
    "scenario_id": "scenario-005-momentum_ignition",
    "agent_id": "agent-momentum_ignition",
    "order_id": "scenario-005-momentum_ignition-agent-momentum_ignition-11",
    "action": "new",
    "side": "buy",
    "price": 65084.3061,
    "quantity": 0.08,
    "remaining_quantity": 0.08
  },
  {
    "event_id": "ed44fba45d49e19e288f007f75594f88dd8580d32b6d5200ce6c80687bdb05c6",
    "schema_version": "1.0.0",
    "event_type": "agent_order",
    "source": "synthetic_agent",
    "symbol": "BTCUSDT",
    "exchange": "binance_usdm",
    "timestamp": "2024-05-01T00:00:00.960000Z",
    "sequence": 12,
    "scenario_id": "scenario-005-momentum_ignition",
    "agent_id": "agent-momentum_ignition",
    "order_id": "scenario-005-momentum_ignition-agent-momentum_ignition-12",
    "action": "new",
    "side": "buy",
    "price": 65085.606199999995,
    "quantity": 0.08,
    "remaining_quantity": 0.08
  },
  {
    "event_id": "48b2ba020f58495875fb7322be3ac5d1696ce099ad5db6f30cf8d64bda678c2d",
    "schema_version": "1.0.0",
    "event_type": "agent_order",
    "source": "synthetic_agent",
    "symbol": "BTCUSDT",
    "exchange": "binance_usdm",
    "timestamp": "2024-05-01T00:00:01.040000Z",
    "sequence": 13,
    "scenario_id": "scenario-005-momentum_ignition",
    "agent_id": "agent-momentum_ignition",
    "order_id": "scenario-005-momentum_ignition-agent-momentum_ignition-13",
    "action": "new",
    "side": "buy",
    "price": 65086.90629999999,
    "quantity": 0.08,
    "remaining_quantity": 0.08
  },
  {
    "event_id": "0e094c611b9431a7c7635b3f7dcf580850ce241e7e72e957bec0c442f54dcc2c",
    "schema_version": "1.0.0",
    "event_type": "agent_order",
    "source": "synthetic_agent",
    "symbol": "BTCUSDT",
    "exchange": "binance_usdm",
    "timestamp": "2024-05-01T00:00:01.120000Z",
    "sequence": 14,
    "scenario_id": "scenario-005-momentum_ignition",
    "agent_id": "agent-momentum_ignition",
    "order_id": "scenario-005-momentum_ignition-agent-momentum_ignition-14",
    "action": "new",
    "side": "buy",
    "price": 65088.206399999995,
    "quantity": 0.08,
    "remaining_quantity": 0.08
  },
  {
    "event_id": "cbe4c7e9a0a5b777eff197413ef51976ad7ba50316953d2ba5cb343c6dc18bd7",
    "schema_version": "1.0.0",
    "event_type": "agent_order",
    "source": "synthetic_agent",
    "symbol": "BTCUSDT",
    "exchange": "binance_usdm",
    "timestamp": "2024-05-01T00:00:01.200000Z",
    "sequence": 15,
    "scenario_id": "scenario-005-momentum_ignition",
    "agent_id": "agent-momentum_ignition",
    "order_id": "scenario-005-momentum_ignition-agent-momentum_ignition-15",
    "action": "new",
    "side": "buy",
    "price": 65089.50649999999,
    "quantity": 0.08,
    "remaining_quantity": 0.08
  },
  {
    "event_id": "43fbc5cc7e1585d308fb3e20fdafee71fd778ce9c04d5f7586677d33112ee3c8",
    "schema_version": "1.0.0",
    "event_type": "agent_order",
    "source": "synthetic_agent",
    "symbol": "BTCUSDT",
    "exchange": "binance_usdm",
    "timestamp": "2024-05-01T00:00:01.280000Z",
    "sequence": 16,
    "scenario_id": "scenario-005-momentum_ignition",
    "agent_id": "agent-momentum_ignition",
    "order_id": "scenario-005-momentum_ignition-agent-momentum_ignition-16",
    "action": "new",
    "side": "buy",
    "price": 65090.806599999996,
    "quantity": 0.08,
    "remaining_quantity": 0.08
  },
  {
    "event_id": "8ed5b212339515eba0fd90ee6da335a23c90befb8041b698fda0bedeb85f0cd9",
    "schema_version": "1.0.0",
    "event_type": "agent_order",
    "source": "synthetic_agent",
    "symbol": "BTCUSDT",
    "exchange": "binance_usdm",
    "timestamp": "2024-05-01T00:00:01.360000Z",
    "sequence": 17,
    "scenario_id": "scenario-005-momentum_ignition",
    "agent_id": "agent-momentum_ignition",
    "order_id": "scenario-005-momentum_ignition-agent-momentum_ignition-17",
    "action": "new",
    "side": "buy",
    "price": 65092.1067,
    "quantity": 0.08,
    "remaining_quantity": 0.08
  },
  {
    "event_id": "09c4eb2414d7f98186108b281fc7e468ec1a8a67bdbe7c9f5bb8702d7bb42f05",
    "schema_version": "1.0.0",
    "event_type": "agent_order",
    "source": "synthetic_agent",
    "symbol": "BTCUSDT",
    "exchange": "binance_usdm",
    "timestamp": "2024-05-01T00:00:01.440000Z",
    "sequence": 18,
    "scenario_id": "scenario-005-momentum_ignition",
    "agent_id": "agent-momentum_ignition",
    "order_id": "scenario-005-momentum_ignition-agent-momentum_ignition-18",
    "action": "new",
    "side": "buy",
    "price": 65093.40679999999,
    "quantity": 0.08,
    "remaining_quantity": 0.08
  },
  {
    "event_id": "986f8c6c1ab50baf482bdde842ee2dfc5b066cebe895adf424472643d07077c6",
    "schema_version": "1.0.0",
    "event_type": "agent_order",
    "source": "synthetic_agent",
    "symbol": "BTCUSDT",
    "exchange": "binance_usdm",
    "timestamp": "2024-05-01T00:00:01.520000Z",
    "sequence": 19,
    "scenario_id": "scenario-005-momentum_ignition",
    "agent_id": "agent-momentum_ignition",
    "order_id": "scenario-005-momentum_ignition-agent-momentum_ignition-19",
    "action": "new",
    "side": "buy",
    "price": 65094.7069,
    "quantity": 0.08,
    "remaining_quantity": 0.08
  },
  {
    "event_id": "b86246f15e139f8bdd23e8c6ed7dc44e353f115fae1ad7b66d6adcf32602dcc3",
    "schema_version": "1.0.0",
    "event_type": "agent_order",
    "source": "synthetic_agent",
    "symbol": "BTCUSDT",
    "exchange": "binance_usdm",
    "timestamp": "2024-05-01T00:00:01.600000Z",
    "sequence": 20,
    "scenario_id": "scenario-005-momentum_ignition",
    "agent_id": "agent-momentum_ignition",
    "order_id": "scenario-005-momentum_ignition-agent-momentum_ignition-20",
    "action": "new",
    "side": "buy",
    "price": 65096.00699999999,
    "quantity": 0.08,
    "remaining_quantity": 0.08
  },
  {
    "event_id": "00623e54b3493d99a2d299bae740f8e4cf651c5ad09cd922b80f67668b23f036",
    "schema_version": "1.0.0",
    "event_type": "agent_order",
    "source": "synthetic_agent",
    "symbol": "BTCUSDT",
    "exchange": "binance_usdm",
    "timestamp": "2024-05-01T00:00:01.680000Z",
    "sequence": 21,
    "scenario_id": "scenario-005-momentum_ignition",
    "agent_id": "agent-momentum_ignition",
    "order_id": "scenario-005-momentum_ignition-agent-momentum_ignition-21",
    "action": "new",
    "side": "buy",
    "price": 65097.3071,
    "quantity": 0.08,
    "remaining_quantity": 0.08
  },
  {
    "event_id": "b482c493cc09243e4fbb323f67ebc11af1e7cb2426223c867e4bdab177fd402b",
    "schema_version": "1.0.0",
    "event_type": "agent_order",
    "source": "synthetic_agent",
    "symbol": "BTCUSDT",
    "exchange": "binance_usdm",
    "timestamp": "2024-05-01T00:00:01.760000Z",
    "sequence": 22,
    "scenario_id": "scenario-005-momentum_ignition",
    "agent_id": "agent-momentum_ignition",
    "order_id": "scenario-005-momentum_ignition-agent-momentum_ignition-22",
    "action": "new",
    "side": "buy",
    "price": 65098.60719999999,
    "quantity": 0.08,
    "remaining_quantity": 0.08
  },
  {
    "event_id": "93183ea732eba4ec349767821600878cdfdc94ca06137e84d9e734884fec55b2",
    "schema_version": "1.0.0",
    "event_type": "agent_order",
    "source": "synthetic_agent",
    "symbol": "BTCUSDT",
    "exchange": "binance_usdm",
    "timestamp": "2024-05-01T00:00:01.840000Z",
    "sequence": 23,
    "scenario_id": "scenario-005-momentum_ignition",
    "agent_id": "agent-momentum_ignition",
    "order_id": "scenario-005-momentum_ignition-agent-momentum_ignition-23",
    "action": "new",
    "side": "buy",
    "price": 65099.907299999984,
    "quantity": 0.08,
    "remaining_quantity": 0.08
  },
  {
    "event_id": "91b0375bd50d860bd32feda4b66a0308eea5a99bbe32202cda48576702df86c1",
    "schema_version": "1.0.0",
    "event_type": "agent_order",
    "source": "synthetic_agent",
    "symbol": "BTCUSDT",
    "exchange": "binance_usdm",
    "timestamp": "2024-05-01T00:00:01.920000Z",
    "sequence": 24,
    "scenario_id": "scenario-005-momentum_ignition",
    "agent_id": "agent-momentum_ignition",
    "order_id": "scenario-005-momentum_ignition-agent-momentum_ignition-24",
    "action": "new",
    "side": "buy",
    "price": 65101.20739999999,
    "quantity": 0.08,
    "remaining_quantity": 0.08
  },
  {
    "event_id": "b769078a325f86ce0891457e28d5702cc102fa48fa9b821dea094d7dba1bb5a3",
    "schema_version": "1.0.0",
    "event_type": "agent_order",
    "source": "synthetic_agent",
    "symbol": "BTCUSDT",
    "exchange": "binance_usdm",
    "timestamp": "2024-05-01T00:00:02Z",
    "sequence": 25,
    "scenario_id": "scenario-005-momentum_ignition",
    "agent_id": "agent-momentum_ignition",
    "order_id": "scenario-005-momentum_ignition-agent-momentum_ignition-25",
    "action": "new",
    "side": "buy",
    "price": 65102.50749999999,
    "quantity": 0.08,
    "remaining_quantity": 0.08
  },
  {
    "event_id": "a71c168a78da1cc544c1985af5a006a8b927dd3e724ada5955eaf34f2b6b38f3",
    "schema_version": "1.0.0",
    "event_type": "agent_order",
    "source": "synthetic_agent",
    "symbol": "BTCUSDT",
    "exchange": "binance_usdm",
    "timestamp": "2024-05-01T00:00:02.080000Z",
    "sequence": 26,
    "scenario_id": "scenario-005-momentum_ignition",
    "agent_id": "agent-momentum_ignition",
    "order_id": "scenario-005-momentum_ignition-agent-momentum_ignition-26",
    "action": "new",
    "side": "buy",
    "price": 65103.8076,
    "quantity": 0.08,
    "remaining_quantity": 0.08
  },
  {
    "event_id": "9b3bf3c8af9845932ca3770574872e51def0241a9d227ab8b4836996d348d4fc",
    "schema_version": "1.0.0",
    "event_type": "agent_order",
    "source": "synthetic_agent",
    "symbol": "BTCUSDT",
    "exchange": "binance_usdm",
    "timestamp": "2024-05-01T00:00:02.160000Z",
    "sequence": 27,
    "scenario_id": "scenario-005-momentum_ignition",
    "agent_id": "agent-momentum_ignition",
    "order_id": "scenario-005-momentum_ignition-agent-momentum_ignition-27",
    "action": "new",
    "side": "buy",
    "price": 65105.10769999999,
    "quantity": 0.08,
    "remaining_quantity": 0.08
  },
  {
    "event_id": "7c6ba252e755ac39944580ba0988b70e7dca2185d599b2c24f961e1a1791fa0e",
    "schema_version": "1.0.0",
    "event_type": "agent_order",
    "source": "synthetic_agent",
    "symbol": "BTCUSDT",
    "exchange": "binance_usdm",
    "timestamp": "2024-05-01T00:00:02.240000Z",
    "sequence": 28,
    "scenario_id": "scenario-005-momentum_ignition",
    "agent_id": "agent-momentum_ignition",
    "order_id": "scenario-005-momentum_ignition-agent-momentum_ignition-28",
    "action": "new",
    "side": "buy",
    "price": 65106.407799999986,
    "quantity": 0.08,
    "remaining_quantity": 0.08
  },
  {
    "event_id": "c1b5002d3c66fda41838cf82bf379678cb8b7050ee9f86288679e0cccc0e2741",
    "schema_version": "1.0.0",
    "event_type": "agent_order",
    "source": "synthetic_agent",
    "symbol": "BTCUSDT",
    "exchange": "binance_usdm",
    "timestamp": "2024-05-01T00:00:02.320000Z",
    "sequence": 29,
    "scenario_id": "scenario-005-momentum_ignition",
    "agent_id": "agent-momentum_ignition",
    "order_id": "scenario-005-momentum_ignition-agent-momentum_ignition-29",
    "action": "new",
    "side": "buy",
    "price": 65107.707899999994,
    "quantity": 0.08,
    "remaining_quantity": 0.08
  }
]