[
  {
    "event_id": "10022924cd2d600c48b90fb131dcd953538c2bc2a6d8a1f557c699c9d1d17f77",
    "schema_version": "1.0.0",
    "event_type": "agent_order",
    "source": "synthetic_agent",
    "symbol": "BTCUSDT",
    "exchange": "binance_usdm",
    "timestamp": "2024-05-01T00:00:00Z",
    "sequence": 0,
    "scenario_id": "scenario-323-volatility_feedback",
    "agent_id": "agent-volatility_feedback",
    "order_id": "scenario-323-volatility_feedback-agent-volatility_feedback-0",
    "action": "new",
    "side": "buy",
    "price": 65388.32299999999,
    "quantity": 0.02,
    "remaining_quantity": 0.02
  },
  {
    "event_id": "af4438e0df83003d21d0d834c001fffab73a9db97254c8b73446150ac0a144fa",
    "schema_version": "1.0.0",
    "event_type": "agent_order",
    "source": "synthetic_agent",
    "symbol": "BTCUSDT",
    "exchange": "binance_usdm",
    "timestamp": "2024-05-01T00:00:00.020000Z",
    "sequence": 1,
    "scenario_id": "scenario-323-volatility_feedback",
    "agent_id": "agent-volatility_feedback",
    "order_id": "scenario-323-volatility_feedback-agent-volatility_feedback-1",
    "action": "new",
    "side": "sell",
    "price": 65256.370539999996,
    "quantity": 0.03,
    "remaining_quantity": 0.03
  },
  {
    "event_id": "4dd37cbcca44c4cb223b4ba91cf59eab1db2a412daa66fc87ca1cbc54aa68124",
    "schema_version": "1.0.0",
    "event_type": "agent_order",
    "source": "synthetic_agent",
    "symbol": "BTCUSDT",
    "exchange": "binance_usdm",
    "timestamp": "2024-05-01T00:00:00.040000Z",
    "sequence": 2,
    "scenario_id": "scenario-323-volatility_feedback",
    "agent_id": "agent-volatility_feedback",
    "order_id": "scenario-323-volatility_feedback-agent-volatility_feedback-2",
    "action": "new",
    "side": "buy",
    "price": 65390.935919999996,
    "quantity": 0.04,
    "remaining_quantity": 0.04
  },
  {
    "event_id": "dde603c403cd09368cd851be444a912c136e27b976900c3ea156631accf43de0",
    "schema_version": "1.0.0",
    "event_type": "agent_order",
    "source": "synthetic_agent",
    "symbol": "BTCUSDT",
    "exchange": "binance_usdm",
    "timestamp": "2024-05-01T00:00:00.060000Z",
    "sequence": 3,
    "scenario_id": "scenario-323-volatility_feedback",
    "agent_id": "agent-volatility_feedback",
    "order_id": "scenario-323-volatility_feedback-agent-volatility_feedback-3",
    "action": "new",
    "side": "sell",
    "price": 65253.757620000004,
    "quantity": 0.05,
    "remaining_quantity": 0.05
  },
  {
    "event_id": "a04e81ae66997e7bec68b40b6450c5d1fb3416b09108db3932382dfe4ca3292b",
    "schema_version": "1.0.0",
    "event_type": "agent_order",
    "source": "synthetic_agent",
    "symbol": "BTCUSDT",
    "exchange": "binance_usdm",
    "timestamp": "2024-05-01T00:00:00.080000Z",
    "sequence": 4,
    "scenario_id": "scenario-323-volatility_feedback",
    "agent_id": "agent-volatility_feedback",
    "order_id": "scenario-323-volatility_feedback-agent-volatility_feedback-4",
    "action": "new",
    "side": "buy",
    "price": 65393.548839999996,
    "quantity": 0.02,
    "remaining_quantity": 0.02
  },
  {
    "event_id": "afb816277c3b299092a53a59cb09770cad8decc988f3926fb34a7c8854f9511d",
    "schema_version": "1.0.0",
    "event_type": "agent_order",
    "source": "synthetic_agent",
    "symbol": "BTCUSDT",
    "exchange": "binance_usdm",
    "timestamp": "2024-05-01T00:00:00.100000Z",
    "sequence": 5,
    "scenario_id": "scenario-323-volatility_feedback",
    "agent_id": "agent-volatility_feedback",
    "order_id": "scenario-323-volatility_feedback-agent-volatility_feedback-5",
    "action": "new",
    "side": "sell",
    "price": 65251.1447,
    "quantity": 0.03,
    "remaining_quantity": 0.03
  },
  {
    "event_id": "087cafaf226c22fa460c1bcaa6886eae33d2360690275203835eb37fb69835f3",
    "schema_version": "1.0.0",
    "event_type": "agent_order",
    "source": "synthetic_agent",
    "symbol": "BTCUSDT",
    "exchange": "binance_usdm",
    "timestamp": "2024-05-01T00:00:00.120000Z",
    "sequence": 6,
    "scenario_id": "scenario-323-volatility_feedback",
    "agent_id": "agent-volatility_feedback",
    "order_id": "scenario-323-volatility_feedback-agent-volatility_feedback-6",
    "action": "new",
    "side": "buy",
    "price": 65396.16176,
    "quantity": 0.04,
    "remaining_quantity": 0.04
  },
  {
    "event_id": "2b4033ffeacae0e7d94ce76f34c191cb9c19babee824a6b7b331846ff5754cd7",
    "schema_version": "1.0.0",
    "event_type": "agent_order",
    "source": "synthetic_agent",
    "symbol": "BTCUSDT",
    "exchange": "binance_usdm",
    "timestamp": "2024-05-01T00:00:00.140000Z",
    "sequence": 7,
    "scenario_id": "scenario-323-volatility_feedback",
    "agent_id": "agent-volatility_feedback",
    "order_id": "scenario-323-volatility_feedback-agent-volatility_feedback-7",
    "action": "new",
    "side": "sell",
    "price": 65248.53178,
    "quantity": 0.05,
    "remaining_quantity": 0.05
  },
  {
    "event_id": "07824b8f617f19ed34580cb0b82171944b3deda449315f4e3c8c1c905b43daaa",
    "schema_version": "1.0.0",
    "event_type": "agent_order",
    "source": "synthetic_agent",
    "symbol": "BTCUSDT",
    "exchange": "binance_usdm",
    "timestamp": "2024-05-01T00:00:00.160000Z",
    "sequence": 8,
    "scenario_id": "scenario-323-volatility_feedback",
    "agent_id": "agent-volatility_feedback",
    "order_id": "scenario-323-volatility_feedback-agent-volatility_feedback-8",
    "action": "new",
    "side": "buy",
    "price": 65398.77468,
    "quantity": 0.02,
    "remaining_quantity": 0.02
  },
  {
    "event_id": "4ac535b5d3db632ac3595f39cf4ae7871bf2f1e75de9ce15865af4c9c71e5a4e",
    "schema_version": "1.0.0",
    "event_type": "agent_order",
    "source": "synthetic_agent",
    "symbol": "BTCUSDT",
    "exchange": "binance_usdm",
    "timestamp": "2024-05-01T00:00:00.180000Z",
    "sequence": 9,
    "scenario_id": "scenario-323-volatility_feedback",
    "agent_id": "agent-volatility_feedback",
    "order_id": "scenario-323-volatility_feedback-agent-volatility_feedback-9",
    "action": "new",
    "side": "sell",
    "price": 65245.918860000005,
    "quantity": 0.03,
    "remaining_quantity": 0.03
  },
  {
    "event_id": "61fabb17c7cc6a35cff8b5391bd7dead8da2fada9f458e0c8b8e6c253a9f988f",
    "schema_version": "1.0.0",
    "event_type": "agent_order",
    "source": "synthetic_agent",
    "symbol": "BTCUSDT",
    "exchange": "binance_usdm",
    "timestamp": "2024-05-01T00:00:00.200000Z",
    "sequence": 10,
    "scenario_id": "scenario-323-volatility_feedback",
    "agent_id": "agent-volatility_feedback",
    "order_id": "scenario-323-volatility_feedback-agent-volatility_feedback-10",
    "action": "new",
    "side": "buy",
    "price": 65401.38760000001,
    "quantity": 0.04,
    "remaining_quantity": 0.04
  },
  {
    "event_id": "ca304b88e9a68e4dc3fb40ae7425a459cb07a3676abec0c09d1f11a05188103a",
    "schema_version": "1.0.0",
    "event_type": "agent_order",
    "source": "synthetic_agent",
    "symbol": "BTCUSDT",
    "exchange": "binance_usdm",
    "timestamp": "2024-05-01T00:00:00.220000Z",
    "sequence": 11,
    "scenario_id": "scenario-323-volatility_feedback",
    "agent_id": "agent-volatility_feedback",
    "order_id": "scenario-323-volatility_feedback-agent-volatility_feedback-11",
    "action": "new",
    "side": "sell",
    "price": 65243.30594,
    "quantity": 0.05,
    "remaining_quantity": 0.05
  },
  {
    "event_id": "2603cd5cb9618c980f5994c48b05000bf51af7d3e6d943f71be3c34a5158d5d0",
    "schema_version": "1.0.0",
    "event_type": "agent_order",
    "source": "synthetic_agent",
    "symbol": "BTCUSDT",
    "exchange": "binance_usdm",
    "timestamp": "2024-05-01T00:00:00.240000Z",
    "sequence": 12,
    "scenario_id": "scenario-323-volatility_feedback",
    "agent_id": "agent-volatility_feedback",
    "order_id": "scenario-323-volatility_feedback-agent-volatility_feedback-12",
    "action": "new",
    "side": "buy",
    "price": 65404.000519999994,
    "quantity": 0.02,
    "remaining_quantity": 0.02
  },
  {
    "event_id": "355660e8ab4698aecbe20a53b24d248ba1809a6799000d46e547cf8f1444e331",
    "schema_version": "1.0.0",
    "event_type": "agent_order",
    "source": "synthetic_agent",
    "symbol": "BTCUSDT",
    "exchange": "binance_usdm",
    "timestamp": "2024-05-01T00:00:00.260000Z",
    "sequence": 13,
    "scenario_id": "scenario-323-volatility_feedback",
    "agent_id": "agent-volatility_feedback",
    "order_id": "scenario-323-volatility_feedback-agent-volatility_feedback-13",
    "action": "new",
    "side": "sell",
    "price": 65240.69302,
    "quantity": 0.03,
    "remaining_quantity": 0.03
  },
  {
    "event_id": "be9c00f4c056c838b37bb9832f830cfeb2377e041f3192747cc452d352a0ccda",
    "schema_version": "1.0.0",
    "event_type": "agent_order",
    "source": "synthetic_agent",
    "symbol": "BTCUSDT",
    "exchange": "binance_usdm",
    "timestamp": "2024-05-01T00:00:00.280000Z",
    "sequence": 14,
    "scenario_id": "scenario-323-volatility_feedback",
    "agent_id": "agent-volatility_feedback",
    "order_id": "scenario-323-volatility_feedback-agent-volatility_feedback-14",
    "action": "new",
    "side": "buy",
    "price": 65406.613439999994,
    "quantity": 0.04,
    "remaining_quantity": 0.04
  },
  {
    "event_id": "4dfdaef8143396e28231944a7cafe1caf22acb35456b004d7d08fcea77220b22",
    "schema_version": "1.0.0",
    "event_type": "agent_order",
    "source": "synthetic_agent",
    "symbol": "BTCUSDT",
    "exchange": "binance_usdm",
    "timestamp": "2024-05-01T00:00:00.300000Z",
    "sequence": 15,
    "scenario_id": "scenario-323-volatility_feedback",
    "agent_id": "agent-volatility_feedback",
    "order_id": "scenario-323-volatility_feedback-agent-volatility_feedback-15",
    "action": "new",
    "side": "sell",
    "price": 65238.0801,
    "quantity": 0.05,
    "remaining_quantity": 0.05
  },
  {
    "event_id": "46894009681827c22f61a8018b53f7ac357d8639f54eb82ed12fe016ee5e5f24",
    "schema_version": "1.0.0",
    "event_type": "agent_order",
    "source": "synthetic_agent",
    "symbol": "BTCUSDT",
    "exchange": "binance_usdm",
    "timestamp": "2024-05-01T00:00:00.320000Z",
    "sequence": 16,
    "scenario_id": "scenario-323-volatility_feedback",
    "agent_id": "agent-volatility_feedback",
    "order_id": "scenario-323-volatility_feedback-agent-volatility_feedback-16",
    "action": "new",
    "side": "buy",
    "price": 65409.22636,
    "quantity": 0.02,
    "remaining_quantity": 0.02
  },
  {
    "event_id": "22b7f14296c9254124c9f43d4fbc08cb5e0d2edd580d7544de6c2869ce83bfd4",
    "schema_version": "1.0.0",
    "event_type": "agent_order",
    "source": "synthetic_agent",
    "symbol": "BTCUSDT",
    "exchange": "binance_usdm",
    "timestamp": "2024-05-01T00:00:00.340000Z",
    "sequence": 17,
    "scenario_id": "scenario-323-volatility_feedback",
    "agent_id": "agent-volatility_feedback",
    "order_id": "scenario-323-volatility_feedback-agent-volatility_feedback-17",
    "action": "new",
    "side": "sell",
    "price": 65235.46718,
    "quantity": 0.03,
    "remaining_quantity": 0.03
  },
  {
    "event_id": "03831259ea9f778c0c123dcfd0fc00bf807c1aaa3ae419b2366c66c2521f8ec9",
    "schema_version": "1.0.0",
    "event_type": "agent_order",
    "source": "synthetic_agent",
    "symbol": "BTCUSDT",
    "exchange": "binance_usdm",
    "timestamp": "2024-05-01T00:00:00.360000Z",
    "sequence": 18,
    "scenario_id": "scenario-323-volatility_feedback",
    "agent_id": "agent-volatility_feedback",
    "order_id": "scenario-323-volatility_feedback-agent-volatility_feedback-18",
    "action": "new",
    "side": "buy",
    "price": 65411.83928,
    "quantity": 0.04,
    "remaining_quantity": 0.04
  },
  {
    "event_id": "1c59fd61bec8daa3ab157daae0ce6a65bc20aaf252b45f64fcefa7731c3ec7cf",
    "schema_version": "1.0.0",
    "event_type": "agent_order",
    "source": "synthetic_agent",
    "symbol": "BTCUSDT",
    "exchange": "binance_usdm",
    "timestamp": "2024-05-01T00:00:00.380000Z",
    "sequence": 19,
    "scenario_id": "scenario-323-volatility_feedback",
    "agent_id": "agent-volatility_feedback",
    "order_id": "scenario-323-volatility_feedback-agent-volatility_feedback-19",
    "action": "new",
    "side": "sell",
    "price": 65232.85426,
    "quantity": 0.05,
    "remaining_quantity": 0.05
  },
  {
    "event_id": "a6a2cbf30b489982937ab200f7a68a3c9ee014166fe3224e7be71fbd0d260ad0",
    "schema_version": "1.0.0",
    "event_type": "agent_order",
    "source": "synthetic_agent",
    "symbol": "BTCUSDT",
    "exchange": "binance_usdm",
    "timestamp": "2024-05-01T00:00:00.400000Z",
    "sequence": 20,
    "scenario_id": "scenario-323-volatility_feedback",
    "agent_id": "agent-volatility_feedback",
    "order_id": "scenario-323-volatility_feedback-agent-volatility_feedback-20",
    "action": "new",
    "side": "buy",
    "price": 65414.45220000001,
    "quantity": 0.02,
    "remaining_quantity": 0.02
  },
  {
    "event_id": "d263aa717df19a10502f453e39cfa9dad311b3adceb040af3edf1c4d96202298",
    "schema_version": "1.0.0",
    "event_type": "agent_order",
    "source": "synthetic_agent",
    "symbol": "BTCUSDT",
    "exchange": "binance_usdm",
    "timestamp": "2024-05-01T00:00:00.420000Z",
    "sequence": 21,
    "scenario_id": "scenario-323-volatility_feedback",
    "agent_id": "agent-volatility_feedback",
    "order_id": "scenario-323-volatility_feedback-agent-volatility_feedback-21",
    "action": "new",
    "side": "sell",
    "price": 65230.24134,
    "quantity": 0.03,
    "remaining_quantity": 0.03
  },
  {
    "event_id": "5cd8e2bf4662e75b2e47f35b9354d3726aa715fd7ac6e595c14b6e8ba47dc7a0",
    "schema_version": "1.0.0",
    "event_type": "agent_order",
    "source": "synthetic_agent",
    "symbol": "BTCUSDT",
    "exchange": "binance_usdm",
    "timestamp": "2024-05-01T00:00:00.440000Z",
    "sequence": 22,
    "scenario_id": "scenario-323-volatility_feedback",
    "agent_id": "agent-volatility_feedback",
    "order_id": "scenario-323-volatility_feedback-agent-volatility_feedback-22",
    "action": "new",
    "side": "buy",
    "price": 65417.06512000001,
    "quantity": 0.04,
    "remaining_quantity": 0.04
  },
  {
    "event_id": "b1d13e8c93bcfd1e38255a426e1711865cac6a0b10a67a5bc183eb27a07f25cc",
    "schema_version": "1.0.0",
    "event_type": "agent_order",
    "source": "synthetic_agent",
    "symbol": "BTCUSDT",
    "exchange": "binance_usdm",
    "timestamp": "2024-05-01T00:00:00.460000Z",
    "sequence": 23,
    "scenario_id": "scenario-323-volatility_feedback",
    "agent_id": "agent-volatility_feedback",
    "order_id": "scenario-323-volatility_feedback-agent-volatility_feedback-23",
    "action": "new",
    "side": "sell",
    "price": 65227.62842,
    "quantity": 0.05,
    "remaining_quantity": 0.05
  },
  {
    "event_id": "0203260080ab12be0a79157211548ae0701e681629efebf9ff92c7bf7ac76de6",
    "schema_version": "1.0.0",
    "event_type": "agent_order",
    "source": "synthetic_agent",
    "symbol": "BTCUSDT",
    "exchange": "binance_usdm",
    "timestamp": "2024-05-01T00:00:00.480000Z",
    "sequence": 24,
    "scenario_id": "scenario-323-volatility_feedback",
    "agent_id": "agent-volatility_feedback",
    "order_id": "scenario-323-volatility_feedback-agent-volatility_feedback-24",
    "action": "new",
    "side": "buy",
    "price": 65419.67803999999,
    "quantity": 0.02,
    "remaining_quantity": 0.02
  },
  {
    "event_id": "954372a827fde3df706a3e1d23d6094c89aab5cccd7897553aba77c4945f64c1",
    "schema_version": "1.0.0",
    "event_type": "agent_order",
    "source": "synthetic_agent",
    "symbol": "BTCUSDT",
    "exchange": "binance_usdm",
    "timestamp": "2024-05-01T00:00:00.500000Z",
    "sequence": 25,
    "scenario_id": "scenario-323-volatility_feedback",
    "agent_id": "agent-volatility_feedback",
    "order_id": "scenario-323-volatility_feedback-agent-volatility_feedback-25",
    "action": "new",
    "side": "sell",
    "price": 65225.0155,
    "quantity": 0.03,
    "remaining_quantity": 0.03
  },
  {
    "event_id": "0e397becf09b0d2e57ccb47dfe81751d700e0ec04cfc744fd2e6bc9e2f527694",
    "schema_version": "1.0.0",
    "event_type": "agent_order",
    "source": "synthetic_agent",
    "symbol": "BTCUSDT",
    "exchange": "binance_usdm",
    "timestamp": "2024-05-01T00:00:00.520000Z",
    "sequence": 26,
    "scenario_id": "scenario-323-volatility_feedback",
    "agent_id": "agent-volatility_feedback",
    "order_id": "scenario-323-volatility_feedback-agent-volatility_feedback-26",
    "action": "new",
    "side": "buy",
    "price": 65422.29096,
    "quantity": 0.04,
    "remaining_quantity": 0.04
  },
  {
    "event_id": "c5506f770a840d8b8aea6f48c6998017e63197298122152c0eb7fec856664365",
    "schema_version": "1.0.0",
    "event_type": "agent_order",
    "source": "synthetic_agent",
    "symbol": "BTCUSDT",
    "exchange": "binance_usdm",
    "timestamp": "2024-05-01T00:00:00.540000Z",
    "sequence": 27,
    "scenario_id": "scenario-323-volatility_feedback",
    "agent_id": "agent-volatility_feedback",
    "order_id": "scenario-323-volatility_feedback-agent-volatility_feedback-27",
    "action": "new",
    "side": "sell",
    "price": 65222.40258,
    "quantity": 0.05,
    "remaining_quantity": 0.05
  },
  {
    "event_id": "3d5a27591c773489d6110db0f3cf7805486b8700c66b9c86ca30b2d515cb00a4",
    "schema_version": "1.0.0",
    "event_type": "agent_order",
    "source": "synthetic_agent",
    "symbol": "BTCUSDT",
    "exchange": "binance_usdm",
    "timestamp": "2024-05-01T00:00:00.560000Z",
    "sequence": 28,
    "scenario_id": "scenario-323-volatility_feedback",
    "agent_id": "agent-volatility_feedback",
    "order_id": "scenario-323-volatility_feedback-agent-volatility_feedback-28",
    "action": "new",
    "side": "buy",
    "price": 65424.90388,
    "quantity": 0.02,
    "remaining_quantity": 0.02
  },
  {
    "event_id": "25c71d2ab25ca6b4939df8983962347ded47bea48f9d1f6e718a884ccce5cc59",
    "schema_version": "1.0.0",
    "event_type": "agent_order",
    "source": "synthetic_agent",
    "symbol": "BTCUSDT",
    "exchange": "binance_usdm",
    "timestamp": "2024-05-01T00:00:00.580000Z",
    "sequence": 29,
    "scenario_id": "scenario-323-volatility_feedback",
    "agent_id": "agent-volatility_feedback",
    "order_id": "scenario-323-volatility_feedback-agent-volatility_feedback-29",
    "action": "new",
    "side": "sell",
    "price": 65219.789659999995,
    "quantity": 0.03,
    "remaining_quantity": 0.03
  }
]