[
  {
    "event_id": "fe985165e8a4c1d568d9bc341d7d03161b340da2107a0068af6c186e5b161941",
    "schema_version": "1.0.0",
    "event_type": "agent_order",
    "source": "synthetic_agent",
    "symbol": "BTCUSDT",
    "exchange": "binance_usdm",
    "timestamp": "2024-05-01T00:00:00Z",
    "sequence": 0,
    "scenario_id": "scenario-328-quote_stuffing",
    "agent_id": "agent-quote_stuffing",
    "order_id": "scenario-328-quote_stuffing-agent-quote_stuffing-0",
    "action": "new",
    "side": "buy",
    "price": 65321.4672,
    "quantity": 0.001,
    "remaining_quantity": 0.001
  },
  {
    "event_id": "5663b1cbabe81b8b846d86a3638d2b33ab4d4b8625c1ccd98f5cb426e85378ee",
    "schema_version": "1.0.0",
    "event_type": "agent_order",
    "source": "synthetic_agent",
    "symbol": "BTCUSDT",
    "exchange": "binance_usdm",
    "timestamp": "2024-05-01T00:00:00.005000Z",
    "sequence": 1,
    "scenario_id": "scenario-328-quote_stuffing",
    "agent_id": "agent-quote_stuffing",
    "order_id": "scenario-328-quote_stuffing-agent-quote_stuffing-1",
    "action": "new",
    "side": "sell",
    "price": 65334.5328,
    "quantity": 0.001,
    "remaining_quantity": 0.001
  },
  {
    "event_id": "bd3a231c6eaa7f4c7baa1f0d4b89a21de291b1d2460d2e31460eee7b81426980",
    "schema_version": "1.0.0",
    "event_type": "agent_order",
    "source": "synthetic_agent",
    "symbol": "BTCUSDT",
    "exchange": "binance_usdm",
    "timestamp": "2024-05-01T00:00:00.010000Z",
    "sequence": 2,
    "scenario_id": "scenario-328-quote_stuffing",
    "agent_id": "agent-quote_stuffing",
    "order_id": "scenario-328-quote_stuffing-agent-quote_stuffing-2",
    "action": "new",
    "side": "buy",
    "price": 65321.4672,
    "quantity": 0.001,
    "remaining_quantity": 0.001
  },
  {
    "event_id": "c930f3602242c898a98bb4620ad4ab8b2a27f1eae22cc4ae302752d28379f1dd",
    "schema_version": "1.0.0",
    "event_type": "agent_order",
    "source": "synthetic_agent",
    "symbol": "BTCUSDT",
    "exchange": "binance_usdm",
    "timestamp": "2024-05-01T00:00:00.015000Z",
    "sequence": 3,
    "scenario_id": "scenario-328-quote_stuffing",
    "agent_id": "agent-quote_stuffing",
    "order_id": "scenario-328-quote_stuffing-agent-quote_stuffing-3",
    "action": "new",
    "side": "sell",
    "price": 65334.5328,
    "quantity": 0.001,
    "remaining_quantity": 0.001
  },
  {
    "event_id": "fc682d5f785a6c54deb510e28a620777324c416e13ed5f4db4dc1517a7d5c6c4",
    "schema_version": "1.0.0",
    "event_type": "agent_order",
    "source": "synthetic_agent",
    "symbol": "BTCUSDT",
    "exchange": "binance_usdm",
    "timestamp": "2024-05-01T00:00:00.020000Z",
    "sequence": 4,
    "scenario_id": "scenario-328-quote_stuffing",
    "agent_id": "agent-quote_stuffing",
    "order_id": "scenario-328-quote_stuffing-agent-quote_stuffing-4",
    "action": "new",
    "side": "buy",
    "price": 65321.4672,
    "quantity": 0.001,
    "remaining_quantity": 0.001
  },
  {
    "event_id": "1cdb6161bc28503ad9218a65713b4af328d59baf2a73d7519a2c5e9f328b84ba",
    "schema_version": "1.0.0",
    "event_type": "agent_order",
    "source": "synthetic_agent",
    "symbol": "BTCUSDT",
    "exchange": "binance_usdm",
    "timestamp": "2024-05-01T00:00:00.025000Z",
    "sequence": 5,
    "scenario_id": "scenario-328-quote_stuffing",
    "agent_id": "agent-quote_stuffing",
    "order_id": "scenario-328-quote_stuffing-agent-quote_stuffing-5",
    "action": "new",
    "side": "sell",
    "price": 65334.5328,
    "quantity": 0.001,
    "remaining_quantity": 0.001
  },
  {
    "event_id": "e0fb3e84af3be7732c35c4339d6b5fc953375ec23a9f06892c7e8bb208f847ef",
    "schema_version": "1.0.0",
    "event_type": "agent_order",
    "source": "synthetic_agent",
    "symbol": "BTCUSDT",
    "exchange": "binance_usdm",
    "timestamp": "2024-05-01T00:00:00.030000Z",
    "sequence": 6,
    "scenario_id": "scenario-328-quote_stuffing",
    "agent_id": "agent-quote_stuffing",
    "order_id": "scenario-328-quote_stuffing-agent-quote_stuffing-6",
    "action": "new",
    "side": "buy",
    "price": 65321.4672,
    "quantity": 0.001,
    "remaining_quantity": 0.001
  },
  {
    "event_id": "49c4dc51aadf1969a688fe063a125c16577a6c2e8f5f2ee870726f0ed7480553",
    "schema_version": "1.0.0",
    "event_type": "agent_order",
    "source": "synthetic_agent",
    "symbol": "BTCUSDT",
    "exchange": "binance_usdm",
    "timestamp": "2024-05-01T00:00:00.035000Z",
    "sequence": 7,
    "scenario_id": "scenario-328-quote_stuffing",
    "agent_id": "agent-quote_stuffing",
    "order_id": "scenario-328-quote_stuffing-agent-quote_stuffing-7",
    "action": "new",
    "side": "sell",
    "price": 65334.5328,
    "quantity": 0.001,
    "remaining_quantity": 0.001
  },
  {
    "event_id": "55f2a8abe06046e85961dee162bdbfa6b45806e4f4c2478cc390afedc8d6970b",
    "schema_version": "1.0.0",
    "event_type": "agent_order",
    "source": "synthetic_agent",
    "symbol": "BTCUSDT",
    "exchange": "binance_usdm",
    "timestamp": "2024-05-01T00:00:00.040000Z",
    "sequence": 8,
    "scenario_id": "scenario-328-quote_stuffing",
    "agent_id": "agent-quote_stuffing",
    "order_id": "scenario-328-quote_stuffing-agent-quote_stuffing-8",
    "action": "new",
    "side": "buy",
    "price": 65321.4672,
    "quantity": 0.001,
    "remaining_quantity": 0.001
  },
  {
    "event_id": "42aa14ee604ceedc85ba642ad8176b4858227d98109448f151ada90e5f3fe5b2",
    "schema_version": "1.0.0",
    "event_type": "agent_order",
    "source": "synthetic_agent",
    "symbol": "BTCUSDT",
    "exchange": "binance_usdm",
    "timestamp": "2024-05-01T00:00:00.045000Z",
    "sequence": 9,
    "scenario_id": "scenario-328-quote_stuffing",
    "agent_id": "agent-quote_stuffing",
    "order_id": "scenario-328-quote_stuffing-agent-quote_stuffing-9",
    "action": "new",
    "side": "sell",
    "price": 65334.5328,
    "quantity": 0.001,
    "remaining_quantity": 0.001
  },
  {
    "event_id": "ad49bf11c5d289f32b30da6b41ba0af06e4f628338964a6db73d8602906dd3dc",
    "schema_version": "1.0.0",
    "event_type": "agent_order",
    "source": "synthetic_agent",
    "symbol": "BTCUSDT",
    "exchange": "binance_usdm",
    "timestamp": "2024-05-01T00:00:00.050000Z",
    "sequence": 10,
    "scenario_id": "scenario-328-quote_stuffing",
    "agent_id": "agent-quote_stuffing",
    "order_id": "scenario-328-quote_stuffing-agent-quote_stuffing-10",
    "action": "new",
    "side": "buy",
    "price": 65321.4672,
    "quantity": 0.001,
    "remaining_quantity": 0.001
  },
  {
    "event_id": "5ceda6735f1359b6ab3efc88fce96eb69a23341acedd799d09d418cd7b97fffb",
    "schema_version": "1.0.0",
    "event_type": "agent_order",
    "source": "synthetic_agent",
    "symbol": "BTCUSDT",
    "exchange": "binance_usdm",
    "timestamp": "2024-05-01T00:00:00.055000Z",
    "sequence": 11,
    "scenario_id": "scenario-328-quote_stuffing",
    "agent_id": "agent-quote_stuffing",
    "order_id": "scenario-328-quote_stuffing-agent-quote_stuffing-11",
    "action": "new",
    "side": "sell",
    "price": 65334.5328,
    "quantity": 0.001,
    "remaining_quantity": 0.001
  },
  {
    "event_id": "f5fce3382284882ab4269a194c7c6ea290d64e9b859fca9303a0633a841ac74f",
    "schema_version": "1.0.0",
    "event_type": "agent_order",
    "source": "synthetic_agent",
    "symbol": "BTCUSDT",
    "exchange": "binance_usdm",
    "timestamp": "2024-05-01T00:00:00.060000Z",
    "sequence": 12,
    "scenario_id": "scenario-328-quote_stuffing",
    "agent_id": "agent-quote_stuffing",
    "order_id": "scenario-328-quote_stuffing-agent-quote_stuffing-12",
    "action": "new",
    "side": "buy",
    "price": 65321.4672,
    "quantity": 0.001,
    "remaining_quantity": 0.001
  },
  {
    "event_id": "87a352587186086990de3dbe7051c45fbdad9d1ec06b99a6271ec3cdaa391389",
    "schema_version": "1.0.0",
    "event_type": "agent_order",
    "source": "synthetic_agent",
    "symbol": "BTCUSDT",
    "exchange": "binance_usdm",
    "timestamp": "2024-05-01T00:00:00.065000Z",
    "sequence": 13,
    "scenario_id": "scenario-328-quote_stuffing",
    "agent_id": "agent-quote_stuffing",
    "order_id": "scenario-328-quote_stuffing-agent-quote_stuffing-13",
    "action": "new",
    "side": "sell",
    "price": 65334.5328,
    "quantity": 0.001,
    "remaining_quantity": 0.001
  },
  {
    "event_id": "9f673a4f16590ea62f86ebc007892c8bb98f066abf4cc5a62c2d0f5736becbd9",
    "schema_version": "1.0.0",
    "event_type": "agent_order",
    "source": "synthetic_agent",
    "symbol": "BTCUSDT",
    "exchange": "binance_usdm",
    "timestamp": "2024-05-01T00:00:00.070000Z",
    "sequence": 14,
    "scenario_id": "scenario-328-quote_stuffing",
    "agent_id": "agent-quote_stuffing",
    "order_id": "scenario-328-quote_stuffing-agent-quote_stuffing-14",
    "action": "new",
    "side": "buy",
    "price": 65321.4672,
    "quantity": 0.001,
    "remaining_quantity": 0.001
  },
  {
    "event_id": "f503d95bd7765b18feab013f56d822c5662aa39bdccfb4926c2f19197792d7a9",
    "schema_version": "1.0.0",
    "event_type": "agent_order",
    "source": "synthetic_agent",
    "symbol": "BTCUSDT",
    "exchange": "binance_usdm",
    "timestamp": "2024-05-01T00:00:00.075000Z",
    "sequence": 15,
    "scenario_id": "scenario-328-quote_stuffing",
    "agent_id": "agent-quote_stuffing",
    "order_id": "scenario-328-quote_stuffing-agent-quote_stuffing-15",
    "action": "new",
    "side": "sell",
    "price": 65334.5328,
    "quantity": 0.001,
    "remaining_quantity": 0.001
  },
  {
    "event_id": "f75db07dd8b051f8e6d97996973d98dc3976f7ddc39b11bd29e3346f11a54a50",
    "schema_version": "1.0.0",
    "event_type": "agent_order",
    "source": "synthetic_agent",
    "symbol": "BTCUSDT",
    "exchange": "binance_usdm",
    "timestamp": "2024-05-01T00:00:00.080000Z",
    "sequence": 16,
    "scenario_id": "scenario-328-quote_stuffing",
    "agent_id": "agent-quote_stuffing",
    "order_id": "scenario-328-quote_stuffing-agent-quote_stuffing-16",
    "action": "new",
    "side": "buy",
    "price": 65321.4672,
    "quantity": 0.001,
    "remaining_quantity": 0.001
  },
  {
    "event_id": "e92da234b516730026d31769f12a795bc956f13cf527560802db53630032b9e1",
    "schema_version": "1.0.0",
    "event_type": "agent_order",
    "source": "synthetic_agent",
    "symbol": "BTCUSDT",
    "exchange": "binance_usdm",
    "timestamp": "2024-05-01T00:00:00.085000Z",
    "sequence": 17,
    "scenario_id": "scenario-328-quote_stuffing",
    "agent_id": "agent-quote_stuffing",
    "order_id": "scenario-328-quote_stuffing-agent-quote_stuffing-17",
    "action": "new",
    "side": "sell",
    "price": 65334.5328,
    "quantity": 0.001,
    "remaining_quantity": 0.001
  },
  {
    "event_id": "d4477db2218ad136a07ca9984c148aa49a4a0dc63721f32d3c7fe9dd9f075b54",
    "schema_version": "1.0.0",
    "event_type": "agent_order",
    "source": "synthetic_agent",
    "symbol": "BTCUSDT",
    "exchange": "binance_usdm",
    "timestamp": "2024-05-01T00:00:00.090000Z",
    "sequence": 18,
    "scenario_id": "scenario-328-quote_stuffing",
    "agent_id": "agent-quote_stuffing",
    "order_id": "scenario-328-quote_stuffing-agent-quote_stuffing-18",
    "action": "new",
    "side": "buy",
    "price": 65321.4672,
    "quantity": 0.001,
    "remaining_quantity": 0.001
  },
  {
    "event_id": "1a936e89279fedaff42ed373da8b80a5d6d1720fcbff9369e5ca03e1c63a20f4",
    "schema_version": "1.0.0",
    "event_type": "agent_order",
    "source": "synthetic_agent",
    "symbol": "BTCUSDT",
    "exchange": "binance_usdm",
    "timestamp": "2024-05-01T00:00:00.095000Z",
    "sequence": 19,
    "scenario_id": "scenario-328-quote_stuffing",
    "agent_id": "agent-quote_stuffing",
    "order_id": "scenario-328-quote_stuffing-agent-quote_stuffing-19",
    "action": "new",
    "side": "sell",
    "price": 65334.5328,
    "quantity": 0.001,
    "remaining_quantity": 0.001
  },
  {
    "event_id": "c13712b8602e847652212870b65e4fcf95f1764b21fab1044950c7ed661b9542",
    "schema_version": "1.0.0",
    "event_type": "agent_order",
    "source": "synthetic_agent",
    "symbol": "BTCUSDT",
    "exchange": "binance_usdm",
    "timestamp": "2024-05-01T00:00:00.100000Z",
    "sequence": 20,
    "scenario_id": "scenario-328-quote_stuffing",
    "agent_id": "agent-quote_stuffing",
    "order_id": "scenario-328-quote_stuffing-agent-quote_stuffing-20",
    "action": "new",
    "side": "buy",
    "price": 65321.4672,
    "quantity": 0.001,
    "remaining_quantity": 0.001
  },
  {
    "event_id": "5725fcc034b68870353f2127ea5a08eb04c971f1499a04963298ad579456df44",
    "schema_version": "1.0.0",
    "event_type": "agent_order",
    "source": "synthetic_agent",
    "symbol": "BTCUSDT",
    "exchange": "binance_usdm",
    "timestamp": "2024-05-01T00:00:00.105000Z",
    "sequence": 21,
    "scenario_id": "scenario-328-quote_stuffing",
    "agent_id": "agent-quote_stuffing",
    "order_id": "scenario-328-quote_stuffing-agent-quote_stuffing-21",
    "action": "new",
    "side": "sell",
    "price": 65334.5328,
    "quantity": 0.001,
    "remaining_quantity": 0.001
  },
  {
    "event_id": "60045998dc360c8ae407b20e73c4c48d8f16995ce3ad60286da334b62c319a1e",
    "schema_version": "1.0.0",
    "event_type": "agent_order",
    "source": "synthetic_agent",
    "symbol": "BTCUSDT",
    "exchange": "binance_usdm",
    "timestamp": "2024-05-01T00:00:00.110000Z",
    "sequence": 22,
    "scenario_id": "scenario-328-quote_stuffing",
    "agent_id": "agent-quote_stuffing",
    "order_id": "scenario-328-quote_stuffing-agent-quote_stuffing-22",
    "action": "new",
    "side": "buy",
    "price": 65321.4672,
    "quantity": 0.001,
    "remaining_quantity": 0.001
  },
  {
    "event_id": "d6105efa0b4c828f7faf1aea70d8a9889bb4c1e94b0ed2f34df771eb332767a1",
    "schema_version": "1.0.0",
    "event_type": "agent_order",
    "source": "synthetic_agent",
    "symbol": "BTCUSDT",
    "exchange": "binance_usdm",
    "timestamp": "2024-05-01T00:00:00.115000Z",
    "sequence": 23,
    "scenario_id": "scenario-328-quote_stuffing",
    "agent_id": "agent-quote_stuffing",
    "order_id": "scenario-328-quote_stuffing-agent-quote_stuffing-23",
    "action": "new",
    "side": "sell",
    "price": 65334.5328,
    "quantity": 0.001,
    "remaining_quantity": 0.001
  },
  {
    "event_id": "0584538610aa2a1df40dce28be4af0f1c5fe5479def36e81869884c50f72c3f9",
    "schema_version": "1.0.0",
    "event_type": "agent_order",
    "source": "synthetic_agent",
    "symbol": "BTCUSDT",
    "exchange": "binance_usdm",
    "timestamp": "2024-05-01T00:00:00.120000Z",
    "sequence": 24,
    "scenario_id": "scenario-328-quote_stuffing",
    "agent_id": "agent-quote_stuffing",
    "order_id": "scenario-328-quote_stuffing-agent-quote_stuffing-24",
    "action": "new",
    "side": "buy",
    "price": 65321.4672,
    "quantity": 0.001,
    "remaining_quantity": 0.001
  },
  {
    "event_id": "6562e38166bfb2d6c80e79cdf9787ead4a216b85a9fd66040195bd615c5a3791",
    "schema_version": "1.0.0",
    "event_type": "agent_order",
    "source": "synthetic_agent",
    "symbol": "BTCUSDT",
    "exchange": "binance_usdm",
    "timestamp": "2024-05-01T00:00:00.125000Z",
    "sequence": 25,
    "scenario_id": "scenario-328-quote_stuffing",
    "agent_id": "agent-quote_stuffing",
    "order_id": "scenario-328-quote_stuffing-agent-quote_stuffing-25",
    "action": "new",
    "side": "sell",
    "price": 65334.5328,
    "quantity": 0.001,
    "remaining_quantity": 0.001
  },
  {
    "event_id": "bd88548105b167169eb5b341be169b51388dd0e03c71fbed4b3c6f471a3dd7b8",
    "schema_version": "1.0.0",
    "event_type": "agent_order",
    "source": "synthetic_agent",
    "symbol": "BTCUSDT",
    "exchange": "binance_usdm",
    "timestamp": "2024-05-01T00:00:00.130000Z",
    "sequence": 26,
    "scenario_id": "scenario-328-quote_stuffing",
    "agent_id": "agent-quote_stuffing",
    "order_id": "scenario-328-quote_stuffing-agent-quote_stuffing-26",
    "action": "new",
    "side": "buy",
    "price": 65321.4672,
    "quantity": 0.001,
    "remaining_quantity": 0.001
  },
  {
    "event_id": "bc27cf1e494bdbd6d4a0d9c77576bd33b4255edd7c422a471a11415a45cfa703",
    "schema_version": "1.0.0",
    "event_type": "agent_order",
    "source": "synthetic_agent",
    "symbol": "BTCUSDT",
    "exchange": "binance_usdm",
    "timestamp": "2024-05-01T00:00:00.135000Z",
    "sequence": 27,
    "scenario_id": "scenario-328-quote_stuffing",
    "agent_id": "agent-quote_stuffing",
    "order_id": "scenario-328-quote_stuffing-agent-quote_stuffing-27",
    "action": "new",
    "side": "sell",
    "price": 65334.5328,
    "quantity": 0.001,
    "remaining_quantity": 0.001
  },
  {
    "event_id": "e885efb750047dddd75981d9e7f59e231a77bde4e79a15db710b0efc7c2fd07f",
    "schema_version": "1.0.0",
    "event_type": "agent_order",
    "source": "synthetic_agent",
    "symbol": "BTCUSDT",
    "exchange": "binance_usdm",
    "timestamp": "2024-05-01T00:00:00.140000Z",
    "sequence": 28,
    "scenario_id": "scenario-328-quote_stuffing",
    "agent_id": "agent-quote_stuffing",
    "order_id": "scenario-328-quote_stuffing-agent-quote_stuffing-28",
    "action": "new",
    "side": "buy",
    "price": 65321.4672,
    "quantity": 0.001,
    "remaining_quantity": 0.001
  },
  {
    "event_id": "5888d91f7dde78d216f7b7b5787a933b49289fb645e5cbe9dfd16151e86d66dc",
    "schema_version": "1.0.0",
    "event_type": "agent_order",
    "source": "synthetic_agent",
    "symbol": "BTCUSDT",
    "exchange": "binance_usdm",
    "timestamp": "2024-05-01T00:00:00.145000Z",
    "sequence": 29,
    "scenario_id": "scenario-328-quote_stuffing",
    "agent_id": "agent-quote_stuffing",
    "order_id": "scenario-328-quote_stuffing-agent-quote_stuffing-29",
    "action": "new",
    "side": "sell",
    "price": 65334.5328,
    "quantity": 0.001,
    "remaining_quantity": 0.001
  }
]