[
  {
    "event_id": "2c6b9be09340227e64e779fd6767e0bb662ce104787594c674e707146028ec05",
    "schema_version": "1.0.0",
    "event_type": "agent_order",
    "source": "synthetic_agent",
    "symbol": "BTCUSDT",
    "exchange": "binance_usdm",
    "timestamp": "2024-05-01T00:00:00Z",
    "sequence": 0,
    "scenario_id": "scenario-036-passive_market_maker",
    "agent_id": "agent-passive_market_maker",
    "order_id": "scenario-036-passive_market_maker-agent-passive_market_maker-0",
    "action": "new",
    "side": "buy",
    "price": 64970.964,
    "quantity": 0.01,
    "remaining_quantity": 0.01
  },
  {
    "event_id": "dfa6fbfdaba2976e191f544fe14022db2f9569d2a717454a04e0c2b69f200508",
    "schema_version": "1.0.0",
    "event_type": "agent_order",
    "source": "synthetic_agent",
    "symbol": "BTCUSDT",
    "exchange": "binance_usdm",
    "timestamp": "2024-05-01T00:00:00.100000Z",
    "sequence": 1,
    "scenario_id": "scenario-036-passive_market_maker",
    "agent_id": "agent-passive_market_maker",
    "order_id": "scenario-036-passive_market_maker-agent-passive_market_maker-1",
    "action": "new",
    "side": "sell",
    "price": 65101.03599999999,
    "quantity": 0.01,
    "remaining_quantity": 0.01
  },
  {
    "event_id": "683af8146e72600968b44254f7f34a59746c4e49049e0520f0abd0d4200245c7",
    "schema_version": "1.0.0",
    "event_type": "agent_order",
    "source": "synthetic_agent",
    "symbol": "BTCUSDT",
    "exchange": "binance_usdm",
    "timestamp": "2024-05-01T00:00:00.200000Z",
    "sequence": 2,
    "scenario_id": "scenario-036-passive_market_maker",
    "agent_id": "agent-passive_market_maker",
    "order_id": "scenario-036-passive_market_maker-agent-passive_market_maker-2",
    "action": "new",
    "side": "buy",
    "price": 64970.964,
    "quantity": 0.01,
    "remaining_quantity": 0.01
  },
  {
    "event_id": "1ebbd00cb4750e12fb29f1bf10e4ff8c82f10ad96caada5c9d6f104230ef7edf",
    "schema_version": "1.0.0",
    "event_type": "agent_order",
    "source": "synthetic_agent",
    "symbol": "BTCUSDT",
    "exchange": "binance_usdm",
    "timestamp": "2024-05-01T00:00:00.300000Z",
    "sequence": 3,
    "scenario_id": "scenario-036-passive_market_maker",
    "agent_id": "agent-passive_market_maker",
    "order_id": "scenario-036-passive_market_maker-agent-passive_market_maker-3",
    "action": "new",
    "side": "sell",
    "price": 65101.03599999999,
    "quantity": 0.01,
    "remaining_quantity": 0.01
  },
  {
    "event_id": "62d7d2afaddfbb716e37a82c8b2f80c6c8cecde8f306141054c00da0a4e9522c",
    "schema_version": "1.0.0",
    "event_type": "agent_order",
    "source": "synthetic_agent",
    "symbol": "BTCUSDT",
    "exchange": "binance_usdm",
    "timestamp": "2024-05-01T00:00:00.400000Z",
    "sequence": 4,
    "scenario_id": "scenario-036-passive_market_maker",
    "agent_id": "agent-passive_market_maker",
    "order_id": "scenario-036-passive_market_maker-agent-passive_market_maker-4",
    "action": "new",
    "side": "buy",
    "price": 64970.964,
    "quantity": 0.01,
    "remaining_quantity": 0.01
  },
  {
    "event_id": "91ccb05a691abddbc28d833322ed397226d2de450216d91de9c31ee74adf8c5b",
    "schema_version": "1.0.0",
    "event_type": "agent_order",
    "source": "synthetic_agent",
    "symbol": "BTCUSDT",
    "exchange": "binance_usdm",
    "timestamp": "2024-05-01T00:00:00.500000Z",
    "sequence": 5,
    "scenario_id": "scenario-036-passive_market_maker",
    "agent_id": "agent-passive_market_maker",
    "order_id": "scenario-036-passive_market_maker-agent-passive_market_maker-5",
    "action": "new",
    "side": "sell",
    "price": 65101.03599999999,
    "quantity": 0.01,
    "remaining_quantity": 0.01
  },
  {
    "event_id": "485692af8cd9f39eb98d5b6a7467d8a0d1e2d2e6cee69ef5086e4fd1d3f0c0ad",
    "schema_version": "1.0.0",
    "event_type": "agent_order",
    "source": "synthetic_agent",
    "symbol": "BTCUSDT",
    "exchange": "binance_usdm",
    "timestamp": "2024-05-01T00:00:00.600000Z",
    "sequence": 6,
    "scenario_id": "scenario-036-passive_market_maker",
    "agent_id": "agent-passive_market_maker",
    "order_id": "scenario-036-passive_market_maker-agent-passive_market_maker-6",
    "action": "new",
    "side": "buy",
    "price": 64970.964,
    "quantity": 0.01,
    "remaining_quantity": 0.01
  },
  {
    "event_id": "572349a00e20ec4c05d86840142dcb5463e88fdc915d388a759fff48295a81b4",
    "schema_version": "1.0.0",
    "event_type": "agent_order",
    "source": "synthetic_agent",
    "symbol": "BTCUSDT",
    "exchange": "binance_usdm",
    "timestamp": "2024-05-01T00:00:00.700000Z",
    "sequence": 7,
    "scenario_id": "scenario-036-passive_market_maker",
    "agent_id": "agent-passive_market_maker",
    "order_id": "scenario-036-passive_market_maker-agent-passive_market_maker-7",
    "action": "new",
    "side": "sell",
    "price": 65101.03599999999,
    "quantity": 0.01,
    "remaining_quantity": 0.01
  },
  {
    "event_id": "8564c4445ab45d744765907d14e975d3880a69db8b2ea95655ed45737af748b1",
    "schema_version": "1.0.0",
    "event_type": "agent_order",
    "source": "synthetic_agent",
    "symbol": "BTCUSDT",
    "exchange": "binance_usdm",
    "timestamp": "2024-05-01T00:00:00.800000Z",
    "sequence": 8,
    "scenario_id": "scenario-036-passive_market_maker",
    "agent_id": "agent-passive_market_maker",
    "order_id": "scenario-036-passive_market_maker-agent-passive_market_maker-8",
    "action": "new",
    "side": "buy",
    "price": 64970.964,
    "quantity": 0.01,
    "remaining_quantity": 0.01
  },
  {
    "event_id": "fb1957e4a62071f1c8838d376f272566953477726c7a825c074416f738796261",
    "schema_version": "1.0.0",
    "event_type": "agent_order",
    "source": "synthetic_agent",
    "symbol": "BTCUSDT",
    "exchange": "binance_usdm",
    "timestamp": "2024-05-01T00:00:00.900000Z",
    "sequence": 9,
    "scenario_id": "scenario-036-passive_market_maker",
    "agent_id": "agent-passive_market_maker",
    "order_id": "scenario-036-passive_market_maker-agent-passive_market_maker-9",
    "action": "new",
    "side": "sell",
    "price": 65101.03599999999,
    "quantity": 0.01,
    "remaining_quantity": 0.01
  },
  {
    "event_id": "a45bd7bce0a6515627b0f9fc64151b086f48af14d45b768f1d015bc9daf6a906",
    "schema_version": "1.0.0",
    "event_type": "agent_order",
    "source": "synthetic_agent",
    "symbol": "BTCUSDT",
    "exchange": "binance_usdm",
    "timestamp": "2024-05-01T00:00:01Z",
    "sequence": 10,
    "scenario_id": "scenario-036-passive_market_maker",
    "agent_id": "agent-passive_market_maker",
    "order_id": "scenario-036-passive_market_maker-agent-passive_market_maker-10",
    "action": "new",
    "side": "buy",
    "price": 64970.964,
    "quantity": 0.01,
    "remaining_quantity": 0.01
  },
  {
    "event_id": "5ec37d4b075286582c65eca00a2d4624e475031b1c50494a821835d4d895ae9d",
    "schema_version": "1.0.0",
    "event_type": "agent_order",
    "source": "synthetic_agent",
    "symbol": "BTCUSDT",
    "exchange": "binance_usdm",
    "timestamp": "2024-05-01T00:00:01.100000Z",
    "sequence": 11,
    "scenario_id": "scenario-036-passive_market_maker",
    "agent_id": "agent-passive_market_maker",
    "order_id": "scenario-036-passive_market_maker-agent-passive_market_maker-11",
    "action": "new",
    "side": "sell",
    "price": 65101.03599999999,
    "quantity": 0.01,
    "remaining_quantity": 0.01
  },
  {
    "event_id": "8569d2a455afb4c29003f1e15309e2b30c23b20bacb1a4970c05442b5c737b7c",
    "schema_version": "1.0.0",
    "event_type": "agent_order",
    "source": "synthetic_agent",
    "symbol": "BTCUSDT",
    "exchange": "binance_usdm",
    "timestamp": "2024-05-01T00:00:01.200000Z",
    "sequence": 12,
    "scenario_id": "scenario-036-passive_market_maker",
    "agent_id": "agent-passive_market_maker",
    "order_id": "scenario-036-passive_market_maker-agent-passive_market_maker-12",
    "action": "new",
    "side": "buy",
    "price": 64970.964,
    "quantity": 0.01,
    "remaining_quantity": 0.01
  },
  {
    "event_id": "eab103c76c6c19d9c9609f2b2d93e72491eb40e9af495929f0324fb134f71807",
    "schema_version": "1.0.0",
    "event_type": "agent_order",
    "source": "synthetic_agent",
    "symbol": "BTCUSDT",
    "exchange": "binance_usdm",
    "timestamp": "2024-05-01T00:00:01.300000Z",
    "sequence": 13,
    "scenario_id": "scenario-036-passive_market_maker",
    "agent_id": "agent-passive_market_maker",
    "order_id": "scenario-036-passive_market_maker-agent-passive_market_maker-13",
    "action": "new",
    "side": "sell",
    "price": 65101.03599999999,
    "quantity": 0.01,
    "remaining_quantity": 0.01
  },
  {
    "event_id": "952446533838e70bda98408009cf888e9246b4468a6e30e39205575544ada1e4",
    "schema_version": "1.0.0",
    "event_type": "agent_order",
    "source": "synthetic_agent",
    "symbol": "BTCUSDT",
    "exchange": "binance_usdm",
    "timestamp": "2024-05-01T00:00:01.400000Z",
    "sequence": 14,
    "scenario_id": "scenario-036-passive_market_maker",
    "agent_id": "agent-passive_market_maker",
    "order_id": "scenario-036-passive_market_maker-agent-passive_market_maker-14",
    "action": "new",
    "side": "buy",
    "price": 64970.964,
    "quantity": 0.01,
    "remaining_quantity": 0.01
  },
  {
    "event_id": "ae579a254a9e1dfcfc4feaf677544fa658207f588ab4d55aa51ca7b18073b317",
    "schema_version": "1.0.0",
    "event_type": "agent_order",
    "source": "synthetic_agent",
    "symbol": "BTCUSDT",
    "exchange": "binance_usdm",
    "timestamp": "2024-05-01T00:00:01.500000Z",
    "sequence": 15,
    "scenario_id": "scenario-036-passive_market_maker",
    "agent_id": "agent-passive_market_maker",
    "order_id": "scenario-036-passive_market_maker-agent-passive_market_maker-15",
    "action": "new",
    "side": "sell",
    "price": 65101.03599999999,
    "quantity": 0.01,
    "remaining_quantity": 0.01
  },
  {
    "event_id": "682b38bb93d802a408e12ccce6cb1218b50511f665b67053b0e41971a00e41ad",
    "schema_version": "1.0.0",
    "event_type": "agent_order",
    "source": "synthetic_agent",
    "symbol": "BTCUSDT",
    "exchange": "binance_usdm",
    "timestamp": "2024-05-01T00:00:01.600000Z",
    "sequence": 16,
    "scenario_id": "scenario-036-passive_market_maker",
    "agent_id": "agent-passive_market_maker",
    "order_id": "scenario-036-passive_market_maker-agent-passive_market_maker-16",
    "action": "new",
    "side": "buy",
    "price": 64970.964,
    "quantity": 0.01,
    "remaining_quantity": 0.01
  },
  {
    "event_id": "169d6b3303802c22588b694a0bf7af1a066ed88093988d878c22451000fb3561",
    "schema_version": "1.0.0",
    "event_type": "agent_order",
    "source": "synthetic_agent",
    "symbol": "BTCUSDT",
    "exchange": "binance_usdm",
    "timestamp": "2024-05-01T00:00:01.700000Z",
    "sequence": 17,
    "scenario_id": "scenario-036-passive_market_maker",
    "agent_id": "agent-passive_market_maker",
    "order_id": "scenario-036-passive_market_maker-agent-passive_market_maker-17",
    "action": "new",
    "side": "sell",
    "price": 65101.03599999999,
    "quantity": 0.01,
    "remaining_quantity": 0.01
  },
  {
    "event_id": "ab92cf5ad71189e6c66839e4573c84175255b786fb562c5ed4bed7f66fea4a03",
    "schema_version": "1.0.0",
    "event_type": "agent_order",
    "source": "synthetic_agent",
    "symbol": "BTCUSDT",
    "exchange": "binance_usdm",
    "timestamp": "2024-05-01T00:00:01.800000Z",
    "sequence": 18,
    "scenario_id": "scenario-036-passive_market_maker",
    "agent_id": "agent-passive_market_maker",
    "order_id": "scenario-036-passive_market_maker-agent-passive_market_maker-18",
    "action": "new",
    "side": "buy",
    "price": 64970.964,
    "quantity": 0.01,
    "remaining_quantity": 0.01
  },
  {
    "event_id": "4cd6c6024ed28c403e25467c9c4f2e30f08afd664093782c93e831bef5d0dc8b",
    "schema_version": "1.0.0",
    "event_type": "agent_order",
    "source": "synthetic_agent",
    "symbol": "BTCUSDT",
    "exchange": "binance_usdm",
    "timestamp": "2024-05-01T00:00:01.900000Z",
    "sequence": 19,
    "scenario_id": "scenario-036-passive_market_maker",
    "agent_id": "agent-passive_market_maker",
    "order_id": "scenario-036-passive_market_maker-agent-passive_market_maker-19",
    "action": "new",
    "side": "sell",
    "price": 65101.03599999999,
    "quantity": 0.01,
    "remaining_quantity": 0.01
  },
  {
    "event_id": "b7cacb5157569c0eb402e74c27ffb4c8f655973d4d150e3088b9680a6967ccf1",
    "schema_version": "1.0.0",
    "event_type": "agent_order",
    "source": "synthetic_agent",
    "symbol": "BTCUSDT",
    "exchange": "binance_usdm",
    "timestamp": "2024-05-01T00:00:02Z",
    "sequence": 20,
    "scenario_id": "scenario-036-passive_market_maker",
    "agent_id": "agent-passive_market_maker",
    "order_id": "scenario-036-passive_market_maker-agent-passive_market_maker-20",
    "action": "new",
    "side": "buy",
    "price": 64970.964,
    "quantity": 0.01,
    "remaining_quantity": 0.01
  },
  {
    "event_id": "4b837ab62037100a9f72f5f00f235b0934290fa2d707ff751e0206a8a70b0a95",
    "schema_version": "1.0.0",
    "event_type": "agent_order",
    "source": "synthetic_agent",
    "symbol": "BTCUSDT",
    "exchange": "binance_usdm",
    "timestamp": "2024-05-01T00:00:02.100000Z",
    "sequence": 21,
    "scenario_id": "scenario-036-passive_market_maker",
    "agent_id": "agent-passive_market_maker",
    "order_id": "scenario-036-passive_market_maker-agent-passive_market_maker-21",
    "action": "new",
    "side": "sell",
    "price": 65101.03599999999,
    "quantity": 0.01,
    "remaining_quantity": 0.01
  },
  {
    "event_id": "3f484403a26d3b6c875ff1729055dc89f91676479182c1ac8f26fbaaf8bbbf6b",
    "schema_version": "1.0.0",
    "event_type": "agent_order",
    "source": "synthetic_agent",
    "symbol": "BTCUSDT",
    "exchange": "binance_usdm",
    "timestamp": "2024-05-01T00:00:02.200000Z",
    "sequence": 22,
    "scenario_id": "scenario-036-passive_market_maker",
    "agent_id": "agent-passive_market_maker",
    "order_id": "scenario-036-passive_market_maker-agent-passive_market_maker-22",
    "action": "new",
    "side": "buy",
    "price": 64970.964,
    "quantity": 0.01,
    "remaining_quantity": 0.01
  },
  {
    "event_id": "7b962eff6aa6dbb595c222e2b084f1aa45e845eac185898aac15f6c83d87a3bc",
    "schema_version": "1.0.0",
    "event_type": "agent_order",
    "source": "synthetic_agent",
    "symbol": "BTCUSDT",
    "exchange": "binance_usdm",
    "timestamp": "2024-05-01T00:00:02.300000Z",
    "sequence": 23,
    "scenario_id": "scenario-036-passive_market_maker",
    "agent_id": "agent-passive_market_maker",
    "order_id": "scenario-036-passive_market_maker-agent-passive_market_maker-23",
    "action": "new",
    "side": "sell",
    "price": 65101.03599999999,
    "quantity": 0.01,
    "remaining_quantity": 0.01
  },
  {
    "event_id": "d036ce9fb68c5f91c935bac716b4285cde31e40a420c3e30daf94f25ed83bf6e",
    "schema_version": "1.0.0",
    "event_type": "agent_order",
    "source": "synthetic_agent",
    "symbol": "BTCUSDT",
    "exchange": "binance_usdm",
    "timestamp": "2024-05-01T00:00:02.400000Z",
    "sequence": 24,
    "scenario_id": "scenario-036-passive_market_maker",
    "agent_id": "agent-passive_market_maker",
    "order_id": "scenario-036-passive_market_maker-agent-passive_market_maker-24",
    "action": "new",
    "side": "buy",
    "price": 64970.964,
    "quantity": 0.01,
    "remaining_quantity": 0.01
  },
  {
    "event_id": "cf0dcb1a8b8d1f75b8b4e62b10e8b5d4c1635df15e28fed26fb19cb79d0feff7",
    "schema_version": "1.0.0",
    "event_type": "agent_order",
    "source": "synthetic_agent",
    "symbol": "BTCUSDT",
    "exchange": "binance_usdm",
    "timestamp": "2024-05-01T00:00:02.500000Z",
    "sequence": 25,
    "scenario_id": "scenario-036-passive_market_maker",
    "agent_id": "agent-passive_market_maker",
    "order_id": "scenario-036-passive_market_maker-agent-passive_market_maker-25",
    "action": "new",
    "side": "sell",
    "price": 65101.03599999999,
    "quantity": 0.01,
    "remaining_quantity": 0.01
  },
  {
    "event_id": "564aed65ba580ef246886b32b9b28ce43e3773b70c61ce4905d5b714028961c3",
    "schema_version": "1.0.0",
    "event_type": "agent_order",
    "source": "synthetic_agent",
    "symbol": "BTCUSDT",
    "exchange": "binance_usdm",
    "timestamp": "2024-05-01T00:00:02.600000Z",
    "sequence": 26,
    "scenario_id": "scenario-036-passive_market_maker",
    "agent_id": "agent-passive_market_maker",
    "order_id": "scenario-036-passive_market_maker-agent-passive_market_maker-26",
    "action": "new",
    "side": "buy",
    "price": 64970.964,
    "quantity": 0.01,
    "remaining_quantity": 0.01
  },
  {
    "event_id": "4c02d50dbef87d7105be736b447433930b029f486020f59c8e5e43c303669118",
    "schema_version": "1.0.0",
    "event_type": "agent_order",
    "source": "synthetic_agent",
    "symbol": "BTCUSDT",
    "exchange": "binance_usdm",
    "timestamp": "2024-05-01T00:00:02.700000Z",
    "sequence": 27,
    "scenario_id": "scenario-036-passive_market_maker",
    "agent_id": "agent-passive_market_maker",
    "order_id": "scenario-036-passive_market_maker-agent-passive_market_maker-27",
    "action": "new",
    "side": "sell",
    "price": 65101.03599999999,
    "quantity": 0.01,
    "remaining_quantity": 0.01
  },
  {
    "event_id": "ed98f88e9d9d0cba382ed6c51e1a7a600c54ec4e15b91181946d637bdccd992e",
    "schema_version": "1.0.0",
    "event_type": "agent_order",
    "source": "synthetic_agent",
    "symbol": "BTCUSDT",
    "exchange": "binance_usdm",
    "timestamp": "2024-05-01T00:00:02.800000Z",
    "sequence": 28,
    "scenario_id": "scenario-036-passive_market_maker",
    "agent_id": "agent-passive_market_maker",
    "order_id": "scenario-036-passive_market_maker-agent-passive_market_maker-28",
    "action": "new",
    "side": "buy",
    "price": 64970.964,
    "quantity": 0.01,
    "remaining_quantity": 0.01
  },
  {
    "event_id": "ff8fed8a8d355477748bd2b34e6dd7e76328783ba3e1839cb7501af9cdbf6acc",
    "schema_version": "1.0.0",
    "event_type": "agent_order",
    "source": "synthetic_agent",
    "symbol": "BTCUSDT",
    "exchange": "binance_usdm",
    "timestamp": "2024-05-01T00:00:02.900000Z",
    "sequence": 29,
    "scenario_id": "scenario-036-passive_market_maker",
    "agent_id": "agent-passive_market_maker",
    "order_id": "scenario-036-passive_market_maker-agent-passive_market_maker-29",
    "action": "new",
    "side": "sell",
    "price": 65101.03599999999,
    "quantity": 0.01,
    "remaining_quantity": 0.01
  }
]