[
  {
    "event_id": "11fbaea402d34eea0f05d0d2c45e31db5d9a50a06f5d4379a61b10f23cdf1532",
    "schema_version": "1.0.0",
    "event_type": "agent_order",
    "source": "synthetic_agent",
    "symbol": "BTCUSDT",
    "exchange": "binance_usdm",
    "timestamp": "2024-05-01T00:00:00Z",
    "sequence": 0,
    "scenario_id": "scenario-389-momentum_ignition",
    "agent_id": "agent-momentum_ignition",
    "order_id": "scenario-389-momentum_ignition-agent-momentum_ignition-0",
    "action": "new",
    "side": "buy",
    "price": 65454.388999999996,
    "quantity": 0.08,
    "remaining_quantity": 0.08
  },
  {
    "event_id": "a9f28fbc9f75cf4360d804e2e740dcb1f54bdd4e76f59db657d9233131b1bdb0",
    "schema_version": "1.0.0",
    "event_type": "agent_order",
    "source": "synthetic_agent",
    "symbol": "BTCUSDT",
    "exchange": "binance_usdm",
    "timestamp": "2024-05-01T00:00:00.080000Z",
    "sequence": 1,
    "scenario_id": "scenario-389-momentum_ignition",
    "agent_id": "agent-momentum_ignition",
    "order_id": "scenario-389-momentum_ignition-agent-momentum_ignition-1",
    "action": "new",
    "side": "buy",
    "price": 65455.696779999984,
    "quantity": 0.08,
    "remaining_quantity": 0.08
  },
  {
    "event_id": "61170098fcb3475d281f1116c64ede74988336d8433d2f6efbe05e2fed978175",
    "schema_version": "1.0.0",
    "event_type": "agent_order",
    "source": "synthetic_agent",
    "symbol": "BTCUSDT",
    "exchange": "binance_usdm",
    "timestamp": "2024-05-01T00:00:00.160000Z",
    "sequence": 2,
    "scenario_id": "scenario-389-momentum_ignition",
    "agent_id": "agent-momentum_ignition",
    "order_id": "scenario-389-momentum_ignition-agent-momentum_ignition-2",
    "action": "new",
    "side": "buy",
    "price": 65457.004559999994,
    "quantity": 0.08,
    "remaining_quantity": 0.08
  },
  {
    "event_id": "9d5833afd22ce6c1489db8de76e7be043953125325a35cb516fd3767961f2fcf",
    "schema_version": "1.0.0",
    "event_type": "agent_order",
    "source": "synthetic_agent",
    "symbol": "BTCUSDT",
    "exchange": "binance_usdm",
    "timestamp": "2024-05-01T00:00:00.240000Z",
    "sequence": 3,
    "scenario_id": "scenario-389-momentum_ignition",
    "agent_id": "agent-momentum_ignition",
    "order_id": "scenario-389-momentum_ignition-agent-momentum_ignition-3",
    "action": "new",
    "side": "buy",
    "price": 65458.31233999999,
    "quantity": 0.08,
    "remaining_quantity": 0.08
  },
  {
    "event_id": "376624a98b8c20431b9daa3be45315730b4e0af2f2950bf498a932d4549c2b12",
    "schema_version": "1.0.0",
    "event_type": "agent_order",
    "source": "synthetic_agent",
    "symbol": "BTCUSDT",
    "exchange": "binance_usdm",
    "timestamp": "2024-05-01T00:00:00.320000Z",
    "sequence": 4,
    "scenario_id": "scenario-389-momentum_ignition",
    "agent_id": "agent-momentum_ignition",
    "order_id": "scenario-389-momentum_ignition-agent-momentum_ignition-4",
    "action": "new",
    "side": "buy",
    "price": 65459.62012,
    "quantity": 0.08,
    "remaining_quantity": 0.08
  },
  {
    "event_id": "4cbfbbf4d70ba6a1b39634be57dec07c2d0ef1d8f64adc4d26afd5a3754757c8",
    "schema_version": "1.0.0",
    "event_type": "agent_order",
    "source": "synthetic_agent",
    "symbol": "BTCUSDT",
    "exchange": "binance_usdm",
    "timestamp": "2024-05-01T00:00:00.400000Z",
    "sequence": 5,
    "scenario_id": "scenario-389-momentum_ignition",
    "agent_id": "agent-momentum_ignition",
    "order_id": "scenario-389-momentum_ignition-agent-momentum_ignition-5",
    "action": "new",
    "side": "buy",
    "price": 65460.927899999995,
    "quantity": 0.08,
    "remaining_quantity": 0.08
  },
  {
    "event_id": "026d9b7f1412189ed7f7af08d805f33e16ce61081e026aa2277e41e096f8dc0d",
    "schema_version": "1.0.0",
    "event_type": "agent_order",
    "source": "synthetic_agent",
    "symbol": "BTCUSDT",
    "exchange": "binance_usdm",
    "timestamp": "2024-05-01T00:00:00.480000Z",
    "sequence": 6,
    "scenario_id": "scenario-389-momentum_ignition",
    "agent_id": "agent-momentum_ignition",
    "order_id": "scenario-389-momentum_ignition-agent-momentum_ignition-6",
    "action": "new",
    "side": "buy",
    "price": 65462.23567999998,
    "quantity": 0.08,
    "remaining_quantity": 0.08
  },
  {
    "event_id": "048561ae62aff9bf2de86fcfd904096d6e85ff6bb146ecd31bbaab37b25ad410",
    "schema_version": "1.0.0",
    "event_type": "agent_order",
    "source": "synthetic_agent",
    "symbol": "BTCUSDT",
    "exchange": "binance_usdm",
    "timestamp": "2024-05-01T00:00:00.560000Z",
    "sequence": 7,
    "scenario_id": "scenario-389-momentum_ignition",
    "agent_id": "agent-momentum_ignition",
    "order_id": "scenario-389-momentum_ignition-agent-momentum_ignition-7",
    "action": "new",
    "side": "buy",
    "price": 65463.54345999999,
    "quantity": 0.08,
    "remaining_quantity": 0.08
  },
  {
    "event_id": "88c2327da780b9767ad664d1dd5d2a3ee476272e78cd03036370c850167c1858",
    "schema_version": "1.0.0",
    "event_type": "agent_order",
    "source": "synthetic_agent",
    "symbol": "BTCUSDT",
    "exchange": "binance_usdm",
    "timestamp": "2024-05-01T00:00:00.640000Z",
    "sequence": 8,
    "scenario_id": "scenario-389-momentum_ignition",
    "agent_id": "agent-momentum_ignition",
    "order_id": "scenario-389-momentum_ignition-agent-momentum_ignition-8",
    "action": "new",
    "side": "buy",
    "price": 65464.85123999999,
    "quantity": 0.08,
    "remaining_quantity": 0.08
  },
  {
    "event_id": "bfbb5508c1a4bb0d040d6c9ead7fc67eba0dbfd13db016e80e5c6fd0dd65bc4d",
    "schema_version": "1.0.0",
    "event_type": "agent_order",
    "source": "synthetic_agent",
    "symbol": "BTCUSDT",
    "exchange": "binance_usdm",
    "timestamp": "2024-05-01T00:00:00.720000Z",
    "sequence": 9,
    "scenario_id": "scenario-389-momentum_ignition",
    "agent_id": "agent-momentum_ignition",
    "order_id": "scenario-389-momentum_ignition-agent-momentum_ignition-9",
    "action": "new",
    "side": "buy",
    "price": 65466.15902,
    "quantity": 0.08,
    "remaining_quantity": 0.08
  },
  {
    "event_id": "36c43c09baa7e0a86797196c38312c810f09a1b96b09da36d1536a96f019aadd",
    "schema_version": "1.0.0",
    "event_type": "agent_order",
    "source": "synthetic_agent",
    "symbol": "BTCUSDT",
    "exchange": "binance_usdm",
    "timestamp": "2024-05-01T00:00:00.800000Z",
    "sequence": 10,
    "scenario_id": "scenario-389-momentum_ignition",
    "agent_id": "agent-momentum_ignition",
    "order_id": "scenario-389-momentum_ignition-agent-momentum_ignition-10",
    "action": "new",
    "side": "buy",
    "price": 65467.466799999995,
    "quantity": 0.08,
    "remaining_quantity": 0.08
  },
  {
    "event_id": "8ab7b3e3cb1bb45f5d57a8e2a6a8827052071f0ab68223af43c60e84309f434b",
    "schema_version": "1.0.0",
    "event_type": "agent_order",
    "source": "synthetic_agent",
    "symbol": "BTCUSDT",
    "exchange": "binance_usdm",
    "timestamp": "2024-05-01T00:00:00.880000Z",
    "sequence": 11,
    "scenario_id": "scenario-389-momentum_ignition",
    "agent_id": "agent-momentum_ignition",
    "order_id": "scenario-389-momentum_ignition-agent-momentum_ignition-11",
    "action": "new",
    "side": "buy",
    "price": 65468.77458,
    "quantity": 0.08,
    "remaining_quantity": 0.08
  },
  {
    "event_id": "ae3dcbc4f265b3bc55dac99ed426bd5d058a4a7154fa26f2bacbd369deca3f31",
    "schema_version": "1.0.0",
    "event_type": "agent_order",
    "source": "synthetic_agent",
    "symbol": "BTCUSDT",
    "exchange": "binance_usdm",
    "timestamp": "2024-05-01T00:00:00.960000Z",
    "sequence": 12,
    "scenario_id": "scenario-389-momentum_ignition",
    "agent_id": "agent-momentum_ignition",
    "order_id": "scenario-389-momentum_ignition-agent-momentum_ignition-12",
    "action": "new",
    "side": "buy",
    "price": 65470.08235999999,
    "quantity": 0.08,
    "remaining_quantity": 0.08
  },
  {
    "event_id": "f0c4c69682027d0055aefcafc7209e9e7c586a24d1a2faa3613277011c6f0d58",
    "schema_version": "1.0.0",
    "event_type": "agent_order",
    "source": "synthetic_agent",
    "symbol": "BTCUSDT",
    "exchange": "binance_usdm",
    "timestamp": "2024-05-01T00:00:01.040000Z",
    "sequence": 13,
    "scenario_id": "scenario-389-momentum_ignition",
    "agent_id": "agent-momentum_ignition",
    "order_id": "scenario-389-momentum_ignition-agent-momentum_ignition-13",
    "action": "new",
    "side": "buy",
    "price": 65471.39013999999,
    "quantity": 0.08,
    "remaining_quantity": 0.08
  },
  {
    "event_id": "aaa40896bc5fe752cb4267e8d7f83991714d6e1e4146e772056a455fb554dcf9",
    "schema_version": "1.0.0",
    "event_type": "agent_order",
    "source": "synthetic_agent",
    "symbol": "BTCUSDT",
    "exchange": "binance_usdm",
    "timestamp": "2024-05-01T00:00:01.120000Z",
    "sequence": 14,
    "scenario_id": "scenario-389-momentum_ignition",
    "agent_id": "agent-momentum_ignition",
    "order_id": "scenario-389-momentum_ignition-agent-momentum_ignition-14",
    "action": "new",
    "side": "buy",
    "price": 65472.69792,
    "quantity": 0.08,
    "remaining_quantity": 0.08
  },
  {
    "event_id": "9ea9f6c012a4ea04f3ad7e1a53dfd5ea58bcb4ea29896c8482aebe2f835536b7",
    "schema_version": "1.0.0",
    "event_type": "agent_order",
    "source": "synthetic_agent",
    "symbol": "BTCUSDT",
    "exchange": "binance_usdm",
    "timestamp": "2024-05-01T00:00:01.200000Z",
    "sequence": 15,
    "scenario_id": "scenario-389-momentum_ignition",
    "agent_id": "agent-momentum_ignition",
    "order_id": "scenario-389-momentum_ignition-agent-momentum_ignition-15",
    "action": "new",
    "side": "buy",
    "price": 65474.005699999994,
    "quantity": 0.08,
    "remaining_quantity": 0.08
  },
  {
    "event_id": "225b3cdc9208b856b0e63d2ca606a41e24677028bee8a18b95cf911e7b4e2dee",
    "schema_version": "1.0.0",
    "event_type": "agent_order",
    "source": "synthetic_agent",
    "symbol": "BTCUSDT",
    "exchange": "binance_usdm",
    "timestamp": "2024-05-01T00:00:01.280000Z",
    "sequence": 16,
    "scenario_id": "scenario-389-momentum_ignition",
    "agent_id": "agent-momentum_ignition",
    "order_id": "scenario-389-momentum_ignition-agent-momentum_ignition-16",
    "action": "new",
    "side": "buy",
    "price": 65475.31348,
    "quantity": 0.08,
    "remaining_quantity": 0.08
  },
  {
    "event_id": "33666cc26eba2527d18f3f841e10849d560073bd6ebcae922ed7601701e143e1",
    "schema_version": "1.0.0",
    "event_type": "agent_order",
    "source": "synthetic_agent",
    "symbol": "BTCUSDT",
    "exchange": "binance_usdm",
    "timestamp": "2024-05-01T00:00:01.360000Z",
    "sequence": 17,
    "scenario_id": "scenario-389-momentum_ignition",
    "agent_id": "agent-momentum_ignition",
    "order_id": "scenario-389-momentum_ignition-agent-momentum_ignition-17",
    "action": "new",
    "side": "buy",
    "price": 65476.62125999999,
    "quantity": 0.08,
    "remaining_quantity": 0.08
  },
  {
    "event_id": "285a664b5acbcba0992ca93c34a3dfde4fb421a25d62c7a88ade8878f112548a",
    "schema_version": "1.0.0",
    "event_type": "agent_order",
    "source": "synthetic_agent",
    "symbol": "BTCUSDT",
    "exchange": "binance_usdm",
    "timestamp": "2024-05-01T00:00:01.440000Z",
    "sequence": 18,
    "scenario_id": "scenario-389-momentum_ignition",
    "agent_id": "agent-momentum_ignition",
    "order_id": "scenario-389-momentum_ignition-agent-momentum_ignition-18",
    "action": "new",
    "side": "buy",
    "price": 65477.92903999999,
    "quantity": 0.08,
    "remaining_quantity": 0.08
  },
  {
    "event_id": "4d60e4445523c8cb98e3e1e39bf6d7439c1f408d58d3b3903b2ea196e419eac6",
    "schema_version": "1.0.0",
    "event_type": "agent_order",
    "source": "synthetic_agent",
    "symbol": "BTCUSDT",
    "exchange": "binance_usdm",
    "timestamp": "2024-05-01T00:00:01.520000Z",
    "sequence": 19,
    "scenario_id": "scenario-389-momentum_ignition",
    "agent_id": "agent-momentum_ignition",
    "order_id": "scenario-389-momentum_ignition-agent-momentum_ignition-19",
    "action": "new",
    "side": "buy",
    "price": 65479.23682,
    "quantity": 0.08,
    "remaining_quantity": 0.08
  },
  {
    "event_id": "4c2e8a4798996622b3f76aacf37faa5d94d99bf50be7a11e52d0ba2ac8c3278a",
    "schema_version": "1.0.0",
    "event_type": "agent_order",
    "source": "synthetic_agent",
    "symbol": "BTCUSDT",
    "exchange": "binance_usdm",
    "timestamp": "2024-05-01T00:00:01.600000Z",
    "sequence": 20,
    "scenario_id": "scenario-389-momentum_ignition",
    "agent_id": "agent-momentum_ignition",
    "order_id": "scenario-389-momentum_ignition-agent-momentum_ignition-20",
    "action": "new",
    "side": "buy",
    "price": 65480.54459999999,
    "quantity": 0.08,
    "remaining_quantity": 0.08
  },
  {
    "event_id": "e29dbdd8718c200bb1d521dbaf3ad162cecf5fe59d5c8bcdb8a9b0349d04fdb0",
    "schema_version": "1.0.0",
    "event_type": "agent_order",
    "source": "synthetic_agent",
    "symbol": "BTCUSDT",
    "exchange": "binance_usdm",
    "timestamp": "2024-05-01T00:00:01.680000Z",
    "sequence": 21,
    "scenario_id": "scenario-389-momentum_ignition",
    "agent_id": "agent-momentum_ignition",
    "order_id": "scenario-389-momentum_ignition-agent-momentum_ignition-21",
    "action": "new",
    "side": "buy",
    "price": 65481.85238,
    "quantity": 0.08,
    "remaining_quantity": 0.08
  },
  {
    "event_id": "1be0d15139329279240371aeb316e843ab88edc0c86ca939b276de5838f19be0",
    "schema_version": "1.0.0",
    "event_type": "agent_order",
    "source": "synthetic_agent",
    "symbol": "BTCUSDT",
    "exchange": "binance_usdm",
    "timestamp": "2024-05-01T00:00:01.760000Z",
    "sequence": 22,
    "scenario_id": "scenario-389-momentum_ignition",
    "agent_id": "agent-momentum_ignition",
    "order_id": "scenario-389-momentum_ignition-agent-momentum_ignition-22",
    "action": "new",
    "side": "buy",
    "price": 65483.16015999999,
    "quantity": 0.08,
    "remaining_quantity": 0.08
  },
  {
    "event_id": "5c0b394f809122dcc1d066989675b0181935084462f95dc6d1f9178fce241309",
    "schema_version": "1.0.0",
    "event_type": "agent_order",
    "source": "synthetic_agent",
    "symbol": "BTCUSDT",
    "exchange": "binance_usdm",
    "timestamp": "2024-05-01T00:00:01.840000Z",
    "sequence": 23,
    "scenario_id": "scenario-389-momentum_ignition",
    "agent_id": "agent-momentum_ignition",
    "order_id": "scenario-389-momentum_ignition-agent-momentum_ignition-23",
    "action": "new",
    "side": "buy",
    "price": 65484.46793999999,
    "quantity": 0.08,
    "remaining_quantity": 0.08
  },
  {
    "event_id": "fc6fb7afa4d440fc2959299fc52964d7f71d67186aef8643604475768ab1d0f7",
    "schema_version": "1.0.0",
    "event_type": "agent_order",
    "source": "synthetic_agent",
    "symbol": "BTCUSDT",
    "exchange": "binance_usdm",
    "timestamp": "2024-05-01T00:00:01.920000Z",
    "sequence": 24,
    "scenario_id": "scenario-389-momentum_ignition",
    "agent_id": "agent-momentum_ignition",
    "order_id": "scenario-389-momentum_ignition-agent-momentum_ignition-24",
    "action": "new",
    "side": "buy",
    "price": 65485.77572,
    "quantity": 0.08,
    "remaining_quantity": 0.08
  },
  {
    "event_id": "53ca40bc1ff2da359d5925129770537bc6890d297dc73dbaca8b48261be0d6a0",
    "schema_version": "1.0.0",
    "event_type": "agent_order",
    "source": "synthetic_agent",
    "symbol": "BTCUSDT",
    "exchange": "binance_usdm",
    "timestamp": "2024-05-01T00:00:02Z",
    "sequence": 25,
    "scenario_id": "scenario-389-momentum_ignition",
    "agent_id": "agent-momentum_ignition",
    "order_id": "scenario-389-momentum_ignition-agent-momentum_ignition-25",
    "action": "new",
    "side": "buy",
    "price": 65487.083499999986,
    "quantity": 0.08,
    "remaining_quantity": 0.08
  },
  {
    "event_id": "4917313b9c604b362d8f63f305460bce1cf95d54c7559bc8640ee40d397398cf",
    "schema_version": "1.0.0",
    "event_type": "agent_order",
    "source": "synthetic_agent",
    "symbol": "BTCUSDT",
    "exchange": "binance_usdm",
    "timestamp": "2024-05-01T00:00:02.080000Z",
    "sequence": 26,
    "scenario_id": "scenario-389-momentum_ignition",
    "agent_id": "agent-momentum_ignition",
    "order_id": "scenario-389-momentum_ignition-agent-momentum_ignition-26",
    "action": "new",
    "side": "buy",
    "price": 65488.391279999996,
    "quantity": 0.08,
    "remaining_quantity": 0.08
  },
  {
    "event_id": "2a48c9ba5332924afb0e6736403ca72c4e4a5aa3e64b7cb43ba524fe52c585df",
    "schema_version": "1.0.0",
    "event_type": "agent_order",
    "source": "synthetic_agent",
    "symbol": "BTCUSDT",
    "exchange": "binance_usdm",
    "timestamp": "2024-05-01T00:00:02.160000Z",
    "sequence": 27,
    "scenario_id": "scenario-389-momentum_ignition",
    "agent_id": "agent-momentum_ignition",
    "order_id": "scenario-389-momentum_ignition-agent-momentum_ignition-27",
    "action": "new",
    "side": "buy",
    "price": 65489.69905999999,
    "quantity": 0.08,
    "remaining_quantity": 0.08
  },
  {
    "event_id": "de522170a43b11869ca0a98647e09ebebd55f2eee58f561d239c2d7d50ff168d",
    "schema_version": "1.0.0",
    "event_type": "agent_order",
    "source": "synthetic_agent",
    "symbol": "BTCUSDT",
    "exchange": "binance_usdm",
    "timestamp": "2024-05-01T00:00:02.240000Z",
    "sequence": 28,
    "scenario_id": "scenario-389-momentum_ignition",
    "agent_id": "agent-momentum_ignition",
    "order_id": "scenario-389-momentum_ignition-agent-momentum_ignition-28",
    "action": "new",
    "side": "buy",
    "price": 65491.00683999999,
    "quantity": 0.08,
    "remaining_quantity": 0.08
  },
  {
    "event_id": "e23d18bb2d154746adb6ed1128e1465aed00f1508a2f3a2b244d49b8a57d9387",
    "schema_version": "1.0.0",
    "event_type": "agent_order",
    "source": "synthetic_agent",
    "symbol": "BTCUSDT",
    "exchange": "binance_usdm",
    "timestamp": "2024-05-01T00:00:02.320000Z",
    "sequence": 29,
    "scenario_id": "scenario-389-momentum_ignition",
    "agent_id": "agent-momentum_ignition",
    "order_id": "scenario-389-momentum_ignition-agent-momentum_ignition-29",
    "action": "new",
    "side": "buy",
    "price": 65492.31462,
    "quantity": 0.08,
    "remaining_quantity": 0.08
  }
]