[
  {
    "event_id": "6a198d3e465dfa76e2477def9631b466cafe94659e40989a3490d1aaef30b2ed",
    "schema_version": "1.0.0",
    "event_type": "agent_order",
    "source": "synthetic_agent",
    "symbol": "BTCUSDT",
    "exchange": "binance_usdm",
    "timestamp": "2024-05-01T00:00:00Z",
    "sequence": 0,
    "scenario_id": "scenario-168-passive_market_maker",
    "agent_id": "agent-passive_market_maker",
    "order_id": "scenario-168-passive_market_maker-agent-passive_market_maker-0",
    "action": "new",
    "side": "buy",
    "price": 65102.832,
    "quantity": 0.01,
    "remaining_quantity": 0.01
  },
  {
    "event_id": "04eb935b5b0e0370ae6e6df9c9114f5cc43280c73a253502fb018bdbee594053",
    "schema_version": "1.0.0",
    "event_type": "agent_order",
    "source": "synthetic_agent",
    "symbol": "BTCUSDT",
    "exchange": "binance_usdm",
    "timestamp": "2024-05-01T00:00:00.100000Z",
    "sequence": 1,
    "scenario_id": "scenario-168-passive_market_maker",
    "agent_id": "agent-passive_market_maker",
    "order_id": "scenario-168-passive_market_maker-agent-passive_market_maker-1",
    "action": "new",
    "side": "sell",
    "price": 65233.16799999999,
    "quantity": 0.01,
    "remaining_quantity": 0.01
  },
  {
    "event_id": "5a14254cf688931c54943bc2b078bbba2b83234b107aafec22a69fa5283f46ef",
    "schema_version": "1.0.0",
    "event_type": "agent_order",
    "source": "synthetic_agent",
    "symbol": "BTCUSDT",
    "exchange": "binance_usdm",
    "timestamp": "2024-05-01T00:00:00.200000Z",
    "sequence": 2,
    "scenario_id": "scenario-168-passive_market_maker",
    "agent_id": "agent-passive_market_maker",
    "order_id": "scenario-168-passive_market_maker-agent-passive_market_maker-2",
    "action": "new",
    "side": "buy",
    "price": 65102.832,
    "quantity": 0.01,
    "remaining_quantity": 0.01
  },
  {
    "event_id": "4d5e697d271234fd148d7719cd068a951711ec3cd971b87516b0707c6b748a5a",
    "schema_version": "1.0.0",
    "event_type": "agent_order",
    "source": "synthetic_agent",
    "symbol": "BTCUSDT",
    "exchange": "binance_usdm",
    "timestamp": "2024-05-01T00:00:00.300000Z",
    "sequence": 3,
    "scenario_id": "scenario-168-passive_market_maker",
    "agent_id": "agent-passive_market_maker",
    "order_id": "scenario-168-passive_market_maker-agent-passive_market_maker-3",
    "action": "new",
    "side": "sell",
    "price": 65233.16799999999,
    "quantity": 0.01,
    "remaining_quantity": 0.01
  },
  {
    "event_id": "53ab875dad76848af3d789969e7e7dc25a918f128d925a70320d9e6ae88cecef",
    "schema_version": "1.0.0",
    "event_type": "agent_order",
    "source": "synthetic_agent",
    "symbol": "BTCUSDT",
    "exchange": "binance_usdm",
    "timestamp": "2024-05-01T00:00:00.400000Z",
    "sequence": 4,
    "scenario_id": "scenario-168-passive_market_maker",
    "agent_id": "agent-passive_market_maker",
    "order_id": "scenario-168-passive_market_maker-agent-passive_market_maker-4",
    "action": "new",
    "side": "buy",
    "price": 65102.832,
    "quantity": 0.01,
    "remaining_quantity": 0.01
  },
  {
    "event_id": "d5eab40c4efcb1bf3fb2469fadf156f55a6d560f33c927d0b4365c5a8f377949",
    "schema_version": "1.0.0",
    "event_type": "agent_order",
    "source": "synthetic_agent",
    "symbol": "BTCUSDT",
    "exchange": "binance_usdm",
    "timestamp": "2024-05-01T00:00:00.500000Z",
    "sequence": 5,
    "scenario_id": "scenario-168-passive_market_maker",
    "agent_id": "agent-passive_market_maker",
    "order_id": "scenario-168-passive_market_maker-agent-passive_market_maker-5",
    "action": "new",
    "side": "sell",
    "price": 65233.16799999999,
    "quantity": 0.01,
    "remaining_quantity": 0.01
  },
  {
    "event_id": "e50af8bcc7079f1c415672eeb43a8dd3671e01a57d84647393527c8b51113df4",
    "schema_version": "1.0.0",
    "event_type": "agent_order",
    "source": "synthetic_agent",
    "symbol": "BTCUSDT",
    "exchange": "binance_usdm",
    "timestamp": "2024-05-01T00:00:00.600000Z",
    "sequence": 6,
    "scenario_id": "scenario-168-passive_market_maker",
    "agent_id": "agent-passive_market_maker",
    "order_id": "scenario-168-passive_market_maker-agent-passive_market_maker-6",
    "action": "new",
    "side": "buy",
    "price": 65102.832,
    "quantity": 0.01,
    "remaining_quantity": 0.01
  },
  {
    "event_id": "1f60549dabb926c968ae2a1bf6e5005945d68b7dbbb68446586e4036f3570274",
    "schema_version": "1.0.0",
    "event_type": "agent_order",
    "source": "synthetic_agent",
    "symbol": "BTCUSDT",
    "exchange": "binance_usdm",
    "timestamp": "2024-05-01T00:00:00.700000Z",
    "sequence": 7,
    "scenario_id": "scenario-168-passive_market_maker",
    "agent_id": "agent-passive_market_maker",
    "order_id": "scenario-168-passive_market_maker-agent-passive_market_maker-7",
    "action": "new",
    "side": "sell",
    "price": 65233.16799999999,
    "quantity": 0.01,
    "remaining_quantity": 0.01
  },
  {
    "event_id": "cb44510b652eb563f32311a9d088b9bece9e3fc7231be42a32ccf6804ea1fdaf",
    "schema_version": "1.0.0",
    "event_type": "agent_order",
    "source": "synthetic_agent",
    "symbol": "BTCUSDT",
    "exchange": "binance_usdm",
    "timestamp": "2024-05-01T00:00:00.800000Z",
    "sequence": 8,
    "scenario_id": "scenario-168-passive_market_maker",
    "agent_id": "agent-passive_market_maker",
    "order_id": "scenario-168-passive_market_maker-agent-passive_market_maker-8",
    "action": "new",
    "side": "buy",
    "price": 65102.832,
    "quantity": 0.01,
    "remaining_quantity": 0.01
  },
  {
    "event_id": "0516a80de49e41b169c9425512d503ae37222aacd234d99d823bd437bfccefbc",
    "schema_version": "1.0.0",
    "event_type": "agent_order",
    "source": "synthetic_agent",
    "symbol": "BTCUSDT",
    "exchange": "binance_usdm",
    "timestamp": "2024-05-01T00:00:00.900000Z",
    "sequence": 9,
    "scenario_id": "scenario-168-passive_market_maker",
    "agent_id": "agent-passive_market_maker",
    "order_id": "scenario-168-passive_market_maker-agent-passive_market_maker-9",
    "action": "new",
    "side": "sell",
    "price": 65233.16799999999,
    "quantity": 0.01,
    "remaining_quantity": 0.01
  },
  {
    "event_id": "ec4dab7d29240d5beccba58039b52480aa400f2b57a1957a09a1b8d70fb8bf19",
    "schema_version": "1.0.0",
    "event_type": "agent_order",
    "source": "synthetic_agent",
    "symbol": "BTCUSDT",
    "exchange": "binance_usdm",
    "timestamp": "2024-05-01T00:00:01Z",
    "sequence": 10,
    "scenario_id": "scenario-168-passive_market_maker",
    "agent_id": "agent-passive_market_maker",
    "order_id": "scenario-168-passive_market_maker-agent-passive_market_maker-10",
    "action": "new",
    "side": "buy",
    "price": 65102.832,
    "quantity": 0.01,
    "remaining_quantity": 0.01
  },
  {
    "event_id": "9045f49d01d7953f2855e08a642a0850322eccfd54429fe1bc84a632903a243a",
    "schema_version": "1.0.0",
    "event_type": "agent_order",
    "source": "synthetic_agent",
    "symbol": "BTCUSDT",
    "exchange": "binance_usdm",
    "timestamp": "2024-05-01T00:00:01.100000Z",
    "sequence": 11,
    "scenario_id": "scenario-168-passive_market_maker",
    "agent_id": "agent-passive_market_maker",
    "order_id": "scenario-168-passive_market_maker-agent-passive_market_maker-11",
    "action": "new",
    "side": "sell",
    "price": 65233.16799999999,
    "quantity": 0.01,
    "remaining_quantity": 0.01
  },
  {
    "event_id": "5096648a4c3907ad60dbfc69b73a4d1ee32774bea37b4f7a134b8316b1d5667d",
    "schema_version": "1.0.0",
    "event_type": "agent_order",
    "source": "synthetic_agent",
    "symbol": "BTCUSDT",
    "exchange": "binance_usdm",
    "timestamp": "2024-05-01T00:00:01.200000Z",
    "sequence": 12,
    "scenario_id": "scenario-168-passive_market_maker",
    "agent_id": "agent-passive_market_maker",
    "order_id": "scenario-168-passive_market_maker-agent-passive_market_maker-12",
    "action": "new",
    "side": "buy",
    "price": 65102.832,
    "quantity": 0.01,
    "remaining_quantity": 0.01
  },
  {
    "event_id": "38c03c8ffd2257a229277a83a961176cf1fd61c54ac25640141d4830354852eb",
    "schema_version": "1.0.0",
    "event_type": "agent_order",
    "source": "synthetic_agent",
    "symbol": "BTCUSDT",
    "exchange": "binance_usdm",
    "timestamp": "2024-05-01T00:00:01.300000Z",
    "sequence": 13,
    "scenario_id": "scenario-168-passive_market_maker",
    "agent_id": "agent-passive_market_maker",
    "order_id": "scenario-168-passive_market_maker-agent-passive_market_maker-13",
    "action": "new",
    "side": "sell",
    "price": 65233.16799999999,
    "quantity": 0.01,
    "remaining_quantity": 0.01
  },
  {
    "event_id": "f925377d02848f371fa23bbca64382bba29db5244206a9a66d32ffff5b9a2e87",
    "schema_version": "1.0.0",
    "event_type": "agent_order",
    "source": "synthetic_agent",
    "symbol": "BTCUSDT",
    "exchange": "binance_usdm",
    "timestamp": "2024-05-01T00:00:01.400000Z",
    "sequence": 14,
    "scenario_id": "scenario-168-passive_market_maker",
    "agent_id": "agent-passive_market_maker",
    "order_id": "scenario-168-passive_market_maker-agent-passive_market_maker-14",
    "action": "new",
    "side": "buy",
    "price": 65102.832,
    "quantity": 0.01,
    "remaining_quantity": 0.01
  },
  {
    "event_id": "32d208c719d4a30c2bd8ebe9def9364ee4c3b4a14fa4f1d19c1a8c0eef01cb8b",
    "schema_version": "1.0.0",
    "event_type": "agent_order",
    "source": "synthetic_agent",
    "symbol": "BTCUSDT",
    "exchange": "binance_usdm",
    "timestamp": "2024-05-01T00:00:01.500000Z",
    "sequence": 15,
    "scenario_id": "scenario-168-passive_market_maker",
    "agent_id": "agent-passive_market_maker",
    "order_id": "scenario-168-passive_market_maker-agent-passive_market_maker-15",
    "action": "new",
    "side": "sell",
    "price": 65233.16799999999,
    "quantity": 0.01,
    "remaining_quantity": 0.01
  },
  {
    "event_id": "9beb86ec4d84475ebdb480b170aaf34fb9e3330deed9e9edb80949a608944bd4",
    "schema_version": "1.0.0",
    "event_type": "agent_order",
    "source": "synthetic_agent",
    "symbol": "BTCUSDT",
    "exchange": "binance_usdm",
    "timestamp": "2024-05-01T00:00:01.600000Z",
    "sequence": 16,
    "scenario_id": "scenario-168-passive_market_maker",
    "agent_id": "agent-passive_market_maker",
    "order_id": "scenario-168-passive_market_maker-agent-passive_market_maker-16",
    "action": "new",
    "side": "buy",
    "price": 65102.832,
    "quantity": 0.01,
    "remaining_quantity": 0.01
  },
  {
    "event_id": "748771d941f9d381e02f41971f9092f4ed593f0b650ace0860b15c182f6e71a8",
    "schema_version": "1.0.0",
    "event_type": "agent_order",
    "source": "synthetic_agent",
    "symbol": "BTCUSDT",
    "exchange": "binance_usdm",
    "timestamp": "2024-05-01T00:00:01.700000Z",
    "sequence": 17,
    "scenario_id": "scenario-168-passive_market_maker",
    "agent_id": "agent-passive_market_maker",
    "order_id": "scenario-168-passive_market_maker-agent-passive_market_maker-17",
    "action": "new",
    "side": "sell",
    "price": 65233.16799999999,
    "quantity": 0.01,
    "remaining_quantity": 0.01
  },
  {
    "event_id": "312ea4ed8c41a097fd2bb2d22405dafbb87aa3f90a62b4a2faa2b83ac3e57cf9",
    "schema_version": "1.0.0",
    "event_type": "agent_order",
    "source": "synthetic_agent",
    "symbol": "BTCUSDT",
    "exchange": "binance_usdm",
    "timestamp": "2024-05-01T00:00:01.800000Z",
    "sequence": 18,
    "scenario_id": "scenario-168-passive_market_maker",
    "agent_id": "agent-passive_market_maker",
    "order_id": "scenario-168-passive_market_maker-agent-passive_market_maker-18",
    "action": "new",
    "side": "buy",
    "price": 65102.832,
    "quantity": 0.01,
    "remaining_quantity": 0.01
  },
  {
    "event_id": "2da58a09578dfebc895e4dc02e257a02e4a9d850f0c70f0ff8d6cf4fb87e38dc",
    "schema_version": "1.0.0",
    "event_type": "agent_order",
    "source": "synthetic_agent",
    "symbol": "BTCUSDT",
    "exchange": "binance_usdm",
    "timestamp": "2024-05-01T00:00:01.900000Z",
    "sequence": 19,
    "scenario_id": "scenario-168-passive_market_maker",
    "agent_id": "agent-passive_market_maker",
    "order_id": "scenario-168-passive_market_maker-agent-passive_market_maker-19",
    "action": "new",
    "side": "sell",
    "price": 65233.16799999999,
    "quantity": 0.01,
    "remaining_quantity": 0.01
  },
  {
    "event_id": "d7c4d067d742da9098e137ed34bba0fbe2b52e3b56311fb4893f8dff624670b9",
    "schema_version": "1.0.0",
    "event_type": "agent_order",
    "source": "synthetic_agent",
    "symbol": "BTCUSDT",
    "exchange": "binance_usdm",
    "timestamp": "2024-05-01T00:00:02Z",
    "sequence": 20,
    "scenario_id": "scenario-168-passive_market_maker",
    "agent_id": "agent-passive_market_maker",
    "order_id": "scenario-168-passive_market_maker-agent-passive_market_maker-20",
    "action": "new",
    "side": "buy",
    "price": 65102.832,
    "quantity": 0.01,
    "remaining_quantity": 0.01
  },
  {
    "event_id": "8656585b56a9489403fd395146526bb92637d5145849c4082f8be02448289b00",
    "schema_version": "1.0.0",
    "event_type": "agent_order",
    "source": "synthetic_agent",
    "symbol": "BTCUSDT",
    "exchange": "binance_usdm",
    "timestamp": "2024-05-01T00:00:02.100000Z",
    "sequence": 21,
    "scenario_id": "scenario-168-passive_market_maker",
    "agent_id": "agent-passive_market_maker",
    "order_id": "scenario-168-passive_market_maker-agent-passive_market_maker-21",
    "action": "new",
    "side": "sell",
    "price": 65233.16799999999,
    "quantity": 0.01,
    "remaining_quantity": 0.01
  },
  {
    "event_id": "91d4e459a283b4de06d33fc505b0c9ea2a67e5a032bd3a2ac4c305ac2c3168e3",
    "schema_version": "1.0.0",
    "event_type": "agent_order",
    "source": "synthetic_agent",
    "symbol": "BTCUSDT",
    "exchange": "binance_usdm",
    "timestamp": "2024-05-01T00:00:02.200000Z",
    "sequence": 22,
    "scenario_id": "scenario-168-passive_market_maker",
    "agent_id": "agent-passive_market_maker",
    "order_id": "scenario-168-passive_market_maker-agent-passive_market_maker-22",
    "action": "new",
    "side": "buy",
    "price": 65102.832,
    "quantity": 0.01,
    "remaining_quantity": 0.01
  },
  {
    "event_id": "fd2f2b70af1d5d4d22dc09f8486e8ee210ee6cf24c9cbafe6ab38ab772487b49",
    "schema_version": "1.0.0",
    "event_type": "agent_order",
    "source": "synthetic_agent",
    "symbol": "BTCUSDT",
    "exchange": "binance_usdm",
    "timestamp": "2024-05-01T00:00:02.300000Z",
    "sequence": 23,
    "scenario_id": "scenario-168-passive_market_maker",
    "agent_id": "agent-passive_market_maker",
    "order_id": "scenario-168-passive_market_maker-agent-passive_market_maker-23",
    "action": "new",
    "side": "sell",
    "price": 65233.16799999999,
    "quantity": 0.01,
    "remaining_quantity": 0.01
  },
  {
    "event_id": "0b6b45f6e9280797bfd6a4610d575ecd416c005e3153e31acc946fc5a2c2a5e0",
    "schema_version": "1.0.0",
    "event_type": "agent_order",
    "source": "synthetic_agent",
    "symbol": "BTCUSDT",
    "exchange": "binance_usdm",
    "timestamp": "2024-05-01T00:00:02.400000Z",
    "sequence": 24,
    "scenario_id": "scenario-168-passive_market_maker",
    "agent_id": "agent-passive_market_maker",
    "order_id": "scenario-168-passive_market_maker-agent-passive_market_maker-24",
    "action": "new",
    "side": "buy",
    "price": 65102.832,
    "quantity": 0.01,
    "remaining_quantity": 0.01
  },
  {
    "event_id": "3eb322a3fba774c032887261bd5321f6a46476f71ffc66df2759ded9b6834a02",
    "schema_version": "1.0.0",
    "event_type": "agent_order",
    "source": "synthetic_agent",
    "symbol": "BTCUSDT",
    "exchange": "binance_usdm",
    "timestamp": "2024-05-01T00:00:02.500000Z",
    "sequence": 25,
    "scenario_id": "scenario-168-passive_market_maker",
    "agent_id": "agent-passive_market_maker",
    "order_id": "scenario-168-passive_market_maker-agent-passive_market_maker-25",
    "action": "new",
    "side": "sell",
    "price": 65233.16799999999,
    "quantity": 0.01,
    "remaining_quantity": 0.01
  },
  {
    "event_id": "e9cf57c679fec1fe0751fe41a9cc97626375d89a65f2c069e3961e2e6d744c50",
    "schema_version": "1.0.0",
    "event_type": "agent_order",
    "source": "synthetic_agent",
    "symbol": "BTCUSDT",
    "exchange": "binance_usdm",
    "timestamp": "2024-05-01T00:00:02.600000Z",
    "sequence": 26,
    "scenario_id": "scenario-168-passive_market_maker",
    "agent_id": "agent-passive_market_maker",
    "order_id": "scenario-168-passive_market_maker-agent-passive_market_maker-26",
    "action": "new",
    "side": "buy",
    "price": 65102.832,
    "quantity": 0.01,
    "remaining_quantity": 0.01
  },
  {
    "event_id": "90bd8ac3ca57e9eef29328e685f548d8514b2e02229dff06c7797a6381184851",
    "schema_version": "1.0.0",
    "event_type": "agent_order",
    "source": "synthetic_agent",
    "symbol": "BTCUSDT",
    "exchange": "binance_usdm",
    "timestamp": "2024-05-01T00:00:02.700000Z",
    "sequence": 27,
    "scenario_id": "scenario-168-passive_market_maker",
    "agent_id": "agent-passive_market_maker",
    "order_id": "scenario-168-passive_market_maker-agent-passive_market_maker-27",
    "action": "new",
    "side": "sell",
    "price": 65233.16799999999,
    "quantity": 0.01,
    "remaining_quantity": 0.01
  },
  {
    "event_id": "a99506461677cac355ae3a1854049026a5faffe2a35c1618cde80bc40629b8a5",
    "schema_version": "1.0.0",
    "event_type": "agent_order",
    "source": "synthetic_agent",
    "symbol": "BTCUSDT",
    "exchange": "binance_usdm",
    "timestamp": "2024-05-01T00:00:02.800000Z",
    "sequence": 28,
    "scenario_id": "scenario-168-passive_market_maker",
    "agent_id": "agent-passive_market_maker",
    "order_id": "scenario-168-passive_market_maker-agent-passive_market_maker-28",
    "action": "new",
    "side": "buy",
    "price": 65102.832,
    "quantity": 0.01,
    "remaining_quantity": 0.01
  },
  {
    "event_id": "399b7a4f8ee5715720e392955e3ac3a413106b4ccbb737f44285086ef092d28d",
    "schema_version": "1.0.0",
    "event_type": "agent_order",
    "source": "synthetic_agent",
    "symbol": "BTCUSDT",
    "exchange": "binance_usdm",
    "timestamp": "2024-05-01T00:00:02.900000Z",
    "sequence": 29,
    "scenario_id": "scenario-168-passive_market_maker",
    "agent_id": "agent-passive_market_maker",
    "order_id": "scenario-168-passive_market_maker-agent-passive_market_maker-29",
    "action": "new",
    "side": "sell",
    "price": 65233.16799999999,
    "quantity": 0.01,
    "remaining_quantity": 0.01
  }
]