[
  {
    "event_id": "f89729ecf31d1002077c51cb54fa744a44498da11de4dc981352134fb9e224a0",
    "schema_version": "1.0.0",
    "event_type": "agent_order",
    "source": "synthetic_agent",
    "symbol": "BTCUSDT",
    "exchange": "binance_usdm",
    "timestamp": "2024-05-01T00:00:00Z",
    "sequence": 0,
    "scenario_id": "scenario-056-latency_edge",
    "agent_id": "agent-latency_edge",
    "order_id": "scenario-056-latency_edge-agent-latency_edge-0",
    "action": "new",
    "side": "buy",
    "price": 65095.033599999995,
    "quantity": 0.006,
    "remaining_quantity": 0.006
  },
  {
    "event_id": "ca666de25b082bd8a7f910f2bf32a0972e87a1ae0be5fb372344a70833fb5dd6",
    "schema_version": "1.0.0",
    "event_type": "agent_order",
    "source": "synthetic_agent",
    "symbol": "BTCUSDT",
    "exchange": "binance_usdm",
    "timestamp": "2024-05-01T00:00:00.008000Z",
    "sequence": 1,
    "scenario_id": "scenario-056-latency_edge",
    "agent_id": "agent-latency_edge",
    "order_id": "scenario-056-latency_edge-agent-latency_edge-1",
    "action": "new",
    "side": "buy",
    "price": 65095.033599999995,
    "quantity": 0.006,
    "remaining_quantity": 0.006
  },
  {
    "event_id": "ca51dc05e4cbb8934bb79f9c38e7b95423a07cf94a5744730229ce110f0e2185",
    "schema_version": "1.0.0",
    "event_type": "agent_order",
    "source": "synthetic_agent",
    "symbol": "BTCUSDT",
    "exchange": "binance_usdm",
    "timestamp": "2024-05-01T00:00:00.016000Z",
    "sequence": 2,
    "scenario_id": "scenario-056-latency_edge",
    "agent_id": "agent-latency_edge",
    "order_id": "scenario-056-latency_edge-agent-latency_edge-2",
    "action": "new",
    "side": "sell",
    "price": 65016.9664,
    "quantity": 0.006,
    "remaining_quantity": 0.006
  },
  {
    "event_id": "6476c093ddbbfcb1e36a32143e7dc32a16cc9947039260dcfb74db3a3455300a",
    "schema_version": "1.0.0",
    "event_type": "agent_order",
    "source": "synthetic_agent",
    "symbol": "BTCUSDT",
    "exchange": "binance_usdm",
    "timestamp": "2024-05-01T00:00:00.024000Z",
    "sequence": 3,
    "scenario_id": "scenario-056-latency_edge",
    "agent_id": "agent-latency_edge",
    "order_id": "scenario-056-latency_edge-agent-latency_edge-3",
    "action": "new",
    "side": "sell",
    "price": 65016.9664,
    "quantity": 0.006,
    "remaining_quantity": 0.006
  },
  {
    "event_id": "32314e95a80b641562ca121a0a3e833f3a0dc2085ba3ba9cea2e0d90da911164",
    "schema_version": "1.0.0",
    "event_type": "agent_order",
    "source": "synthetic_agent",
    "symbol": "BTCUSDT",
    "exchange": "binance_usdm",
    "timestamp": "2024-05-01T00:00:00.032000Z",
    "sequence": 4,
    "scenario_id": "scenario-056-latency_edge",
    "agent_id": "agent-latency_edge",
    "order_id": "scenario-056-latency_edge-agent-latency_edge-4",
    "action": "new",
    "side": "buy",
    "price": 65095.033599999995,
    "quantity": 0.006,
    "remaining_quantity": 0.006
  },
  {
    "event_id": "30c8bbf45dc8807bf36035d5635f42d6a5ce2da8a99d16b0affe816dfc732cd1",
    "schema_version": "1.0.0",
    "event_type": "agent_order",
    "source": "synthetic_agent",
    "symbol": "BTCUSDT",
    "exchange": "binance_usdm",
    "timestamp": "2024-05-01T00:00:00.040000Z",
    "sequence": 5,
    "scenario_id": "scenario-056-latency_edge",
    "agent_id": "agent-latency_edge",
    "order_id": "scenario-056-latency_edge-agent-latency_edge-5",
    "action": "new",
    "side": "buy",
    "price": 65095.033599999995,
    "quantity": 0.006,
    "remaining_quantity": 0.006
  },
  {
    "event_id": "3c281e1014150ffc6e9f0985e3c591785c7d80ea3c64d5cb1a6cd21c7ff51940",
    "schema_version": "1.0.0",
    "event_type": "agent_order",
    "source": "synthetic_agent",
    "symbol": "BTCUSDT",
    "exchange": "binance_usdm",
    "timestamp": "2024-05-01T00:00:00.048000Z",
    "sequence": 6,
    "scenario_id": "scenario-056-latency_edge",
    "agent_id": "agent-latency_edge",
    "order_id": "scenario-056-latency_edge-agent-latency_edge-6",
    "action": "new",
    "side": "sell",
    "price": 65016.9664,
    "quantity": 0.006,
    "remaining_quantity": 0.006
  },
  {
    "event_id": "86fe704b4e4e385bedfd669a485351f1584448b19a0da192cd53f6b0ef37bc26",
    "schema_version": "1.0.0",
    "event_type": "agent_order",
    "source": "synthetic_agent",
    "symbol": "BTCUSDT",
    "exchange": "binance_usdm",
    "timestamp": "2024-05-01T00:00:00.056000Z",
    "sequence": 7,
    "scenario_id": "scenario-056-latency_edge",
    "agent_id": "agent-latency_edge",
    "order_id": "scenario-056-latency_edge-agent-latency_edge-7",
    "action": "new",
    "side": "sell",
    "price": 65016.9664,
    "quantity": 0.006,
    "remaining_quantity": 0.006
  },
  {
    "event_id": "9ae8fb921b02baefde3af46cbbbf594fa91dfdd4cdf4f09044d7fd108f8b0806",
    "schema_version": "1.0.0",
    "event_type": "agent_order",
    "source": "synthetic_agent",
    "symbol": "BTCUSDT",
    "exchange": "binance_usdm",
    "timestamp": "2024-05-01T00:00:00.064000Z",
    "sequence": 8,
    "scenario_id": "scenario-056-latency_edge",
    "agent_id": "agent-latency_edge",
    "order_id": "scenario-056-latency_edge-agent-latency_edge-8",
    "action": "new",
    "side": "buy",
    "price": 65095.033599999995,
    "quantity": 0.006,
    "remaining_quantity": 0.006
  },
  {
    "event_id": "66128d7bdf26d6a2e3ba5ebd5261539aa91711e7892f9a221dfb190650022690",
    "schema_version": "1.0.0",
    "event_type": "agent_order",
    "source": "synthetic_agent",
    "symbol": "BTCUSDT",
    "exchange": "binance_usdm",
    "timestamp": "2024-05-01T00:00:00.072000Z",
    "sequence": 9,
    "scenario_id": "scenario-056-latency_edge",
    "agent_id": "agent-latency_edge",
    "order_id": "scenario-056-latency_edge-agent-latency_edge-9",
    "action": "new",
    "side": "buy",
    "price": 65095.033599999995,
    "quantity": 0.006,
    "remaining_quantity": 0.006
  },
  {
    "event_id": "a35a588f20d1b8e0bc0dae8c6dfdf473913cd3236f7b080ad24634476e05d382",
    "schema_version": "1.0.0",
    "event_type": "agent_order",
    "source": "synthetic_agent",
    "symbol": "BTCUSDT",
    "exchange": "binance_usdm",
    "timestamp": "2024-05-01T00:00:00.080000Z",
    "sequence": 10,
    "scenario_id": "scenario-056-latency_edge",
    "agent_id": "agent-latency_edge",
    "order_id": "scenario-056-latency_edge-agent-latency_edge-10",
    "action": "new",
    "side": "sell",
    "price": 65016.9664,
    "quantity": 0.006,
    "remaining_quantity": 0.006
  },
  {
    "event_id": "2ff555df33089d9f7b291b853f38f687642464540ed3843d5defb67ef9b7cc53",
    "schema_version": "1.0.0",
    "event_type": "agent_order",
    "source": "synthetic_agent",
    "symbol": "BTCUSDT",
    "exchange": "binance_usdm",
    "timestamp": "2024-05-01T00:00:00.088000Z",
    "sequence": 11,
    "scenario_id": "scenario-056-latency_edge",
    "agent_id": "agent-latency_edge",
    "order_id": "scenario-056-latency_edge-agent-latency_edge-11",
    "action": "new",
    "side": "sell",
    "price": 65016.9664,
    "quantity": 0.006,
    "remaining_quantity": 0.006
  },
  {
    "event_id": "cb12de41c3865dbfaf265eac8d32e19ba127c4d7eec4b139c14a3762d830894c",
    "schema_version": "1.0.0",
    "event_type": "agent_order",
    "source": "synthetic_agent",
    "symbol": "BTCUSDT",
    "exchange": "binance_usdm",
    "timestamp": "2024-05-01T00:00:00.096000Z",
    "sequence": 12,
    "scenario_id": "scenario-056-latency_edge",
    "agent_id": "agent-latency_edge",
    "order_id": "scenario-056-latency_edge-agent-latency_edge-12",
    "action": "new",
    "side": "buy",
    "price": 65095.033599999995,
    "quantity": 0.006,
    "remaining_quantity": 0.006
  },
  {
    "event_id": "be5d5417d57fb3ff218972c787a33a265e55b100f16f987bc7b6d37f319cdcc4",
    "schema_version": "1.0.0",
    "event_type": "agent_order",
    "source": "synthetic_agent",
    "symbol": "BTCUSDT",
    "exchange": "binance_usdm",
    "timestamp": "2024-05-01T00:00:00.104000Z",
    "sequence": 13,
    "scenario_id": "scenario-056-latency_edge",
    "agent_id": "agent-latency_edge",
    "order_id": "scenario-056-latency_edge-agent-latency_edge-13",
    "action": "new",
    "side": "buy",
    "price": 65095.033599999995,
    "quantity": 0.006,
    "remaining_quantity": 0.006
  },
  {
    "event_id": "73f67c611408b34eedccb8e440ae9a4a1efbf8bcea17652ee23a4d61079ff754",
    "schema_version": "1.0.0",
    "event_type": "agent_order",
    "source": "synthetic_agent",
    "symbol": "BTCUSDT",
    "exchange": "binance_usdm",
    "timestamp": "2024-05-01T00:00:00.112000Z",
    "sequence": 14,
    "scenario_id": "scenario-056-latency_edge",
    "agent_id": "agent-latency_edge",
    "order_id": "scenario-056-latency_edge-agent-latency_edge-14",
    "action": "new",
    "side": "sell",
    "price": 65016.9664,
    "quantity": 0.006,
    "remaining_quantity": 0.006
  },
  {
    "event_id": "3f42974bf5be22292d49c6b6f599ad089853a0a512c4f360fd2f6fffbb8711e4",
    "schema_version": "1.0.0",
    "event_type": "agent_order",
    "source": "synthetic_agent",
    "symbol": "BTCUSDT",
    "exchange": "binance_usdm",
    "timestamp": "2024-05-01T00:00:00.120000Z",
    "sequence": 15,
    "scenario_id": "scenario-056-latency_edge",
    "agent_id": "agent-latency_edge",
    "order_id": "scenario-056-latency_edge-agent-latency_edge-15",
    "action": "new",
    "side": "sell",
    "price": 65016.9664,
    "quantity": 0.006,
    "remaining_quantity": 0.006
  },
  {
    "event_id": "e0087f08aad3ef843efe4de17dfc5664d6b695f0c9a2fde1e20d7a1f1f441998",
    "schema_version": "1.0.0",
    "event_type": "agent_order",
    "source": "synthetic_agent",
    "symbol": "BTCUSDT",
    "exchange": "binance_usdm",
    "timestamp": "2024-05-01T00:00:00.128000Z",
    "sequence": 16,
    "scenario_id": "scenario-056-latency_edge",
    "agent_id": "agent-latency_edge",
    "order_id": "scenario-056-latency_edge-agent-latency_edge-16",
    "action": "new",
    "side": "buy",
    "price": 65095.033599999995,
    "quantity": 0.006,
    "remaining_quantity": 0.006
  },
  {
    "event_id": "56a37ff32461f190a00419c33f220b964b1098df5ed405d2772862cebb0b2bb7",
    "schema_version": "1.0.0",
    "event_type": "agent_order",
    "source": "synthetic_agent",
    "symbol": "BTCUSDT",
    "exchange": "binance_usdm",
    "timestamp": "2024-05-01T00:00:00.136000Z",
    "sequence": 17,
    "scenario_id": "scenario-056-latency_edge",
    "agent_id": "agent-latency_edge",
    "order_id": "scenario-056-latency_edge-agent-latency_edge-17",
    "action": "new",
    "side": "buy",
    "price": 65095.033599999995,
    "quantity": 0.006,
    "remaining_quantity": 0.006
  },
  {
    "event_id": "1e052181b1ab1f8e7c195a3a495311ab7cfa335e3050219887280bdea8c24a41",
    "schema_version": "1.0.0",
    "event_type": "agent_order",
    "source": "synthetic_agent",
    "symbol": "BTCUSDT",
    "exchange": "binance_usdm",
    "timestamp": "2024-05-01T00:00:00.144000Z",
    "sequence": 18,
    "scenario_id": "scenario-056-latency_edge",
    "agent_id": "agent-latency_edge",
    "order_id": "scenario-056-latency_edge-agent-latency_edge-18",
    "action": "new",
    "side": "sell",
    "price": 65016.9664,
    "quantity": 0.006,
    "remaining_quantity": 0.006
  },
  {
    "event_id": "f66ba2d4b22444aa0064434aacbe7b1935eb5eb62f05168ee85660a0fe576e74",
    "schema_version": "1.0.0",
    "event_type": "agent_order",
    "source": "synthetic_agent",
    "symbol": "BTCUSDT",
    "exchange": "binance_usdm",
    "timestamp": "2024-05-01T00:00:00.152000Z",
    "sequence": 19,
    "scenario_id": "scenario-056-latency_edge",
    "agent_id": "agent-latency_edge",
    "order_id": "scenario-056-latency_edge-agent-latency_edge-19",
    "action": "new",
    "side": "sell",
    "price": 65016.9664,
    "quantity": 0.006,
    "remaining_quantity": 0.006
  },
  {
    "event_id": "0bacf596e5e75d77af5dbd9defb16eaaa6558ad6edbbd795ed490ab104a6c042",
    "schema_version": "1.0.0",
    "event_type": "agent_order",
    "source": "synthetic_agent",
    "symbol": "BTCUSDT",
    "exchange": "binance_usdm",
    "timestamp": "2024-05-01T00:00:00.160000Z",
    "sequence": 20,
    "scenario_id": "scenario-056-latency_edge",
    "agent_id": "agent-latency_edge",
    "order_id": "scenario-056-latency_edge-agent-latency_edge-20",
    "action": "new",
    "side": "buy",
    "price": 65095.033599999995,
    "quantity": 0.006,
    "remaining_quantity": 0.006
  },
  {
    "event_id": "eb4f896dff80af04d3e1d7038bd80f4ca6c942e9408bf5d058ede29b6714e1b8",
    "schema_version": "1.0.0",
    "event_type": "agent_order",
    "source": "synthetic_agent",
    "symbol": "BTCUSDT",
    "exchange": "binance_usdm",
    "timestamp": "2024-05-01T00:00:00.168000Z",
    "sequence": 21,
    "scenario_id": "scenario-056-latency_edge",
    "agent_id": "agent-latency_edge",
    "order_id": "scenario-056-latency_edge-agent-latency_edge-21",
    "action": "new",
    "side": "buy",
    "price": 65095.033599999995,
    "quantity": 0.006,
    "remaining_quantity": 0.006
  },
  {
    "event_id": "9ba140c9c8ad07da9908b19fc01a7430ac99c25590c7509b9cca5da5c2971961",
    "schema_version": "1.0.0",
    "event_type": "agent_order",
    "source": "synthetic_agent",
    "symbol": "BTCUSDT",
    "exchange": "binance_usdm",
    "timestamp": "2024-05-01T00:00:00.176000Z",
    "sequence": 22,
    "scenario_id": "scenario-056-latency_edge",
    "agent_id": "agent-latency_edge",
    "order_id": "scenario-056-latency_edge-agent-latency_edge-22",
    "action": "new",
    "side": "sell",
    "price": 65016.9664,
    "quantity": 0.006,
    "remaining_quantity": 0.006
  },
  {
    "event_id": "43016b0d3bcdd78e86339da6aeab9e24c2972cf740dbc6858db32c0f46efbeca",
    "schema_version": "1.0.0",
    "event_type": "agent_order",
    "source": "synthetic_agent",
    "symbol": "BTCUSDT",
    "exchange": "binance_usdm",
    "timestamp": "2024-05-01T00:00:00.184000Z",
    "sequence": 23,
    "scenario_id": "scenario-056-latency_edge",
    "agent_id": "agent-latency_edge",
    "order_id": "scenario-056-latency_edge-agent-latency_edge-23",
    "action": "new",
    "side": "sell",
    "price": 65016.9664,
    "quantity": 0.006,
    "remaining_quantity": 0.006
  },
  {
    "event_id": "6b939eb677570cf1f23944d7aafb9723bdc1379bcae99c4d886e802d66548f87",
    "schema_version": "1.0.0",
    "event_type": "agent_order",
    "source": "synthetic_agent",
    "symbol": "BTCUSDT",
    "exchange": "binance_usdm",
    "timestamp": "2024-05-01T00:00:00.192000Z",
    "sequence": 24,
    "scenario_id": "scenario-056-latency_edge",
    "agent_id": "agent-latency_edge",
    "order_id": "scenario-056-latency_edge-agent-latency_edge-24",
    "action": "new",
    "side": "buy",
    "price": 65095.033599999995,
    "quantity": 0.006,
    "remaining_quantity": 0.006
  },
  {
    "event_id": "40c63f9ecc29397cdbe17bbcf7736c3b956eb65f89016b686d2692067ac80569",
    "schema_version": "1.0.0",
    "event_type": "agent_order",
    "source": "synthetic_agent",
    "symbol": "BTCUSDT",
    "exchange": "binance_usdm",
    "timestamp": "2024-05-01T00:00:00.200000Z",
    "sequence": 25,
    "scenario_id": "scenario-056-latency_edge",
    "agent_id": "agent-latency_edge",
    "order_id": "scenario-056-latency_edge-agent-latency_edge-25",
    "action": "new",
    "side": "buy",
    "price": 65095.033599999995,
    "quantity": 0.006,
    "remaining_quantity": 0.006
  },
  {
    "event_id": "77e649728eb75f4c2b933a16d8663dd7523532a46e06dbda828b3ff17e19cd51",
    "schema_version": "1.0.0",
    "event_type": "agent_order",
    "source": "synthetic_agent",
    "symbol": "BTCUSDT",
    "exchange": "binance_usdm",
    "timestamp": "2024-05-01T00:00:00.208000Z",
    "sequence": 26,
    "scenario_id": "scenario-056-latency_edge",
    "agent_id": "agent-latency_edge",
    "order_id": "scenario-056-latency_edge-agent-latency_edge-26",
    "action": "new",
    "side": "sell",
    "price": 65016.9664,
    "quantity": 0.006,
    "remaining_quantity": 0.006
  },
  {
    "event_id": "8b3150b20275e1c0a708ef85197b324dcbc3856b58ae6acd4381a896ebc70c7a",
    "schema_version": "1.0.0",
    "event_type": "agent_order",
    "source": "synthetic_agent",
    "symbol": "BTCUSDT",
    "exchange": "binance_usdm",
    "timestamp": "2024-05-01T00:00:00.216000Z",
    "sequence": 27,
    "scenario_id": "scenario-056-latency_edge",
    "agent_id": "agent-latency_edge",
    "order_id": "scenario-056-latency_edge-agent-latency_edge-27",
    "action": "new",
    "side": "sell",
    "price": 65016.9664,
    "quantity": 0.006,
    "remaining_quantity": 0.006
  },
  {
    "event_id": "a2ff3e91174e14157fee2fbeccf3bbb1a3f361469787d4321837e3cd03749dd6",
    "schema_version": "1.0.0",
    "event_type": "agent_order",
    "source": "synthetic_agent",
    "symbol": "BTCUSDT",
    "exchange": "binance_usdm",
    "timestamp": "2024-05-01T00:00:00.224000Z",
    "sequence": 28,
    "scenario_id": "scenario-056-latency_edge",
    "agent_id": "agent-latency_edge",
    "order_id": "scenario-056-latency_edge-agent-latency_edge-28",
    "action": "new",
    "side": "buy",
    "price": 65095.033599999995,
    "quantity": 0.006,
    "remaining_quantity": 0.006
  },
  {
    "event_id": "02771d52a23070ec7b3fe91a6bb5ae7cb7aee80f581a22489d37f8a5cca3267d",
    "schema_version": "1.0.0",
    "event_type": "agent_order",
    "source": "synthetic_agent",
    "symbol": "BTCUSDT",
    "exchange": "binance_usdm",
    "timestamp": "2024-05-01T00:00:00.232000Z",
    "sequence": 29,
    "scenario_id": "scenario-056-latency_edge",
    "agent_id": "agent-latency_edge",
    "order_id": "scenario-056-latency_edge-agent-latency_edge-29",
    "action": "new",
    "side": "buy",
    "price": 65095.033599999995,
    "quantity": 0.006,
    "remaining_quantity": 0.006
  }
]