[
  {
    "event_id": "8982f49b3c5457170e0e81042eee95082834fe5c6e86d81020e308d691c0725e",
    "schema_version": "1.0.0",
    "event_type": "agent_order",
    "source": "synthetic_agent",
    "symbol": "BTCUSDT",
    "exchange": "binance_usdm",
    "timestamp": "2024-05-01T00:00:00Z",
    "sequence": 0,
    "scenario_id": "scenario-371-volatility_feedback",
    "agent_id": "agent-volatility_feedback",
    "order_id": "scenario-371-volatility_feedback-agent-volatility_feedback-0",
    "action": "new",
    "side": "buy",
    "price": 65436.37099999999,
    "quantity": 0.02,
    "remaining_quantity": 0.02
  },
  {
    "event_id": "44d8c781c2282fd9da7897ba663320fccad94ad21fc6181653aa56aed7a4425b",
    "schema_version": "1.0.0",
    "event_type": "agent_order",
    "source": "synthetic_agent",
    "symbol": "BTCUSDT",
    "exchange": "binance_usdm",
    "timestamp": "2024-05-01T00:00:00.020000Z",
    "sequence": 1,
    "scenario_id": "scenario-371-volatility_feedback",
    "agent_id": "agent-volatility_feedback",
    "order_id": "scenario-371-volatility_feedback-agent-volatility_feedback-1",
    "action": "new",
    "side": "sell",
    "price": 65304.321579999996,
    "quantity": 0.03,
    "remaining_quantity": 0.03
  },
  {
    "event_id": "de73e5a3ad9996bf7d3059532b8a68823530aecd8df4dac82109be1362e089f7",
    "schema_version": "1.0.0",
    "event_type": "agent_order",
    "source": "synthetic_agent",
    "symbol": "BTCUSDT",
    "exchange": "binance_usdm",
    "timestamp": "2024-05-01T00:00:00.040000Z",
    "sequence": 2,
    "scenario_id": "scenario-371-volatility_feedback",
    "agent_id": "agent-volatility_feedback",
    "order_id": "scenario-371-volatility_feedback-agent-volatility_feedback-2",
    "action": "new",
    "side": "buy",
    "price": 65438.985839999994,
    "quantity": 0.04,
    "remaining_quantity": 0.04
  },
  {
    "event_id": "79d915bca5b4d9ef1c78276a2c22bfad943f67268c2b1dafc80b6894408f770b",
    "schema_version": "1.0.0",
    "event_type": "agent_order",
    "source": "synthetic_agent",
    "symbol": "BTCUSDT",
    "exchange": "binance_usdm",
    "timestamp": "2024-05-01T00:00:00.060000Z",
    "sequence": 3,
    "scenario_id": "scenario-371-volatility_feedback",
    "agent_id": "agent-volatility_feedback",
    "order_id": "scenario-371-volatility_feedback-agent-volatility_feedback-3",
    "action": "new",
    "side": "sell",
    "price": 65301.70674,
    "quantity": 0.05,
    "remaining_quantity": 0.05
  },
  {
    "event_id": "56298431721621391135d95388ade98bbbe3a472cf6be632924f703fd399de5a",
    "schema_version": "1.0.0",
    "event_type": "agent_order",
    "source": "synthetic_agent",
    "symbol": "BTCUSDT",
    "exchange": "binance_usdm",
    "timestamp": "2024-05-01T00:00:00.080000Z",
    "sequence": 4,
    "scenario_id": "scenario-371-volatility_feedback",
    "agent_id": "agent-volatility_feedback",
    "order_id": "scenario-371-volatility_feedback-agent-volatility_feedback-4",
    "action": "new",
    "side": "buy",
    "price": 65441.600679999996,
    "quantity": 0.02,
    "remaining_quantity": 0.02
  },
  {
    "event_id": "cfc8f4d0114bac1f27a614a9d6be4aed33f3b80e580a12aa800e12f95eabaef4",
    "schema_version": "1.0.0",
    "event_type": "agent_order",
    "source": "synthetic_agent",
    "symbol": "BTCUSDT",
    "exchange": "binance_usdm",
    "timestamp": "2024-05-01T00:00:00.100000Z",
    "sequence": 5,
    "scenario_id": "scenario-371-volatility_feedback",
    "agent_id": "agent-volatility_feedback",
    "order_id": "scenario-371-volatility_feedback-agent-volatility_feedback-5",
    "action": "new",
    "side": "sell",
    "price": 65299.0919,
    "quantity": 0.03,
    "remaining_quantity": 0.03
  },
  {
    "event_id": "0749dbf5c3e9108ccf65c80559ca1248539ae987e4911da86df238c13a9737df",
    "schema_version": "1.0.0",
    "event_type": "agent_order",
    "source": "synthetic_agent",
    "symbol": "BTCUSDT",
    "exchange": "binance_usdm",
    "timestamp": "2024-05-01T00:00:00.120000Z",
    "sequence": 6,
    "scenario_id": "scenario-371-volatility_feedback",
    "agent_id": "agent-volatility_feedback",
    "order_id": "scenario-371-volatility_feedback-agent-volatility_feedback-6",
    "action": "new",
    "side": "buy",
    "price": 65444.21552,
    "quantity": 0.04,
    "remaining_quantity": 0.04
  },
  {
    "event_id": "5e1e785feecdf7946b075591b386774ca03ca9caa35d1e82e896530b47586e48",
    "schema_version": "1.0.0",
    "event_type": "agent_order",
    "source": "synthetic_agent",
    "symbol": "BTCUSDT",
    "exchange": "binance_usdm",
    "timestamp": "2024-05-01T00:00:00.140000Z",
    "sequence": 7,
    "scenario_id": "scenario-371-volatility_feedback",
    "agent_id": "agent-volatility_feedback",
    "order_id": "scenario-371-volatility_feedback-agent-volatility_feedback-7",
    "action": "new",
    "side": "sell",
    "price": 65296.47706,
    "quantity": 0.05,
    "remaining_quantity": 0.05
  },
  {
    "event_id": "1c4fc6fefa93c5f576cc3b38bbad4608bc8d742f902c2fd044c202c0fe180cd0",
    "schema_version": "1.0.0",
    "event_type": "agent_order",
    "source": "synthetic_agent",
    "symbol": "BTCUSDT",
    "exchange": "binance_usdm",
    "timestamp": "2024-05-01T00:00:00.160000Z",
    "sequence": 8,
    "scenario_id": "scenario-371-volatility_feedback",
    "agent_id": "agent-volatility_feedback",
    "order_id": "scenario-371-volatility_feedback-agent-volatility_feedback-8",
    "action": "new",
    "side": "buy",
    "price": 65446.83036,
    "quantity": 0.02,
    "remaining_quantity": 0.02
  },
  {
    "event_id": "87624a7311f65ca4dcceb9978ccca6bef05700fbf2bbfaceb038f17f1389e754",
    "schema_version": "1.0.0",
    "event_type": "agent_order",
    "source": "synthetic_agent",
    "symbol": "BTCUSDT",
    "exchange": "binance_usdm",
    "timestamp": "2024-05-01T00:00:00.180000Z",
    "sequence": 9,
    "scenario_id": "scenario-371-volatility_feedback",
    "agent_id": "agent-volatility_feedback",
    "order_id": "scenario-371-volatility_feedback-agent-volatility_feedback-9",
    "action": "new",
    "side": "sell",
    "price": 65293.86222,
    "quantity": 0.03,
    "remaining_quantity": 0.03
  },
  {
    "event_id": "87af50bf7aa3bdab0079b3839b7332c9816744a602dbf96e0c12055b23323a82",
    "schema_version": "1.0.0",
    "event_type": "agent_order",
    "source": "synthetic_agent",
    "symbol": "BTCUSDT",
    "exchange": "binance_usdm",
    "timestamp": "2024-05-01T00:00:00.200000Z",
    "sequence": 10,
    "scenario_id": "scenario-371-volatility_feedback",
    "agent_id": "agent-volatility_feedback",
    "order_id": "scenario-371-volatility_feedback-agent-volatility_feedback-10",
    "action": "new",
    "side": "buy",
    "price": 65449.44520000001,
    "quantity": 0.04,
    "remaining_quantity": 0.04
  },
  {
    "event_id": "021a9d723f91e613fd570396971ff1c0a98e8d4edd6352d04a4ad1af58ad9cde",
    "schema_version": "1.0.0",
    "event_type": "agent_order",
    "source": "synthetic_agent",
    "symbol": "BTCUSDT",
    "exchange": "binance_usdm",
    "timestamp": "2024-05-01T00:00:00.220000Z",
    "sequence": 11,
    "scenario_id": "scenario-371-volatility_feedback",
    "agent_id": "agent-volatility_feedback",
    "order_id": "scenario-371-volatility_feedback-agent-volatility_feedback-11",
    "action": "new",
    "side": "sell",
    "price": 65291.24738,
    "quantity": 0.05,
    "remaining_quantity": 0.05
  },
  {
    "event_id": "4800a6ee9b18892e6b6eb532ad8ac2c7337413d536348c4c9f4138af4b42c6dd",
    "schema_version": "1.0.0",
    "event_type": "agent_order",
    "source": "synthetic_agent",
    "symbol": "BTCUSDT",
    "exchange": "binance_usdm",
    "timestamp": "2024-05-01T00:00:00.240000Z",
    "sequence": 12,
    "scenario_id": "scenario-371-volatility_feedback",
    "agent_id": "agent-volatility_feedback",
    "order_id": "scenario-371-volatility_feedback-agent-volatility_feedback-12",
    "action": "new",
    "side": "buy",
    "price": 65452.06004,
    "quantity": 0.02,
    "remaining_quantity": 0.02
  },
  {
    "event_id": "1ae93f9166dd5702ffbc363062bb756d40b6b99bbe6bc85d2ccf8720019f6e20",
    "schema_version": "1.0.0",
    "event_type": "agent_order",
    "source": "synthetic_agent",
    "symbol": "BTCUSDT",
    "exchange": "binance_usdm",
    "timestamp": "2024-05-01T00:00:00.260000Z",
    "sequence": 13,
    "scenario_id": "scenario-371-volatility_feedback",
    "agent_id": "agent-volatility_feedback",
    "order_id": "scenario-371-volatility_feedback-agent-volatility_feedback-13",
    "action": "new",
    "side": "sell",
    "price": 65288.63254,
    "quantity": 0.03,
    "remaining_quantity": 0.03
  },
  {
    "event_id": "37f354ac0ad5005fa4b43251926b2b8216d6ab9d6a287d13a19138c27668b510",
    "schema_version": "1.0.0",
    "event_type": "agent_order",
    "source": "synthetic_agent",
    "symbol": "BTCUSDT",
    "exchange": "binance_usdm",
    "timestamp": "2024-05-01T00:00:00.280000Z",
    "sequence": 14,
    "scenario_id": "scenario-371-volatility_feedback",
    "agent_id": "agent-volatility_feedback",
    "order_id": "scenario-371-volatility_feedback-agent-volatility_feedback-14",
    "action": "new",
    "side": "buy",
    "price": 65454.67488,
    "quantity": 0.04,
    "remaining_quantity": 0.04
  },
  {
    "event_id": "df1c055a1900ee8228b9b5829e21cfa60492e1af0411d0ee34d3477bbdf41ac5",
    "schema_version": "1.0.0",
    "event_type": "agent_order",
    "source": "synthetic_agent",
    "symbol": "BTCUSDT",
    "exchange": "binance_usdm",
    "timestamp": "2024-05-01T00:00:00.300000Z",
    "sequence": 15,
    "scenario_id": "scenario-371-volatility_feedback",
    "agent_id": "agent-volatility_feedback",
    "order_id": "scenario-371-volatility_feedback-agent-volatility_feedback-15",
    "action": "new",
    "side": "sell",
    "price": 65286.017700000004,
    "quantity": 0.05,
    "remaining_quantity": 0.05
  },
  {
    "event_id": "5d76fa42ef2457d7b24f6f2ca56ba98c0ceeb3ce82dca0aac0ac852f72e82ba4",
    "schema_version": "1.0.0",
    "event_type": "agent_order",
    "source": "synthetic_agent",
    "symbol": "BTCUSDT",
    "exchange": "binance_usdm",
    "timestamp": "2024-05-01T00:00:00.320000Z",
    "sequence": 16,
    "scenario_id": "scenario-371-volatility_feedback",
    "agent_id": "agent-volatility_feedback",
    "order_id": "scenario-371-volatility_feedback-agent-volatility_feedback-16",
    "action": "new",
    "side": "buy",
    "price": 65457.28972,
    "quantity": 0.02,
    "remaining_quantity": 0.02
  },
  {
    "event_id": "7ba84733f708c216f88801336eaebb448d28badacd53e6ec71d91165a1465e9f",
    "schema_version": "1.0.0",
    "event_type": "agent_order",
    "source": "synthetic_agent",
    "symbol": "BTCUSDT",
    "exchange": "binance_usdm",
    "timestamp": "2024-05-01T00:00:00.340000Z",
    "sequence": 17,
    "scenario_id": "scenario-371-volatility_feedback",
    "agent_id": "agent-volatility_feedback",
    "order_id": "scenario-371-volatility_feedback-agent-volatility_feedback-17",
    "action": "new",
    "side": "sell",
    "price": 65283.40286,
    "quantity": 0.03,
    "remaining_quantity": 0.03
  },
  {
    "event_id": "4be70eaf49249f0056005ea051710a68acaf11937bde169d011e2c00de1ccedf",
    "schema_version": "1.0.0",
    "event_type": "agent_order",
    "source": "synthetic_agent",
    "symbol": "BTCUSDT",
    "exchange": "binance_usdm",
    "timestamp": "2024-05-01T00:00:00.360000Z",
    "sequence": 18,
    "scenario_id": "scenario-371-volatility_feedback",
    "agent_id": "agent-volatility_feedback",
    "order_id": "scenario-371-volatility_feedback-agent-volatility_feedback-18",
    "action": "new",
    "side": "buy",
    "price": 65459.90456,
    "quantity": 0.04,
    "remaining_quantity": 0.04
  },
  {
    "event_id": "89e143fd884b8a5b2d967a0f32fb8fc502cc08326843529ed8451c7b949de76a",
    "schema_version": "1.0.0",
    "event_type": "agent_order",
    "source": "synthetic_agent",
    "symbol": "BTCUSDT",
    "exchange": "binance_usdm",
    "timestamp": "2024-05-01T00:00:00.380000Z",
    "sequence": 19,
    "scenario_id": "scenario-371-volatility_feedback",
    "agent_id": "agent-volatility_feedback",
    "order_id": "scenario-371-volatility_feedback-agent-volatility_feedback-19",
    "action": "new",
    "side": "sell",
    "price": 65280.78802,
    "quantity": 0.05,
    "remaining_quantity": 0.05
  },
  {
    "event_id": "c1bafd1c3b190801673dec0318ccc1f721dda54da5c25920ff0a31a052e470db",
    "schema_version": "1.0.0",
    "event_type": "agent_order",
    "source": "synthetic_agent",
    "symbol": "BTCUSDT",
    "exchange": "binance_usdm",
    "timestamp": "2024-05-01T00:00:00.400000Z",
    "sequence": 20,
    "scenario_id": "scenario-371-volatility_feedback",
    "agent_id": "agent-volatility_feedback",
    "order_id": "scenario-371-volatility_feedback-agent-volatility_feedback-20",
    "action": "new",
    "side": "buy",
    "price": 65462.519400000005,
    "quantity": 0.02,
    "remaining_quantity": 0.02
  },
  {
    "event_id": "eb70d1dc916b48b194ab1c09f2161745224b42bfb429418667a16ec437d2fce7",
    "schema_version": "1.0.0",
    "event_type": "agent_order",
    "source": "synthetic_agent",
    "symbol": "BTCUSDT",
    "exchange": "binance_usdm",
    "timestamp": "2024-05-01T00:00:00.420000Z",
    "sequence": 21,
    "scenario_id": "scenario-371-volatility_feedback",
    "agent_id": "agent-volatility_feedback",
    "order_id": "scenario-371-volatility_feedback-agent-volatility_feedback-21",
    "action": "new",
    "side": "sell",
    "price": 65278.17318,
    "quantity": 0.03,
    "remaining_quantity": 0.03
  },
  {
    "event_id": "e6c24831e49c7e45301f26be3e456ce6a1c06f4a823198dcd96ed5efbee5b6c7",
    "schema_version": "1.0.0",
    "event_type": "agent_order",
    "source": "synthetic_agent",
    "symbol": "BTCUSDT",
    "exchange": "binance_usdm",
    "timestamp": "2024-05-01T00:00:00.440000Z",
    "sequence": 22,
    "scenario_id": "scenario-371-volatility_feedback",
    "agent_id": "agent-volatility_feedback",
    "order_id": "scenario-371-volatility_feedback-agent-volatility_feedback-22",
    "action": "new",
    "side": "buy",
    "price": 65465.13424000001,
    "quantity": 0.04,
    "remaining_quantity": 0.04
  },
  {
    "event_id": "9a72e8175015ea55d68ad951aebbda1f558b3106b891f4a7bbe7dcbee7e4f35b",
    "schema_version": "1.0.0",
    "event_type": "agent_order",
    "source": "synthetic_agent",
    "symbol": "BTCUSDT",
    "exchange": "binance_usdm",
    "timestamp": "2024-05-01T00:00:00.460000Z",
    "sequence": 23,
    "scenario_id": "scenario-371-volatility_feedback",
    "agent_id": "agent-volatility_feedback",
    "order_id": "scenario-371-volatility_feedback-agent-volatility_feedback-23",
    "action": "new",
    "side": "sell",
    "price": 65275.558339999996,
    "quantity": 0.05,
    "remaining_quantity": 0.05
  },
  {
    "event_id": "b6173e297f985827c40acecd381e58ddc6bafddae0d72e038ebd4ec07a851c5f",
    "schema_version": "1.0.0",
    "event_type": "agent_order",
    "source": "synthetic_agent",
    "symbol": "BTCUSDT",
    "exchange": "binance_usdm",
    "timestamp": "2024-05-01T00:00:00.480000Z",
    "sequence": 24,
    "scenario_id": "scenario-371-volatility_feedback",
    "agent_id": "agent-volatility_feedback",
    "order_id": "scenario-371-volatility_feedback-agent-volatility_feedback-24",
    "action": "new",
    "side": "buy",
    "price": 65467.749079999994,
    "quantity": 0.02,
    "remaining_quantity": 0.02
  },
  {
    "event_id": "1e9cf6c01c8e6b2779529f59614aa620157be029d5021cfbe478aca1e18faab1",
    "schema_version": "1.0.0",
    "event_type": "agent_order",
    "source": "synthetic_agent",
    "symbol": "BTCUSDT",
    "exchange": "binance_usdm",
    "timestamp": "2024-05-01T00:00:00.500000Z",
    "sequence": 25,
    "scenario_id": "scenario-371-volatility_feedback",
    "agent_id": "agent-volatility_feedback",
    "order_id": "scenario-371-volatility_feedback-agent-volatility_feedback-25",
    "action": "new",
    "side": "sell",
    "price": 65272.9435,
    "quantity": 0.03,
    "remaining_quantity": 0.03
  },
  {
    "event_id": "ed946f6a8b0d7e2b2bc9d37aea946562b793c7f43a006cc39be10fa401a55fa0",
    "schema_version": "1.0.0",
    "event_type": "agent_order",
    "source": "synthetic_agent",
    "symbol": "BTCUSDT",
    "exchange": "binance_usdm",
    "timestamp": "2024-05-01T00:00:00.520000Z",
    "sequence": 26,
    "scenario_id": "scenario-371-volatility_feedback",
    "agent_id": "agent-volatility_feedback",
    "order_id": "scenario-371-volatility_feedback-agent-volatility_feedback-26",
    "action": "new",
    "side": "buy",
    "price": 65470.363919999996,
    "quantity": 0.04,
    "remaining_quantity": 0.04
  },
  {
    "event_id": "e8a8a870db7f0c5add5ea8e7e5adb5cd0a8d298b1eaef6529642686d4745df67",
    "schema_version": "1.0.0",
    "event_type": "agent_order",
    "source": "synthetic_agent",
    "symbol": "BTCUSDT",
    "exchange": "binance_usdm",
    "timestamp": "2024-05-01T00:00:00.540000Z",
    "sequence": 27,
    "scenario_id": "scenario-371-volatility_feedback",
    "agent_id": "agent-volatility_feedback",
    "order_id": "scenario-371-volatility_feedback-agent-volatility_feedback-27",
    "action": "new",
    "side": "sell",
    "price": 65270.32866,
    "quantity": 0.05,
    "remaining_quantity": 0.05
  },
  {
    "event_id": "161fb6658f69fd1dbeb92ef175bb1ec8393a32e4e81fcc6a0e709503df994b87",
    "schema_version": "1.0.0",
    "event_type": "agent_order",
    "source": "synthetic_agent",
    "symbol": "BTCUSDT",
    "exchange": "binance_usdm",
    "timestamp": "2024-05-01T00:00:00.560000Z",
    "sequence": 28,
    "scenario_id": "scenario-371-volatility_feedback",
    "agent_id": "agent-volatility_feedback",
    "order_id": "scenario-371-volatility_feedback-agent-volatility_feedback-28",
    "action": "new",
    "side": "buy",
    "price": 65472.97876,
    "quantity": 0.02,
    "remaining_quantity": 0.02
  },
  {
    "event_id": "5782ab967093257d94783305d8fe9f9401b21a6930a55a016eded288196f2380",
    "schema_version": "1.0.0",
    "event_type": "agent_order",
    "source": "synthetic_agent",
    "symbol": "BTCUSDT",
    "exchange": "binance_usdm",
    "timestamp": "2024-05-01T00:00:00.580000Z",
    "sequence": 29,
    "scenario_id": "scenario-371-volatility_feedback",
    "agent_id": "agent-volatility_feedback",
    "order_id": "scenario-371-volatility_feedback-agent-volatility_feedback-29",
    "action": "new",
    "side": "sell",
    "price": 65267.71382,
    "quantity": 0.03,
    "remaining_quantity": 0.03
  }
]