[
  {
    "event_id": "96ea44d11b16c865855a955697941c08df6e39be5ef8f28f4037c9206c52a8b7",
    "schema_version": "1.0.0",
    "event_type": "agent_order",
    "source": "synthetic_agent",
    "symbol": "BTCUSDT",
    "exchange": "binance_usdm",
    "timestamp": "2024-05-01T00:00:00Z",
    "sequence": 0,
    "scenario_id": "scenario-467-volatility_feedback",
    "agent_id": "agent-volatility_feedback",
    "order_id": "scenario-467-volatility_feedback-agent-volatility_feedback-0",
    "action": "new",
    "side": "buy",
    "price": 65532.46699999999,
    "quantity": 0.02,
    "remaining_quantity": 0.02
  },
  {
    "event_id": "c32bd77c6582e5f66829cf53447fbd536816b7ef73132cbc8beb0818c1b80207",
    "schema_version": "1.0.0",
    "event_type": "agent_order",
    "source": "synthetic_agent",
    "symbol": "BTCUSDT",
    "exchange": "binance_usdm",
    "timestamp": "2024-05-01T00:00:00.020000Z",
    "sequence": 1,
    "scenario_id": "scenario-467-volatility_feedback",
    "agent_id": "agent-volatility_feedback",
    "order_id": "scenario-467-volatility_feedback-agent-volatility_feedback-1",
    "action": "new",
    "side": "sell",
    "price": 65400.223659999996,
    "quantity": 0.03,
    "remaining_quantity": 0.03
  },
  {
    "event_id": "4e8dee629bf28067c83a374b619f06aef4fd0a148ac139018cccb19389016dae",
    "schema_version": "1.0.0",
    "event_type": "agent_order",
    "source": "synthetic_agent",
    "symbol": "BTCUSDT",
    "exchange": "binance_usdm",
    "timestamp": "2024-05-01T00:00:00.040000Z",
    "sequence": 2,
    "scenario_id": "scenario-467-volatility_feedback",
    "agent_id": "agent-volatility_feedback",
    "order_id": "scenario-467-volatility_feedback-agent-volatility_feedback-2",
    "action": "new",
    "side": "buy",
    "price": 65535.08568,
    "quantity": 0.04,
    "remaining_quantity": 0.04
  },
  {
    "event_id": "2f38a5ecd016d7a58b4305547dbef3874cf406a7617f9db506c40c877bb40ae3",
    "schema_version": "1.0.0",
    "event_type": "agent_order",
    "source": "synthetic_agent",
    "symbol": "BTCUSDT",
    "exchange": "binance_usdm",
    "timestamp": "2024-05-01T00:00:00.060000Z",
    "sequence": 3,
    "scenario_id": "scenario-467-volatility_feedback",
    "agent_id": "agent-volatility_feedback",
    "order_id": "scenario-467-volatility_feedback-agent-volatility_feedback-3",
    "action": "new",
    "side": "sell",
    "price": 65397.604980000004,
    "quantity": 0.05,
    "remaining_quantity": 0.05
  },
  {
    "event_id": "ad98120b307e790a5716a90bcfc421d4a014a0f6e8863c8b1f4d3d2c199cf7d6",
    "schema_version": "1.0.0",
    "event_type": "agent_order",
    "source": "synthetic_agent",
    "symbol": "BTCUSDT",
    "exchange": "binance_usdm",
    "timestamp": "2024-05-01T00:00:00.080000Z",
    "sequence": 4,
    "scenario_id": "scenario-467-volatility_feedback",
    "agent_id": "agent-volatility_feedback",
    "order_id": "scenario-467-volatility_feedback-agent-volatility_feedback-4",
    "action": "new",
    "side": "buy",
    "price": 65537.70436,
    "quantity": 0.02,
    "remaining_quantity": 0.02
  },
  {
    "event_id": "e86af3f1a3a46598a75ed989691b83b4cae68cd975052cf1f1ae422079b49166",
    "schema_version": "1.0.0",
    "event_type": "agent_order",
    "source": "synthetic_agent",
    "symbol": "BTCUSDT",
    "exchange": "binance_usdm",
    "timestamp": "2024-05-01T00:00:00.100000Z",
    "sequence": 5,
    "scenario_id": "scenario-467-volatility_feedback",
    "agent_id": "agent-volatility_feedback",
    "order_id": "scenario-467-volatility_feedback-agent-volatility_feedback-5",
    "action": "new",
    "side": "sell",
    "price": 65394.986300000004,
    "quantity": 0.03,
    "remaining_quantity": 0.03
  },
  {
    "event_id": "42c67f22b8c2a3952a1677e317a2bc9caa0468302bd9f07eb6defc950a7f954b",
    "schema_version": "1.0.0",
    "event_type": "agent_order",
    "source": "synthetic_agent",
    "symbol": "BTCUSDT",
    "exchange": "binance_usdm",
    "timestamp": "2024-05-01T00:00:00.120000Z",
    "sequence": 6,
    "scenario_id": "scenario-467-volatility_feedback",
    "agent_id": "agent-volatility_feedback",
    "order_id": "scenario-467-volatility_feedback-agent-volatility_feedback-6",
    "action": "new",
    "side": "buy",
    "price": 65540.32304,
    "quantity": 0.04,
    "remaining_quantity": 0.04
  },
  {
    "event_id": "346f6e8aebca6f1832bf35299688f2c4f2fa81d95ad1b2e1f64d82cf2a6cf0f7",
    "schema_version": "1.0.0",
    "event_type": "agent_order",
    "source": "synthetic_agent",
    "symbol": "BTCUSDT",
    "exchange": "binance_usdm",
    "timestamp": "2024-05-01T00:00:00.140000Z",
    "sequence": 7,
    "scenario_id": "scenario-467-volatility_feedback",
    "agent_id": "agent-volatility_feedback",
    "order_id": "scenario-467-volatility_feedback-agent-volatility_feedback-7",
    "action": "new",
    "side": "sell",
    "price": 65392.36762,
    "quantity": 0.05,
    "remaining_quantity": 0.05
  },
  {
    "event_id": "268cce45c7180db32d063b36963456d44f209b7b655eadb3ea08a8b6c4631ce5",
    "schema_version": "1.0.0",
    "event_type": "agent_order",
    "source": "synthetic_agent",
    "symbol": "BTCUSDT",
    "exchange": "binance_usdm",
    "timestamp": "2024-05-01T00:00:00.160000Z",
    "sequence": 8,
    "scenario_id": "scenario-467-volatility_feedback",
    "agent_id": "agent-volatility_feedback",
    "order_id": "scenario-467-volatility_feedback-agent-volatility_feedback-8",
    "action": "new",
    "side": "buy",
    "price": 65542.94172,
    "quantity": 0.02,
    "remaining_quantity": 0.02
  },
  {
    "event_id": "7aeabfe556cd65e124bad802a7654f78ef1612435d7a96209ef83fdccf278aa3",
    "schema_version": "1.0.0",
    "event_type": "agent_order",
    "source": "synthetic_agent",
    "symbol": "BTCUSDT",
    "exchange": "binance_usdm",
    "timestamp": "2024-05-01T00:00:00.180000Z",
    "sequence": 9,
    "scenario_id": "scenario-467-volatility_feedback",
    "agent_id": "agent-volatility_feedback",
    "order_id": "scenario-467-volatility_feedback-agent-volatility_feedback-9",
    "action": "new",
    "side": "sell",
    "price": 65389.748940000005,
    "quantity": 0.03,
    "remaining_quantity": 0.03
  },
  {
    "event_id": "3dcd25baf0d8453bf0f18b5f696c4efb3b9956a256af82d8e0bd854063de64fa",
    "schema_version": "1.0.0",
    "event_type": "agent_order",
    "source": "synthetic_agent",
    "symbol": "BTCUSDT",
    "exchange": "binance_usdm",
    "timestamp": "2024-05-01T00:00:00.200000Z",
    "sequence": 10,
    "scenario_id": "scenario-467-volatility_feedback",
    "agent_id": "agent-volatility_feedback",
    "order_id": "scenario-467-volatility_feedback-agent-volatility_feedback-10",
    "action": "new",
    "side": "buy",
    "price": 65545.5604,
    "quantity": 0.04,
    "remaining_quantity": 0.04
  },
  {
    "event_id": "f365b655daa0dbf528b15d195ba81b406cbb346192f84626045f025ad7370624",
    "schema_version": "1.0.0",
    "event_type": "agent_order",
    "source": "synthetic_agent",
    "symbol": "BTCUSDT",
    "exchange": "binance_usdm",
    "timestamp": "2024-05-01T00:00:00.220000Z",
    "sequence": 11,
    "scenario_id": "scenario-467-volatility_feedback",
    "agent_id": "agent-volatility_feedback",
    "order_id": "scenario-467-volatility_feedback-agent-volatility_feedback-11",
    "action": "new",
    "side": "sell",
    "price": 65387.13026,
    "quantity": 0.05,
    "remaining_quantity": 0.05
  },
  {
    "event_id": "be9cdd153447b07c141f6532f620276984ba01ff5833de2f18b6c69aa120d6f0",
    "schema_version": "1.0.0",
    "event_type": "agent_order",
    "source": "synthetic_agent",
    "symbol": "BTCUSDT",
    "exchange": "binance_usdm",
    "timestamp": "2024-05-01T00:00:00.240000Z",
    "sequence": 12,
    "scenario_id": "scenario-467-volatility_feedback",
    "agent_id": "agent-volatility_feedback",
    "order_id": "scenario-467-volatility_feedback-agent-volatility_feedback-12",
    "action": "new",
    "side": "buy",
    "price": 65548.17907999999,
    "quantity": 0.02,
    "remaining_quantity": 0.02
  },
  {
    "event_id": "fd2a4e153a296036b491a87699324dd5c155838daccfe65a1fab2e5e3bb5ec29",
    "schema_version": "1.0.0",
    "event_type": "agent_order",
    "source": "synthetic_agent",
    "symbol": "BTCUSDT",
    "exchange": "binance_usdm",
    "timestamp": "2024-05-01T00:00:00.260000Z",
    "sequence": 13,
    "scenario_id": "scenario-467-volatility_feedback",
    "agent_id": "agent-volatility_feedback",
    "order_id": "scenario-467-volatility_feedback-agent-volatility_feedback-13",
    "action": "new",
    "side": "sell",
    "price": 65384.51158,
    "quantity": 0.03,
    "remaining_quantity": 0.03
  },
  {
    "event_id": "fc4549d855fff76b31374bafcd07c99090a69f0a0ef3def39f6b6a60f505ecda",
    "schema_version": "1.0.0",
    "event_type": "agent_order",
    "source": "synthetic_agent",
    "symbol": "BTCUSDT",
    "exchange": "binance_usdm",
    "timestamp": "2024-05-01T00:00:00.280000Z",
    "sequence": 14,
    "scenario_id": "scenario-467-volatility_feedback",
    "agent_id": "agent-volatility_feedback",
    "order_id": "scenario-467-volatility_feedback-agent-volatility_feedback-14",
    "action": "new",
    "side": "buy",
    "price": 65550.79776,
    "quantity": 0.04,
    "remaining_quantity": 0.04
  },
  {
    "event_id": "76427b514f04ea12d841903c26b27949b64b3c80effd21b8cdf606e4b5b73842",
    "schema_version": "1.0.0",
    "event_type": "agent_order",
    "source": "synthetic_agent",
    "symbol": "BTCUSDT",
    "exchange": "binance_usdm",
    "timestamp": "2024-05-01T00:00:00.300000Z",
    "sequence": 15,
    "scenario_id": "scenario-467-volatility_feedback",
    "agent_id": "agent-volatility_feedback",
    "order_id": "scenario-467-volatility_feedback-agent-volatility_feedback-15",
    "action": "new",
    "side": "sell",
    "price": 65381.8929,
    "quantity": 0.05,
    "remaining_quantity": 0.05
  },
  {
    "event_id": "cd10fd8f5ec3d7f5606a4de49b0a7a2b2ab45eee27d68154a7b480443c5f814b",
    "schema_version": "1.0.0",
    "event_type": "agent_order",
    "source": "synthetic_agent",
    "symbol": "BTCUSDT",
    "exchange": "binance_usdm",
    "timestamp": "2024-05-01T00:00:00.320000Z",
    "sequence": 16,
    "scenario_id": "scenario-467-volatility_feedback",
    "agent_id": "agent-volatility_feedback",
    "order_id": "scenario-467-volatility_feedback-agent-volatility_feedback-16",
    "action": "new",
    "side": "buy",
    "price": 65553.41644,
    "quantity": 0.02,
    "remaining_quantity": 0.02
  },
  {
    "event_id": "616ef9a2d2279f8f4d2aa8148e434949c5e7628ee63ea0ef539f58b69d390ff7",
    "schema_version": "1.0.0",
    "event_type": "agent_order",
    "source": "synthetic_agent",
    "symbol": "BTCUSDT",
    "exchange": "binance_usdm",
    "timestamp": "2024-05-01T00:00:00.340000Z",
    "sequence": 17,
    "scenario_id": "scenario-467-volatility_feedback",
    "agent_id": "agent-volatility_feedback",
    "order_id": "scenario-467-volatility_feedback-agent-volatility_feedback-17",
    "action": "new",
    "side": "sell",
    "price": 65379.27422,
    "quantity": 0.03,
    "remaining_quantity": 0.03
  },
  {
    "event_id": "d630c52ec32468a76596d51c2242d0d7da5f2655ec71dccabfff02cefdcfe01e",
    "schema_version": "1.0.0",
    "event_type": "agent_order",
    "source": "synthetic_agent",
    "symbol": "BTCUSDT",
    "exchange": "binance_usdm",
    "timestamp": "2024-05-01T00:00:00.360000Z",
    "sequence": 18,
    "scenario_id": "scenario-467-volatility_feedback",
    "agent_id": "agent-volatility_feedback",
    "order_id": "scenario-467-volatility_feedback-agent-volatility_feedback-18",
    "action": "new",
    "side": "buy",
    "price": 65556.03512,
    "quantity": 0.04,
    "remaining_quantity": 0.04
  },
  {
    "event_id": "ef5469d3778207969b4f24f4e7b4df86612bdfc9eb2006150e3769dd87478780",
    "schema_version": "1.0.0",
    "event_type": "agent_order",
    "source": "synthetic_agent",
    "symbol": "BTCUSDT",
    "exchange": "binance_usdm",
    "timestamp": "2024-05-01T00:00:00.380000Z",
    "sequence": 19,
    "scenario_id": "scenario-467-volatility_feedback",
    "agent_id": "agent-volatility_feedback",
    "order_id": "scenario-467-volatility_feedback-agent-volatility_feedback-19",
    "action": "new",
    "side": "sell",
    "price": 65376.65554,
    "quantity": 0.05,
    "remaining_quantity": 0.05
  },
  {
    "event_id": "0f08319073b162614d6ce0a587dce88f7b5f2ee6fe8f9e4efd0599f8af94aa0c",
    "schema_version": "1.0.0",
    "event_type": "agent_order",
    "source": "synthetic_agent",
    "symbol": "BTCUSDT",
    "exchange": "binance_usdm",
    "timestamp": "2024-05-01T00:00:00.400000Z",
    "sequence": 20,
    "scenario_id": "scenario-467-volatility_feedback",
    "agent_id": "agent-volatility_feedback",
    "order_id": "scenario-467-volatility_feedback-agent-volatility_feedback-20",
    "action": "new",
    "side": "buy",
    "price": 65558.6538,
    "quantity": 0.02,
    "remaining_quantity": 0.02
  },
  {
    "event_id": "69050b112303007dcea550d0e86aaa56e14ce28c39019ca652b3ba6136a5c693",
    "schema_version": "1.0.0",
    "event_type": "agent_order",
    "source": "synthetic_agent",
    "symbol": "BTCUSDT",
    "exchange": "binance_usdm",
    "timestamp": "2024-05-01T00:00:00.420000Z",
    "sequence": 21,
    "scenario_id": "scenario-467-volatility_feedback",
    "agent_id": "agent-volatility_feedback",
    "order_id": "scenario-467-volatility_feedback-agent-volatility_feedback-21",
    "action": "new",
    "side": "sell",
    "price": 65374.03686,
    "quantity": 0.03,
    "remaining_quantity": 0.03
  },
  {
    "event_id": "08b1e225a826b1db049093aed9620f32097ccbdc27e5531de2e731501a176aba",
    "schema_version": "1.0.0",
    "event_type": "agent_order",
    "source": "synthetic_agent",
    "symbol": "BTCUSDT",
    "exchange": "binance_usdm",
    "timestamp": "2024-05-01T00:00:00.440000Z",
    "sequence": 22,
    "scenario_id": "scenario-467-volatility_feedback",
    "agent_id": "agent-volatility_feedback",
    "order_id": "scenario-467-volatility_feedback-agent-volatility_feedback-22",
    "action": "new",
    "side": "buy",
    "price": 65561.27248000001,
    "quantity": 0.04,
    "remaining_quantity": 0.04
  },
  {
    "event_id": "b1728da0675256e9c183174eda19c5a3508cdac1e8cae78fa2b75afd33a64abf",
    "schema_version": "1.0.0",
    "event_type": "agent_order",
    "source": "synthetic_agent",
    "symbol": "BTCUSDT",
    "exchange": "binance_usdm",
    "timestamp": "2024-05-01T00:00:00.460000Z",
    "sequence": 23,
    "scenario_id": "scenario-467-volatility_feedback",
    "agent_id": "agent-volatility_feedback",
    "order_id": "scenario-467-volatility_feedback-agent-volatility_feedback-23",
    "action": "new",
    "side": "sell",
    "price": 65371.41818,
    "quantity": 0.05,
    "remaining_quantity": 0.05
  },
  {
    "event_id": "e4a3005e2f538fc94005c60e82487d894e59be21fcf3a55ff0cbd894eb4476b4",
    "schema_version": "1.0.0",
    "event_type": "agent_order",
    "source": "synthetic_agent",
    "symbol": "BTCUSDT",
    "exchange": "binance_usdm",
    "timestamp": "2024-05-01T00:00:00.480000Z",
    "sequence": 24,
    "scenario_id": "scenario-467-volatility_feedback",
    "agent_id": "agent-volatility_feedback",
    "order_id": "scenario-467-volatility_feedback-agent-volatility_feedback-24",
    "action": "new",
    "side": "buy",
    "price": 65563.89116,
    "quantity": 0.02,
    "remaining_quantity": 0.02
  },
  {
    "event_id": "70183ffb6558c41f427f2b8c8884a0c1dd799ca991015543c56fd1580ecc6df7",
    "schema_version": "1.0.0",
    "event_type": "agent_order",
    "source": "synthetic_agent",
    "symbol": "BTCUSDT",
    "exchange": "binance_usdm",
    "timestamp": "2024-05-01T00:00:00.500000Z",
    "sequence": 25,
    "scenario_id": "scenario-467-volatility_feedback",
    "agent_id": "agent-volatility_feedback",
    "order_id": "scenario-467-volatility_feedback-agent-volatility_feedback-25",
    "action": "new",
    "side": "sell",
    "price": 65368.7995,
    "quantity": 0.03,
    "remaining_quantity": 0.03
  },
  {
    "event_id": "315b75f0cfbcbf568cedb73f6f2a34d7a1cf8bd6bf6bafd77aeaece37a02723a",
    "schema_version": "1.0.0",
    "event_type": "agent_order",
    "source": "synthetic_agent",
    "symbol": "BTCUSDT",
    "exchange": "binance_usdm",
    "timestamp": "2024-05-01T00:00:00.520000Z",
    "sequence": 26,
    "scenario_id": "scenario-467-volatility_feedback",
    "agent_id": "agent-volatility_feedback",
    "order_id": "scenario-467-volatility_feedback-agent-volatility_feedback-26",
    "action": "new",
    "side": "buy",
    "price": 65566.50984,
    "quantity": 0.04,
    "remaining_quantity": 0.04
  },
  {
    "event_id": "15a8d0a538cae77764046840249f77754e68891aa44af8e295a71ef12c6f2bee",
    "schema_version": "1.0.0",
    "event_type": "agent_order",
    "source": "synthetic_agent",
    "symbol": "BTCUSDT",
    "exchange": "binance_usdm",
    "timestamp": "2024-05-01T00:00:00.540000Z",
    "sequence": 27,
    "scenario_id": "scenario-467-volatility_feedback",
    "agent_id": "agent-volatility_feedback",
    "order_id": "scenario-467-volatility_feedback-agent-volatility_feedback-27",
    "action": "new",
    "side": "sell",
    "price": 65366.18082,
    "quantity": 0.05,
    "remaining_quantity": 0.05
  },
  {
    "event_id": "08d278b5491291a8294137da5b8142809d9689eb70ca35dd1d9598147fa37fe5",
    "schema_version": "1.0.0",
    "event_type": "agent_order",
    "source": "synthetic_agent",
    "symbol": "BTCUSDT",
    "exchange": "binance_usdm",
    "timestamp": "2024-05-01T00:00:00.560000Z",
    "sequence": 28,
    "scenario_id": "scenario-467-volatility_feedback",
    "agent_id": "agent-volatility_feedback",
    "order_id": "scenario-467-volatility_feedback-agent-volatility_feedback-28",
    "action": "new",
    "side": "buy",
    "price": 65569.12852,
    "quantity": 0.02,
    "remaining_quantity": 0.02
  },
  {
    "event_id": "69cdf9c6112a24650ab9778a3700c9ca0d52dabde9dd9d4923565352e29caa47",
    "schema_version": "1.0.0",
    "event_type": "agent_order",
    "source": "synthetic_agent",
    "symbol": "BTCUSDT",
    "exchange": "binance_usdm",
    "timestamp": "2024-05-01T00:00:00.580000Z",
    "sequence": 29,
    "scenario_id": "scenario-467-volatility_feedback",
    "agent_id": "agent-volatility_feedback",
    "order_id": "scenario-467-volatility_feedback-agent-volatility_feedback-29",
    "action": "new",
    "side": "sell",
    "price": 65363.56214,
    "quantity": 0.03,
    "remaining_quantity": 0.03
  }
]