[
  {
    "event_id": "006781de22dbff6155e3b0d382f5d0dd09b2feab8abfa0dc445e2c67ab15c82d",
    "schema_version": "1.0.0",
    "event_type": "agent_order",
    "source": "synthetic_agent",
    "symbol": "BTCUSDT",
    "exchange": "binance_usdm",
    "timestamp": "2024-05-01T00:00:00Z",
    "sequence": 0,
    "scenario_id": "scenario-379-coordinated_burst",
    "agent_id": "agent-coordinated_burst-0",
    "order_id": "scenario-379-coordinated_burst-agent-coordinated_burst-0-0",
    "action": "new",
    "side": "buy",
    "price": 65392.0758,
    "quantity": 0.04,
    "remaining_quantity": 0.04
  },
  {
    "event_id": "b7ee254b8d949cb7b3e6eae35de4c59df4a325f66e13b263121a137355f48ecb",
    "schema_version": "1.0.0",
    "event_type": "agent_order",
    "source": "synthetic_agent",
    "symbol": "BTCUSDT",
    "exchange": "binance_usdm",
    "timestamp": "2024-05-01T00:00:00.012000Z",
    "sequence": 1,
    "scenario_id": "scenario-379-coordinated_burst",
    "agent_id": "agent-coordinated_burst-1",
    "order_id": "scenario-379-coordinated_burst-agent-coordinated_burst-1-1",
    "action": "new",
    "side": "sell",
    "price": 65365.9242,
    "quantity": 0.04,
    "remaining_quantity": 0.04
  },
  {
    "event_id": "5691725de354185e31fe3b7f96649b376637bdb0bd6691136512994b21275184",
    "schema_version": "1.0.0",
    "event_type": "agent_order",
    "source": "synthetic_agent",
    "symbol": "BTCUSDT",
    "exchange": "binance_usdm",
    "timestamp": "2024-05-01T00:00:00.024000Z",
    "sequence": 2,
    "scenario_id": "scenario-379-coordinated_burst",
    "agent_id": "agent-coordinated_burst-2",
    "order_id": "scenario-379-coordinated_burst-agent-coordinated_burst-2-2",
    "action": "new",
    "side": "sell",
    "price": 65365.9242,
    "quantity": 0.04,
    "remaining_quantity": 0.04
  },
  {
    "event_id": "a1288498b3a9d5cab423151c9d15000187f2003048dc8040b6e078c7d06c2834",
    "schema_version": "1.0.0",
    "event_type": "agent_order",
    "source": "synthetic_agent",
    "symbol": "BTCUSDT",
    "exchange": "binance_usdm",
    "timestamp": "2024-05-01T00:00:00.036000Z",
    "sequence": 3,
    "scenario_id": "scenario-379-coordinated_burst",
    "agent_id": "agent-coordinated_burst-0",
    "order_id": "scenario-379-coordinated_burst-agent-coordinated_burst-0-3",
    "action": "new",
    "side": "buy",
    "price": 65392.0758,
    "quantity": 0.04,
    "remaining_quantity": 0.04
  },
  {
    "event_id": "7e50e12d64d39a3e33e85f117eca17201955f58510a3ac3e480abd3cca806f0e",
    "schema_version": "1.0.0",
    "event_type": "agent_order",
    "source": "synthetic_agent",
    "symbol": "BTCUSDT",
    "exchange": "binance_usdm",
    "timestamp": "2024-05-01T00:00:00.048000Z",
    "sequence": 4,
    "scenario_id": "scenario-379-coordinated_burst",
    "agent_id": "agent-coordinated_burst-1",
    "order_id": "scenario-379-coordinated_burst-agent-coordinated_burst-1-4",
    "action": "new",
    "side": "sell",
    "price": 65365.9242,
    "quantity": 0.04,
    "remaining_quantity": 0.04
  },
  {
    "event_id": "6273eea46a77c94985c3b3aa8611325d8626b2d18c894b9358f23b519af4bf46",
    "schema_version": "1.0.0",
    "event_type": "agent_order",
    "source": "synthetic_agent",
    "symbol": "BTCUSDT",
    "exchange": "binance_usdm",
    "timestamp": "2024-05-01T00:00:00.600000Z",
    "sequence": 5,
    "scenario_id": "scenario-379-coordinated_burst",
    "agent_id": "agent-coordinated_burst-2",
    "order_id": "scenario-379-coordinated_burst-agent-coordinated_burst-2-5",
    "action": "new",
    "side": "sell",
    "price": 65365.9242,
    "quantity": 0.04,
    "remaining_quantity": 0.04
  },
  {
    "event_id": "ff21eee13927856d52eb2de9fd28100b1d8a459ab94c894bdf29e318f0eb537d",
    "schema_version": "1.0.0",
    "event_type": "agent_order",
    "source": "synthetic_agent",
    "symbol": "BTCUSDT",
    "exchange": "binance_usdm",
    "timestamp": "2024-05-01T00:00:00.072000Z",
    "sequence": 6,
    "scenario_id": "scenario-379-coordinated_burst",
    "agent_id": "agent-coordinated_burst-0",
    "order_id": "scenario-379-coordinated_burst-agent-coordinated_burst-0-6",
    "action": "new",
    "side": "buy",
    "price": 65392.0758,
    "quantity": 0.04,
    "remaining_quantity": 0.04
  },
  {
    "event_id": "73d70f14d08ef84c00e4558de0baf29f42f4d1f0f0d4db38474caca07c35e51a",
    "schema_version": "1.0.0",
    "event_type": "agent_order",
    "source": "synthetic_agent",
    "symbol": "BTCUSDT",
    "exchange": "binance_usdm",
    "timestamp": "2024-05-01T00:00:00.084000Z",
    "sequence": 7,
    "scenario_id": "scenario-379-coordinated_burst",
    "agent_id": "agent-coordinated_burst-1",
    "order_id": "scenario-379-coordinated_burst-agent-coordinated_burst-1-7",
    "action": "new",
    "side": "sell",
    "price": 65365.9242,
    "quantity": 0.04,
    "remaining_quantity": 0.04
  },
  {
    "event_id": "89599e002f377a359d265c748eebf8f575fdc76813c133e573b2afb69f3fd75d",
    "schema_version": "1.0.0",
    "event_type": "agent_order",
    "source": "synthetic_agent",
    "symbol": "BTCUSDT",
    "exchange": "binance_usdm",
    "timestamp": "2024-05-01T00:00:00.096000Z",
    "sequence": 8,
    "scenario_id": "scenario-379-coordinated_burst",
    "agent_id": "agent-coordinated_burst-2",
    "order_id": "scenario-379-coordinated_burst-agent-coordinated_burst-2-8",
    "action": "new",
    "side": "sell",
    "price": 65365.9242,
    "quantity": 0.04,
    "remaining_quantity": 0.04
  },
  {
    "event_id": "3d4d9e78056397ba6cccfb815e4f78d71f3ec0cbae6843d76298c1c71798a452",
    "schema_version": "1.0.0",
    "event_type": "agent_order",
    "source": "synthetic_agent",
    "symbol": "BTCUSDT",
    "exchange": "binance_usdm",
    "timestamp": "2024-05-01T00:00:00.108000Z",
    "sequence": 9,
    "scenario_id": "scenario-379-coordinated_burst",
    "agent_id": "agent-coordinated_burst-0",
    "order_id": "scenario-379-coordinated_burst-agent-coordinated_burst-0-9",
    "action": "new",
    "side": "buy",
    "price": 65392.0758,
    "quantity": 0.04,
    "remaining_quantity": 0.04
  },
  {
    "event_id": "c950dff545a8335f6cdda201d5418fcea7891019173107892f0c7ae35de1a373",
    "schema_version": "1.0.0",
    "event_type": "agent_order",
    "source": "synthetic_agent",
    "symbol": "BTCUSDT",
    "exchange": "binance_usdm",
    "timestamp": "2024-05-01T00:00:01.200000Z",
    "sequence": 10,
    "scenario_id": "scenario-379-coordinated_burst",
    "agent_id": "agent-coordinated_burst-1",
    "order_id": "scenario-379-coordinated_burst-agent-coordinated_burst-1-10",
    "action": "new",
    "side": "sell",
    "price": 65365.9242,
    "quantity": 0.04,
    "remaining_quantity": 0.04
  },
  {
    "event_id": "c84c87ad5195020c404f2ced1eb17304669178fb60de2f275377e40a7ce62eb4",
    "schema_version": "1.0.0",
    "event_type": "agent_order",
    "source": "synthetic_agent",
    "symbol": "BTCUSDT",
    "exchange": "binance_usdm",
    "timestamp": "2024-05-01T00:00:00.132000Z",
    "sequence": 11,
    "scenario_id": "scenario-379-coordinated_burst",
    "agent_id": "agent-coordinated_burst-2",
    "order_id": "scenario-379-coordinated_burst-agent-coordinated_burst-2-11",
    "action": "new",
    "side": "sell",
    "price": 65365.9242,
    "quantity": 0.04,
    "remaining_quantity": 0.04
  },
  {
    "event_id": "cd2dd3bcfb2dd86decc46ae0a1ac8f6997c4af0fabc067d1ffc99f2b212d3db4",
    "schema_version": "1.0.0",
    "event_type": "agent_order",
    "source": "synthetic_agent",
    "symbol": "BTCUSDT",
    "exchange": "binance_usdm",
    "timestamp": "2024-05-01T00:00:00.144000Z",
    "sequence": 12,
    "scenario_id": "scenario-379-coordinated_burst",
    "agent_id": "agent-coordinated_burst-0",
    "order_id": "scenario-379-coordinated_burst-agent-coordinated_burst-0-12",
    "action": "new",
    "side": "buy",
    "price": 65392.0758,
    "quantity": 0.04,
    "remaining_quantity": 0.04
  },
  {
    "event_id": "bc5f705ab2acca95370aa890a1e7f39f099cd40542d97534539ef485a59ce812",
    "schema_version": "1.0.0",
    "event_type": "agent_order",
    "source": "synthetic_agent",
    "symbol": "BTCUSDT",
    "exchange": "binance_usdm",
    "timestamp": "2024-05-01T00:00:00.156000Z",
    "sequence": 13,
    "scenario_id": "scenario-379-coordinated_burst",
    "agent_id": "agent-coordinated_burst-1",
    "order_id": "scenario-379-coordinated_burst-agent-coordinated_burst-1-13",
    "action": "new",
    "side": "sell",
    "price": 65365.9242,
    "quantity": 0.04,
    "remaining_quantity": 0.04
  },
  {
    "event_id": "f2cd9fba589bf1a6b6685e903fa08481847a12a5a3b7d65e75a464428a9de552",
    "schema_version": "1.0.0",
    "event_type": "agent_order",
    "source": "synthetic_agent",
    "symbol": "BTCUSDT",
    "exchange": "binance_usdm",
    "timestamp": "2024-05-01T00:00:00.168000Z",
    "sequence": 14,
    "scenario_id": "scenario-379-coordinated_burst",
    "agent_id": "agent-coordinated_burst-2",
    "order_id": "scenario-379-coordinated_burst-agent-coordinated_burst-2-14",
    "action": "new",
    "side": "sell",
    "price": 65365.9242,
    "quantity": 0.04,
    "remaining_quantity": 0.04
  },
  {
    "event_id": "8142d6b4f1f6c52c2b05203b38c0e6e643a17ff961bc21f81c6f9365b1bf9ee9",
    "schema_version": "1.0.0",
    "event_type": "agent_order",
    "source": "synthetic_agent",
    "symbol": "BTCUSDT",
    "exchange": "binance_usdm",
    "timestamp": "2024-05-01T00:00:01.800000Z",
    "sequence": 15,
    "scenario_id": "scenario-379-coordinated_burst",
    "agent_id": "agent-coordinated_burst-0",
    "order_id": "scenario-379-coordinated_burst-agent-coordinated_burst-0-15",
    "action": "new",
    "side": "buy",
    "price": 65392.0758,
    "quantity": 0.04,
    "remaining_quantity": 0.04
  },
  {
    "event_id": "7a686735871342ba6ac7369bcdc62f1f51f40d36ce8495bffe1d9726c20a8bc1",
    "schema_version": "1.0.0",
    "event_type": "agent_order",
    "source": "synthetic_agent",
    "symbol": "BTCUSDT",
    "exchange": "binance_usdm",
    "timestamp": "2024-05-01T00:00:00.192000Z",
    "sequence": 16,
    "scenario_id": "scenario-379-coordinated_burst",
    "agent_id": "agent-coordinated_burst-1",
    "order_id": "scenario-379-coordinated_burst-agent-coordinated_burst-1-16",
    "action": "new",
    "side": "sell",
    "price": 65365.9242,
    "quantity": 0.04,
    "remaining_quantity": 0.04
  },
  {
    "event_id": "dde18ee9b627520231388218e8ce7e5d4af8338471027281f0937907e33b1493",
    "schema_version": "1.0.0",
    "event_type": "agent_order",
    "source": "synthetic_agent",
    "symbol": "BTCUSDT",
    "exchange": "binance_usdm",
    "timestamp": "2024-05-01T00:00:00.204000Z",
    "sequence": 17,
    "scenario_id": "scenario-379-coordinated_burst",
    "agent_id": "agent-coordinated_burst-2",
    "order_id": "scenario-379-coordinated_burst-agent-coordinated_burst-2-17",
    "action": "new",
    "side": "sell",
    "price": 65365.9242,
    "quantity": 0.04,
    "remaining_quantity": 0.04
  },
  {
    "event_id": "ae65aa42a5972f4fcfad0be2287201cb60baf8bb0cdeb10bbf130c8628ef9fe0",
    "schema_version": "1.0.0",
    "event_type": "agent_order",
    "source": "synthetic_agent",
    "symbol": "BTCUSDT",
    "exchange": "binance_usdm",
    "timestamp": "2024-05-01T00:00:00.216000Z",
    "sequence": 18,
    "scenario_id": "scenario-379-coordinated_burst",
    "agent_id": "agent-coordinated_burst-0",
    "order_id": "scenario-379-coordinated_burst-agent-coordinated_burst-0-18",
    "action": "new",
    "side": "buy",
    "price": 65392.0758,
    "quantity": 0.04,
    "remaining_quantity": 0.04
  },
  {
    "event_id": "b3fb1cf1ca1e74f32385845cb97905d23ac2f95ff565f4480f18c19b7418df15",
    "schema_version": "1.0.0",
    "event_type": "agent_order",
    "source": "synthetic_agent",
    "symbol": "BTCUSDT",
    "exchange": "binance_usdm",
    "timestamp": "2024-05-01T00:00:00.228000Z",
    "sequence": 19,
    "scenario_id": "scenario-379-coordinated_burst",
    "agent_id": "agent-coordinated_burst-1",
    "order_id": "scenario-379-coordinated_burst-agent-coordinated_burst-1-19",
    "action": "new",
    "side": "sell",
    "price": 65365.9242,
    "quantity": 0.04,
    "remaining_quantity": 0.04
  },
  {
    "event_id": "4d630dee7c2cb9240b457527fb8342d4af75800b98bb31c1c214f689b3888534",
    "schema_version": "1.0.0",
    "event_type": "agent_order",
    "source": "synthetic_agent",
    "symbol": "BTCUSDT",
    "exchange": "binance_usdm",
    "timestamp": "2024-05-01T00:00:02.400000Z",
    "sequence": 20,
    "scenario_id": "scenario-379-coordinated_burst",
    "agent_id": "agent-coordinated_burst-2",
    "order_id": "scenario-379-coordinated_burst-agent-coordinated_burst-2-20",
    "action": "new",
    "side": "sell",
    "price": 65365.9242,
    "quantity": 0.04,
    "remaining_quantity": 0.04
  },
  {
    "event_id": "3e8f1a595f847d2b9bd2fa0d1128f8ec058b7e2879e4272b234ac78c9e4a2200",
    "schema_version": "1.0.0",
    "event_type": "agent_order",
    "source": "synthetic_agent",
    "symbol": "BTCUSDT",
    "exchange": "binance_usdm",
    "timestamp": "2024-05-01T00:00:00.252000Z",
    "sequence": 21,
    "scenario_id": "scenario-379-coordinated_burst",
    "agent_id": "agent-coordinated_burst-0",
    "order_id": "scenario-379-coordinated_burst-agent-coordinated_burst-0-21",
    "action": "new",
    "side": "buy",
    "price": 65392.0758,
    "quantity": 0.04,
    "remaining_quantity": 0.04
  },
  {
    "event_id": "706d9fde777ad435148a5931d478b46a6df6cc665bf908a88f8d15284fd56901",
    "schema_version": "1.0.0",
    "event_type": "agent_order",
    "source": "synthetic_agent",
    "symbol": "BTCUSDT",
    "exchange": "binance_usdm",
    "timestamp": "2024-05-01T00:00:00.264000Z",
    "sequence": 22,
    "scenario_id": "scenario-379-coordinated_burst",
    "agent_id": "agent-coordinated_burst-1",
    "order_id": "scenario-379-coordinated_burst-agent-coordinated_burst-1-22",
    "action": "new",
    "side": "sell",
    "price": 65365.9242,
    "quantity": 0.04,
    "remaining_quantity": 0.04
  },
  {
    "event_id": "bc583a27981625f0705e037a12f0e8899855a88c662891e37e27cfe0d32276b1",
    "schema_version": "1.0.0",
    "event_type": "agent_order",
    "source": "synthetic_agent",
    "symbol": "BTCUSDT",
    "exchange": "binance_usdm",
    "timestamp": "2024-05-01T00:00:00.276000Z",
    "sequence": 23,
    "scenario_id": "scenario-379-coordinated_burst",
    "agent_id": "agent-coordinated_burst-2",
    "order_id": "scenario-379-coordinated_burst-agent-coordinated_burst-2-23",
    "action": "new",
    "side": "sell",
    "price": 65365.9242,
    "quantity": 0.04,
    "remaining_quantity": 0.04
  },
  {
    "event_id": "4ad1f9b0a27d5cd51002bc3df3fbf6f1eb1e48cc8141349ac30bba481055e726",
    "schema_version": "1.0.0",
    "event_type": "agent_order",
    "source": "synthetic_agent",
    "symbol": "BTCUSDT",
    "exchange": "binance_usdm",
    "timestamp": "2024-05-01T00:00:00.288000Z",
    "sequence": 24,
    "scenario_id": "scenario-379-coordinated_burst",
    "agent_id": "agent-coordinated_burst-0",
    "order_id": "scenario-379-coordinated_burst-agent-coordinated_burst-0-24",
    "action": "new",
    "side": "buy",
    "price": 65392.0758,
    "quantity": 0.04,
    "remaining_quantity": 0.04
  },
  {
    "event_id": "c30b4eb327269b27135befced5fa4960120db6da339587c5dd5df2fa26ff34a0",
    "schema_version": "1.0.0",
    "event_type": "agent_order",
    "source": "synthetic_agent",
    "symbol": "BTCUSDT",
    "exchange": "binance_usdm",
    "timestamp": "2024-05-01T00:00:03Z",
    "sequence": 25,
    "scenario_id": "scenario-379-coordinated_burst",
    "agent_id": "agent-coordinated_burst-1",
    "order_id": "scenario-379-coordinated_burst-agent-coordinated_burst-1-25",
    "action": "new",
    "side": "sell",
    "price": 65365.9242,
    "quantity": 0.04,
    "remaining_quantity": 0.04
  },
  {
    "event_id": "f106441eb87a8e08007a92006ae402b870244876e3cd6d28b2d5ed304c936d5f",
    "schema_version": "1.0.0",
    "event_type": "agent_order",
    "source": "synthetic_agent",
    "symbol": "BTCUSDT",
    "exchange": "binance_usdm",
    "timestamp": "2024-05-01T00:00:00.312000Z",
    "sequence": 26,
    "scenario_id": "scenario-379-coordinated_burst",
    "agent_id": "agent-coordinated_burst-2",
    "order_id": "scenario-379-coordinated_burst-agent-coordinated_burst-2-26",
    "action": "new",
    "side": "sell",
    "price": 65365.9242,
    "quantity": 0.04,
    "remaining_quantity": 0.04
  },
  {
    "event_id": "6a5c6ed7b3aceaaa04629212a55dc3c989f0e1741a6d6e3faa76ae2e8a8af2d6",
    "schema_version": "1.0.0",
    "event_type": "agent_order",
    "source": "synthetic_agent",
    "symbol": "BTCUSDT",
    "exchange": "binance_usdm",
    "timestamp": "2024-05-01T00:00:00.324000Z",
    "sequence": 27,
    "scenario_id": "scenario-379-coordinated_burst",
    "agent_id": "agent-coordinated_burst-0",
    "order_id": "scenario-379-coordinated_burst-agent-coordinated_burst-0-27",
    "action": "new",
    "side": "buy",
    "price": 65392.0758,
    "quantity": 0.04,
    "remaining_quantity": 0.04
  },
  {
    "event_id": "bcc9d3d0f679c45aec599f50e64689a157349776c2452adf133130eacc7efc2d",
    "schema_version": "1.0.0",
    "event_type": "agent_order",
    "source": "synthetic_agent",
    "symbol": "BTCUSDT",
    "exchange": "binance_usdm",
    "timestamp": "2024-05-01T00:00:00.336000Z",
    "sequence": 28,
    "scenario_id": "scenario-379-coordinated_burst",
    "agent_id": "agent-coordinated_burst-1",
    "order_id": "scenario-379-coordinated_burst-agent-coordinated_burst-1-28",
    "action": "new",
    "side": "sell",
    "price": 65365.9242,
    "quantity": 0.04,
    "remaining_quantity": 0.04
  },
  {
    "event_id": "70b978a01c30491c0396ebef959db958b6dcc74a557ff6be85f3445d0581305b",
    "schema_version": "1.0.0",
    "event_type": "agent_order",
    "source": "synthetic_agent",
    "symbol": "BTCUSDT",
    "exchange": "binance_usdm",
    "timestamp": "2024-05-01T00:00:00.348000Z",
    "sequence": 29,
    "scenario_id": "scenario-379-coordinated_burst",
    "agent_id": "agent-coordinated_burst-2",
    "order_id": "scenario-379-coordinated_burst-agent-coordinated_burst-2-29",
    "action": "new",
    "side": "sell",
    "price": 65365.9242,
    "quantity": 0.04,
    "remaining_quantity": 0.04
  }
]