[
  {
    "event_id": "cbe76fc986af21017423b767f339f2abfc375db7d2ff28e77093e25c85ab7a0a",
    "schema_version": "1.0.0",
    "event_type": "agent_order",
    "source": "synthetic_agent",
    "symbol": "BTCUSDT",
    "exchange": "binance_usdm",
    "timestamp": "2024-05-01T00:00:00Z",
    "sequence": 0,
    "scenario_id": "scenario-365-momentum_ignition",
    "agent_id": "agent-momentum_ignition",
    "order_id": "scenario-365-momentum_ignition-agent-momentum_ignition-0",
    "action": "new",
    "side": "buy",
    "price": 65430.36499999999,
    "quantity": 0.08,
    "remaining_quantity": 0.08
  },
  {
    "event_id": "26827389872cd83904a5995dd18550bc459e537faa1916357c520868ae9c7034",
    "schema_version": "1.0.0",
    "event_type": "agent_order",
    "source": "synthetic_agent",
    "symbol": "BTCUSDT",
    "exchange": "binance_usdm",
    "timestamp": "2024-05-01T00:00:00.080000Z",
    "sequence": 1,
    "scenario_id": "scenario-365-momentum_ignition",
    "agent_id": "agent-momentum_ignition",
    "order_id": "scenario-365-momentum_ignition-agent-momentum_ignition-1",
    "action": "new",
    "side": "buy",
    "price": 65431.672299999984,
    "quantity": 0.08,
    "remaining_quantity": 0.08
  },
  {
    "event_id": "324a6e4cd00ce024144b7a642d0ca4e3db481af0cf3ce8a552cbde3d92982622",
    "schema_version": "1.0.0",
    "event_type": "agent_order",
    "source": "synthetic_agent",
    "symbol": "BTCUSDT",
    "exchange": "binance_usdm",
    "timestamp": "2024-05-01T00:00:00.160000Z",
    "sequence": 2,
    "scenario_id": "scenario-365-momentum_ignition",
    "agent_id": "agent-momentum_ignition",
    "order_id": "scenario-365-momentum_ignition-agent-momentum_ignition-2",
    "action": "new",
    "side": "buy",
    "price": 65432.9796,
    "quantity": 0.08,
    "remaining_quantity": 0.08
  },
  {
    "event_id": "9cef48baecd201433a7d5d541858686303d0544ca7b04802e456a65d83007747",
    "schema_version": "1.0.0",
    "event_type": "agent_order",
    "source": "synthetic_agent",
    "symbol": "BTCUSDT",
    "exchange": "binance_usdm",
    "timestamp": "2024-05-01T00:00:00.240000Z",
    "sequence": 3,
    "scenario_id": "scenario-365-momentum_ignition",
    "agent_id": "agent-momentum_ignition",
    "order_id": "scenario-365-momentum_ignition-agent-momentum_ignition-3",
    "action": "new",
    "side": "buy",
    "price": 65434.28689999999,
    "quantity": 0.08,
    "remaining_quantity": 0.08
  },
  {
    "event_id": "0790b046c3cc92b5803fd5ac65a2ce2c9300ba73b9f0e9078f1bc71e868654f6",
    "schema_version": "1.0.0",
    "event_type": "agent_order",
    "source": "synthetic_agent",
    "symbol": "BTCUSDT",
    "exchange": "binance_usdm",
    "timestamp": "2024-05-01T00:00:00.320000Z",
    "sequence": 4,
    "scenario_id": "scenario-365-momentum_ignition",
    "agent_id": "agent-momentum_ignition",
    "order_id": "scenario-365-momentum_ignition-agent-momentum_ignition-4",
    "action": "new",
    "side": "buy",
    "price": 65435.5942,
    "quantity": 0.08,
    "remaining_quantity": 0.08
  },
  {
    "event_id": "5b348277b2c3bec2f70e425d47f3e8324dc4e0197b4865cd6a31c29015c4d11f",
    "schema_version": "1.0.0",
    "event_type": "agent_order",
    "source": "synthetic_agent",
    "symbol": "BTCUSDT",
    "exchange": "binance_usdm",
    "timestamp": "2024-05-01T00:00:00.400000Z",
    "sequence": 5,
    "scenario_id": "scenario-365-momentum_ignition",
    "agent_id": "agent-momentum_ignition",
    "order_id": "scenario-365-momentum_ignition-agent-momentum_ignition-5",
    "action": "new",
    "side": "buy",
    "price": 65436.90149999999,
    "quantity": 0.08,
    "remaining_quantity": 0.08
  },
  {
    "event_id": "9c760d33980857a872b33208145f7508ad280e5d78c2c9c5a2756ee2aaad26d8",
    "schema_version": "1.0.0",
    "event_type": "agent_order",
    "source": "synthetic_agent",
    "symbol": "BTCUSDT",
    "exchange": "binance_usdm",
    "timestamp": "2024-05-01T00:00:00.480000Z",
    "sequence": 6,
    "scenario_id": "scenario-365-momentum_ignition",
    "agent_id": "agent-momentum_ignition",
    "order_id": "scenario-365-momentum_ignition-agent-momentum_ignition-6",
    "action": "new",
    "side": "buy",
    "price": 65438.208799999986,
    "quantity": 0.08,
    "remaining_quantity": 0.08
  },
  {
    "event_id": "bec6dc06d802f72158da461888362a2fc4e26c87f7be79371d84cf2030a33511",
    "schema_version": "1.0.0",
    "event_type": "agent_order",
    "source": "synthetic_agent",
    "symbol": "BTCUSDT",
    "exchange": "binance_usdm",
    "timestamp": "2024-05-01T00:00:00.560000Z",
    "sequence": 7,
    "scenario_id": "scenario-365-momentum_ignition",
    "agent_id": "agent-momentum_ignition",
    "order_id": "scenario-365-momentum_ignition-agent-momentum_ignition-7",
    "action": "new",
    "side": "buy",
    "price": 65439.51609999999,
    "quantity": 0.08,
    "remaining_quantity": 0.08
  },
  {
    "event_id": "c341f6c5cb0173a88ad0fc504c7ae6097eb73f9cef75a6d2c3e85891d68642e2",
    "schema_version": "1.0.0",
    "event_type": "agent_order",
    "source": "synthetic_agent",
    "symbol": "BTCUSDT",
    "exchange": "binance_usdm",
    "timestamp": "2024-05-01T00:00:00.640000Z",
    "sequence": 8,
    "scenario_id": "scenario-365-momentum_ignition",
    "agent_id": "agent-momentum_ignition",
    "order_id": "scenario-365-momentum_ignition-agent-momentum_ignition-8",
    "action": "new",
    "side": "buy",
    "price": 65440.82339999999,
    "quantity": 0.08,
    "remaining_quantity": 0.08
  },
  {
    "event_id": "c32f025fae98cfc24c565f397757b105f570e79a87a7df8aa91f4fe6c8e6f51f",
    "schema_version": "1.0.0",
    "event_type": "agent_order",
    "source": "synthetic_agent",
    "symbol": "BTCUSDT",
    "exchange": "binance_usdm",
    "timestamp": "2024-05-01T00:00:00.720000Z",
    "sequence": 9,
    "scenario_id": "scenario-365-momentum_ignition",
    "agent_id": "agent-momentum_ignition",
    "order_id": "scenario-365-momentum_ignition-agent-momentum_ignition-9",
    "action": "new",
    "side": "buy",
    "price": 65442.130699999994,
    "quantity": 0.08,
    "remaining_quantity": 0.08
  },
  {
    "event_id": "2b79a6a86942c74cbf72a68eda679fc20d1aa010cbb14623e1f5642778d89ae7",
    "schema_version": "1.0.0",
    "event_type": "agent_order",
    "source": "synthetic_agent",
    "symbol": "BTCUSDT",
    "exchange": "binance_usdm",
    "timestamp": "2024-05-01T00:00:00.800000Z",
    "sequence": 10,
    "scenario_id": "scenario-365-momentum_ignition",
    "agent_id": "agent-momentum_ignition",
    "order_id": "scenario-365-momentum_ignition-agent-momentum_ignition-10",
    "action": "new",
    "side": "buy",
    "price": 65443.437999999995,
    "quantity": 0.08,
    "remaining_quantity": 0.08
  },
  {
    "event_id": "1506e04bbeab2b72bd7cf7156ecb7051b10f2c0843a45c0cf23a333b832b294e",
    "schema_version": "1.0.0",
    "event_type": "agent_order",
    "source": "synthetic_agent",
    "symbol": "BTCUSDT",
    "exchange": "binance_usdm",
    "timestamp": "2024-05-01T00:00:00.880000Z",
    "sequence": 11,
    "scenario_id": "scenario-365-momentum_ignition",
    "agent_id": "agent-momentum_ignition",
    "order_id": "scenario-365-momentum_ignition-agent-momentum_ignition-11",
    "action": "new",
    "side": "buy",
    "price": 65444.7453,
    "quantity": 0.08,
    "remaining_quantity": 0.08
  },
  {
    "event_id": "cc5fdcc11db05b4976ef04bf2d1a402d0cd2930a926fede50aefd0b2216190fb",
    "schema_version": "1.0.0",
    "event_type": "agent_order",
    "source": "synthetic_agent",
    "symbol": "BTCUSDT",
    "exchange": "binance_usdm",
    "timestamp": "2024-05-01T00:00:00.960000Z",
    "sequence": 12,
    "scenario_id": "scenario-365-momentum_ignition",
    "agent_id": "agent-momentum_ignition",
    "order_id": "scenario-365-momentum_ignition-agent-momentum_ignition-12",
    "action": "new",
    "side": "buy",
    "price": 65446.052599999995,
    "quantity": 0.08,
    "remaining_quantity": 0.08
  },
  {
    "event_id": "99ab111fb38ebbd60c59bb10b6d6d874ddc573e1f3cc78b4c82bf1ab90296c71",
    "schema_version": "1.0.0",
    "event_type": "agent_order",
    "source": "synthetic_agent",
    "symbol": "BTCUSDT",
    "exchange": "binance_usdm",
    "timestamp": "2024-05-01T00:00:01.040000Z",
    "sequence": 13,
    "scenario_id": "scenario-365-momentum_ignition",
    "agent_id": "agent-momentum_ignition",
    "order_id": "scenario-365-momentum_ignition-agent-momentum_ignition-13",
    "action": "new",
    "side": "buy",
    "price": 65447.35989999999,
    "quantity": 0.08,
    "remaining_quantity": 0.08
  },
  {
    "event_id": "dc64116070e6c69da7ff6965380d6d839c972ab4a56309c07b260dde777b2b11",
    "schema_version": "1.0.0",
    "event_type": "agent_order",
    "source": "synthetic_agent",
    "symbol": "BTCUSDT",
    "exchange": "binance_usdm",
    "timestamp": "2024-05-01T00:00:01.120000Z",
    "sequence": 14,
    "scenario_id": "scenario-365-momentum_ignition",
    "agent_id": "agent-momentum_ignition",
    "order_id": "scenario-365-momentum_ignition-agent-momentum_ignition-14",
    "action": "new",
    "side": "buy",
    "price": 65448.667199999996,
    "quantity": 0.08,
    "remaining_quantity": 0.08
  },
  {
    "event_id": "787e01e7072bad53213c9fb01ad288be427394fa6b2ac9c2c9ff13a2f73cbe51",
    "schema_version": "1.0.0",
    "event_type": "agent_order",
    "source": "synthetic_agent",
    "symbol": "BTCUSDT",
    "exchange": "binance_usdm",
    "timestamp": "2024-05-01T00:00:01.200000Z",
    "sequence": 15,
    "scenario_id": "scenario-365-momentum_ignition",
    "agent_id": "agent-momentum_ignition",
    "order_id": "scenario-365-momentum_ignition-agent-momentum_ignition-15",
    "action": "new",
    "side": "buy",
    "price": 65449.97449999999,
    "quantity": 0.08,
    "remaining_quantity": 0.08
  },
  {
    "event_id": "db6cecbb417793de3b5c5961659d95be4aea9a342607c1a218a656237d3eb125",
    "schema_version": "1.0.0",
    "event_type": "agent_order",
    "source": "synthetic_agent",
    "symbol": "BTCUSDT",
    "exchange": "binance_usdm",
    "timestamp": "2024-05-01T00:00:01.280000Z",
    "sequence": 16,
    "scenario_id": "scenario-365-momentum_ignition",
    "agent_id": "agent-momentum_ignition",
    "order_id": "scenario-365-momentum_ignition-agent-momentum_ignition-16",
    "action": "new",
    "side": "buy",
    "price": 65451.2818,
    "quantity": 0.08,
    "remaining_quantity": 0.08
  },
  {
    "event_id": "7ac081669bdd91180709469b24664dc2cd6945f3e03834be434ea7b9071103ab",
    "schema_version": "1.0.0",
    "event_type": "agent_order",
    "source": "synthetic_agent",
    "symbol": "BTCUSDT",
    "exchange": "binance_usdm",
    "timestamp": "2024-05-01T00:00:01.360000Z",
    "sequence": 17,
    "scenario_id": "scenario-365-momentum_ignition",
    "agent_id": "agent-momentum_ignition",
    "order_id": "scenario-365-momentum_ignition-agent-momentum_ignition-17",
    "action": "new",
    "side": "buy",
    "price": 65452.58909999999,
    "quantity": 0.08,
    "remaining_quantity": 0.08
  },
  {
    "event_id": "cb6333a999c027515ab7f88a7ace807b359cc4eca6dbed4c9dd8657f7f9f1ce6",
    "schema_version": "1.0.0",
    "event_type": "agent_order",
    "source": "synthetic_agent",
    "symbol": "BTCUSDT",
    "exchange": "binance_usdm",
    "timestamp": "2024-05-01T00:00:01.440000Z",
    "sequence": 18,
    "scenario_id": "scenario-365-momentum_ignition",
    "agent_id": "agent-momentum_ignition",
    "order_id": "scenario-365-momentum_ignition-agent-momentum_ignition-18",
    "action": "new",
    "side": "buy",
    "price": 65453.89639999999,
    "quantity": 0.08,
    "remaining_quantity": 0.08
  },
  {
    "event_id": "31e86f7a07c3d0f9fbb1ccdd0580f5070cc38248464c0258554770b06523333c",
    "schema_version": "1.0.0",
    "event_type": "agent_order",
    "source": "synthetic_agent",
    "symbol": "BTCUSDT",
    "exchange": "binance_usdm",
    "timestamp": "2024-05-01T00:00:01.520000Z",
    "sequence": 19,
    "scenario_id": "scenario-365-momentum_ignition",
    "agent_id": "agent-momentum_ignition",
    "order_id": "scenario-365-momentum_ignition-agent-momentum_ignition-19",
    "action": "new",
    "side": "buy",
    "price": 65455.2037,
    "quantity": 0.08,
    "remaining_quantity": 0.08
  },
  {
    "event_id": "5aaa191255deadbe81df09f571a8942cb094311c6f2af198d35a7362bfa7f2be",
    "schema_version": "1.0.0",
    "event_type": "agent_order",
    "source": "synthetic_agent",
    "symbol": "BTCUSDT",
    "exchange": "binance_usdm",
    "timestamp": "2024-05-01T00:00:01.600000Z",
    "sequence": 20,
    "scenario_id": "scenario-365-momentum_ignition",
    "agent_id": "agent-momentum_ignition",
    "order_id": "scenario-365-momentum_ignition-agent-momentum_ignition-20",
    "action": "new",
    "side": "buy",
    "price": 65456.51099999999,
    "quantity": 0.08,
    "remaining_quantity": 0.08
  },
  {
    "event_id": "89e8ae8af14a9dfc0ac1dcf07d934393fe5693d231e62fca3bdcc166a35154a2",
    "schema_version": "1.0.0",
    "event_type": "agent_order",
    "source": "synthetic_agent",
    "symbol": "BTCUSDT",
    "exchange": "binance_usdm",
    "timestamp": "2024-05-01T00:00:01.680000Z",
    "sequence": 21,
    "scenario_id": "scenario-365-momentum_ignition",
    "agent_id": "agent-momentum_ignition",
    "order_id": "scenario-365-momentum_ignition-agent-momentum_ignition-21",
    "action": "new",
    "side": "buy",
    "price": 65457.8183,
    "quantity": 0.08,
    "remaining_quantity": 0.08
  },
  {
    "event_id": "908de8a6b7b1cce0c95a33450300aee30d4a2f1805f821608a2564ea817e4d6f",
    "schema_version": "1.0.0",
    "event_type": "agent_order",
    "source": "synthetic_agent",
    "symbol": "BTCUSDT",
    "exchange": "binance_usdm",
    "timestamp": "2024-05-01T00:00:01.760000Z",
    "sequence": 22,
    "scenario_id": "scenario-365-momentum_ignition",
    "agent_id": "agent-momentum_ignition",
    "order_id": "scenario-365-momentum_ignition-agent-momentum_ignition-22",
    "action": "new",
    "side": "buy",
    "price": 65459.12559999999,
    "quantity": 0.08,
    "remaining_quantity": 0.08
  },
  {
    "event_id": "2d078b0e7af1380f413dfa500c81a36cb3c799c5794ec654c4356f1ccbe7d548",
    "schema_version": "1.0.0",
    "event_type": "agent_order",
    "source": "synthetic_agent",
    "symbol": "BTCUSDT",
    "exchange": "binance_usdm",
    "timestamp": "2024-05-01T00:00:01.840000Z",
    "sequence": 23,
    "scenario_id": "scenario-365-momentum_ignition",
    "agent_id": "agent-momentum_ignition",
    "order_id": "scenario-365-momentum_ignition-agent-momentum_ignition-23",
    "action": "new",
    "side": "buy",
    "price": 65460.432899999985,
    "quantity": 0.08,
    "remaining_quantity": 0.08
  },
  {
    "event_id": "f4ad9776a57c55e85443f0967d4774d6dd04fa94429b31a7f902cc055460cdea",
    "schema_version": "1.0.0",
    "event_type": "agent_order",
    "source": "synthetic_agent",
    "symbol": "BTCUSDT",
    "exchange": "binance_usdm",
    "timestamp": "2024-05-01T00:00:01.920000Z",
    "sequence": 24,
    "scenario_id": "scenario-365-momentum_ignition",
    "agent_id": "agent-momentum_ignition",
    "order_id": "scenario-365-momentum_ignition-agent-momentum_ignition-24",
    "action": "new",
    "side": "buy",
    "price": 65461.74019999999,
    "quantity": 0.08,
    "remaining_quantity": 0.08
  },
  {
    "event_id": "39ffd2f86868d9cf92adb030f852b306ade41653540fef3899f4f2a2876057a2",
    "schema_version": "1.0.0",
    "event_type": "agent_order",
    "source": "synthetic_agent",
    "symbol": "BTCUSDT",
    "exchange": "binance_usdm",
    "timestamp": "2024-05-01T00:00:02Z",
    "sequence": 25,
    "scenario_id": "scenario-365-momentum_ignition",
    "agent_id": "agent-momentum_ignition",
    "order_id": "scenario-365-momentum_ignition-agent-momentum_ignition-25",
    "action": "new",
    "side": "buy",
    "price": 65463.047499999986,
    "quantity": 0.08,
    "remaining_quantity": 0.08
  },
  {
    "event_id": "6f27d8a90115ead653024f328055ca02efb1e410910586064b46cfdb6bf8912f",
    "schema_version": "1.0.0",
    "event_type": "agent_order",
    "source": "synthetic_agent",
    "symbol": "BTCUSDT",
    "exchange": "binance_usdm",
    "timestamp": "2024-05-01T00:00:02.080000Z",
    "sequence": 26,
    "scenario_id": "scenario-365-momentum_ignition",
    "agent_id": "agent-momentum_ignition",
    "order_id": "scenario-365-momentum_ignition-agent-momentum_ignition-26",
    "action": "new",
    "side": "buy",
    "price": 65464.3548,
    "quantity": 0.08,
    "remaining_quantity": 0.08
  },
  {
    "event_id": "9a5e7f622294b1c82b774fa34c53c2d226e0d68de04b3190a2ccd46b07c96ab4",
    "schema_version": "1.0.0",
    "event_type": "agent_order",
    "source": "synthetic_agent",
    "symbol": "BTCUSDT",
    "exchange": "binance_usdm",
    "timestamp": "2024-05-01T00:00:02.160000Z",
    "sequence": 27,
    "scenario_id": "scenario-365-momentum_ignition",
    "agent_id": "agent-momentum_ignition",
    "order_id": "scenario-365-momentum_ignition-agent-momentum_ignition-27",
    "action": "new",
    "side": "buy",
    "price": 65465.662099999994,
    "quantity": 0.08,
    "remaining_quantity": 0.08
  },
  {
    "event_id": "de0a14356e63a0fa5f9118ee9cd6424c2efc6afd5091392faaa85b7291abdf9e",
    "schema_version": "1.0.0",
    "event_type": "agent_order",
    "source": "synthetic_agent",
    "symbol": "BTCUSDT",
    "exchange": "binance_usdm",
    "timestamp": "2024-05-01T00:00:02.240000Z",
    "sequence": 28,
    "scenario_id": "scenario-365-momentum_ignition",
    "agent_id": "agent-momentum_ignition",
    "order_id": "scenario-365-momentum_ignition-agent-momentum_ignition-28",
    "action": "new",
    "side": "buy",
    "price": 65466.96939999999,
    "quantity": 0.08,
    "remaining_quantity": 0.08
  },
  {
    "event_id": "b01a304c7e0519bec78a1568ece6e36e62dbc4844c42622bfdb9322e3605a38d",
    "schema_version": "1.0.0",
    "event_type": "agent_order",
    "source": "synthetic_agent",
    "symbol": "BTCUSDT",
    "exchange": "binance_usdm",
    "timestamp": "2024-05-01T00:00:02.320000Z",
    "sequence": 29,
    "scenario_id": "scenario-365-momentum_ignition",
    "agent_id": "agent-momentum_ignition",
    "order_id": "scenario-365-momentum_ignition-agent-momentum_ignition-29",
    "action": "new",
    "side": "buy",
    "price": 65468.276699999995,
    "quantity": 0.08,
    "remaining_quantity": 0.08
  }
]