[
  {
    "event_id": "6d6dbca554961638d916b77f1ad4c570eb110ac7b8c961287121ac9e2ed01d09",
    "schema_version": "1.0.0",
    "event_type": "agent_order",
    "source": "synthetic_agent",
    "symbol": "BTCUSDT",
    "exchange": "binance_usdm",
    "timestamp": "2024-05-01T00:00:00Z",
    "sequence": 0,
    "scenario_id": "scenario-331-coordinated_burst",
    "agent_id": "agent-coordinated_burst-0",
    "order_id": "scenario-331-coordinated_burst-agent-coordinated_burst-0-0",
    "action": "new",
    "side": "buy",
    "price": 65344.0662,
    "quantity": 0.04,
    "remaining_quantity": 0.04
  },
  {
    "event_id": "00cd2a7e6b9bd42c92e52bebe5f45320697d4c7724d9ded117d46ca15cbaea89",
    "schema_version": "1.0.0",
    "event_type": "agent_order",
    "source": "synthetic_agent",
    "symbol": "BTCUSDT",
    "exchange": "binance_usdm",
    "timestamp": "2024-05-01T00:00:00.012000Z",
    "sequence": 1,
    "scenario_id": "scenario-331-coordinated_burst",
    "agent_id": "agent-coordinated_burst-1",
    "order_id": "scenario-331-coordinated_burst-agent-coordinated_burst-1-1",
    "action": "new",
    "side": "sell",
    "price": 65317.9338,
    "quantity": 0.04,
    "remaining_quantity": 0.04
  },
  {
    "event_id": "876ea81ac4829051df3066cb509201d2333dd070ce96eb15d25849ca096bd2ce",
    "schema_version": "1.0.0",
    "event_type": "agent_order",
    "source": "synthetic_agent",
    "symbol": "BTCUSDT",
    "exchange": "binance_usdm",
    "timestamp": "2024-05-01T00:00:00.024000Z",
    "sequence": 2,
    "scenario_id": "scenario-331-coordinated_burst",
    "agent_id": "agent-coordinated_burst-2",
    "order_id": "scenario-331-coordinated_burst-agent-coordinated_burst-2-2",
    "action": "new",
    "side": "sell",
    "price": 65317.9338,
    "quantity": 0.04,
    "remaining_quantity": 0.04
  },
  {
    "event_id": "c3da7d4ff346c82d5d5b44ba73c595f056910977e8254cb27446c500786b8d66",
    "schema_version": "1.0.0",
    "event_type": "agent_order",
    "source": "synthetic_agent",
    "symbol": "BTCUSDT",
    "exchange": "binance_usdm",
    "timestamp": "2024-05-01T00:00:00.036000Z",
    "sequence": 3,
    "scenario_id": "scenario-331-coordinated_burst",
    "agent_id": "agent-coordinated_burst-0",
    "order_id": "scenario-331-coordinated_burst-agent-coordinated_burst-0-3",
    "action": "new",
    "side": "buy",
    "price": 65344.0662,
    "quantity": 0.04,
    "remaining_quantity": 0.04
  },
  {
    "event_id": "2df56eb7354900cfdb1c5f7a3cf36691ea5063c51b26288067b9a77becf2239e",
    "schema_version": "1.0.0",
    "event_type": "agent_order",
    "source": "synthetic_agent",
    "symbol": "BTCUSDT",
    "exchange": "binance_usdm",
    "timestamp": "2024-05-01T00:00:00.048000Z",
    "sequence": 4,
    "scenario_id": "scenario-331-coordinated_burst",
    "agent_id": "agent-coordinated_burst-1",
    "order_id": "scenario-331-coordinated_burst-agent-coordinated_burst-1-4",
    "action": "new",
    "side": "sell",
    "price": 65317.9338,
    "quantity": 0.04,
    "remaining_quantity": 0.04
  },
  {
    "event_id": "36f4fdf251779d532002c9739a4358b53bdddc5502c037823103ada39cde6d0a",
    "schema_version": "1.0.0",
    "event_type": "agent_order",
    "source": "synthetic_agent",
    "symbol": "BTCUSDT",
    "exchange": "binance_usdm",
    "timestamp": "2024-05-01T00:00:00.600000Z",
    "sequence": 5,
    "scenario_id": "scenario-331-coordinated_burst",
    "agent_id": "agent-coordinated_burst-2",
    "order_id": "scenario-331-coordinated_burst-agent-coordinated_burst-2-5",
    "action": "new",
    "side": "sell",
    "price": 65317.9338,
    "quantity": 0.04,
    "remaining_quantity": 0.04
  },
  {
    "event_id": "8209c16309d36a6237610b4b97f514d65725c42db59138bca6df8b13a10fae62",
    "schema_version": "1.0.0",
    "event_type": "agent_order",
    "source": "synthetic_agent",
    "symbol": "BTCUSDT",
    "exchange": "binance_usdm",
    "timestamp": "2024-05-01T00:00:00.072000Z",
    "sequence": 6,
    "scenario_id": "scenario-331-coordinated_burst",
    "agent_id": "agent-coordinated_burst-0",
    "order_id": "scenario-331-coordinated_burst-agent-coordinated_burst-0-6",
    "action": "new",
    "side": "buy",
    "price": 65344.0662,
    "quantity": 0.04,
    "remaining_quantity": 0.04
  },
  {
    "event_id": "eb86f18ecda7920c7081d27692fb058e23f2be7e396044fa59e54f93e2b4e9c1",
    "schema_version": "1.0.0",
    "event_type": "agent_order",
    "source": "synthetic_agent",
    "symbol": "BTCUSDT",
    "exchange": "binance_usdm",
    "timestamp": "2024-05-01T00:00:00.084000Z",
    "sequence": 7,
    "scenario_id": "scenario-331-coordinated_burst",
    "agent_id": "agent-coordinated_burst-1",
    "order_id": "scenario-331-coordinated_burst-agent-coordinated_burst-1-7",
    "action": "new",
    "side": "sell",
    "price": 65317.9338,
    "quantity": 0.04,
    "remaining_quantity": 0.04
  },
  {
    "event_id": "6143e8de0b9a831103adae54b0816b884e8ce7e68e3351ea1d29a56d215f0530",
    "schema_version": "1.0.0",
    "event_type": "agent_order",
    "source": "synthetic_agent",
    "symbol": "BTCUSDT",
    "exchange": "binance_usdm",
    "timestamp": "2024-05-01T00:00:00.096000Z",
    "sequence": 8,
    "scenario_id": "scenario-331-coordinated_burst",
    "agent_id": "agent-coordinated_burst-2",
    "order_id": "scenario-331-coordinated_burst-agent-coordinated_burst-2-8",
    "action": "new",
    "side": "sell",
    "price": 65317.9338,
    "quantity": 0.04,
    "remaining_quantity": 0.04
  },
  {
    "event_id": "92cd4233a4191d32dcdf0b026d325a46dfa343a34d6ea42fd366dbd106033983",
    "schema_version": "1.0.0",
    "event_type": "agent_order",
    "source": "synthetic_agent",
    "symbol": "BTCUSDT",
    "exchange": "binance_usdm",
    "timestamp": "2024-05-01T00:00:00.108000Z",
    "sequence": 9,
    "scenario_id": "scenario-331-coordinated_burst",
    "agent_id": "agent-coordinated_burst-0",
    "order_id": "scenario-331-coordinated_burst-agent-coordinated_burst-0-9",
    "action": "new",
    "side": "buy",
    "price": 65344.0662,
    "quantity": 0.04,
    "remaining_quantity": 0.04
  },
  {
    "event_id": "74142c1c909e8331b064785a861ce7306856ed05a01dd0adeb76edc8bf06320f",
    "schema_version": "1.0.0",
    "event_type": "agent_order",
    "source": "synthetic_agent",
    "symbol": "BTCUSDT",
    "exchange": "binance_usdm",
    "timestamp": "2024-05-01T00:00:01.200000Z",
    "sequence": 10,
    "scenario_id": "scenario-331-coordinated_burst",
    "agent_id": "agent-coordinated_burst-1",
    "order_id": "scenario-331-coordinated_burst-agent-coordinated_burst-1-10",
    "action": "new",
    "side": "sell",
    "price": 65317.9338,
    "quantity": 0.04,
    "remaining_quantity": 0.04
  },
  {
    "event_id": "eedbf7bb60ebe4a116481d2e63d51fa4c83e768c021f0c668ee3a1426fda37e5",
    "schema_version": "1.0.0",
    "event_type": "agent_order",
    "source": "synthetic_agent",
    "symbol": "BTCUSDT",
    "exchange": "binance_usdm",
    "timestamp": "2024-05-01T00:00:00.132000Z",
    "sequence": 11,
    "scenario_id": "scenario-331-coordinated_burst",
    "agent_id": "agent-coordinated_burst-2",
    "order_id": "scenario-331-coordinated_burst-agent-coordinated_burst-2-11",
    "action": "new",
    "side": "sell",
    "price": 65317.9338,
    "quantity": 0.04,
    "remaining_quantity": 0.04
  },
  {
    "event_id": "251a787873d2e16f40d0d59759746163d4f79f916de8aaa15f703956dbd8478a",
    "schema_version": "1.0.0",
    "event_type": "agent_order",
    "source": "synthetic_agent",
    "symbol": "BTCUSDT",
    "exchange": "binance_usdm",
    "timestamp": "2024-05-01T00:00:00.144000Z",
    "sequence": 12,
    "scenario_id": "scenario-331-coordinated_burst",
    "agent_id": "agent-coordinated_burst-0",
    "order_id": "scenario-331-coordinated_burst-agent-coordinated_burst-0-12",
    "action": "new",
    "side": "buy",
    "price": 65344.0662,
    "quantity": 0.04,
    "remaining_quantity": 0.04
  },
  {
    "event_id": "f2367f87a621181772155041e0d27051197e2468297f16b1e7759de961939350",
    "schema_version": "1.0.0",
    "event_type": "agent_order",
    "source": "synthetic_agent",
    "symbol": "BTCUSDT",
    "exchange": "binance_usdm",
    "timestamp": "2024-05-01T00:00:00.156000Z",
    "sequence": 13,
    "scenario_id": "scenario-331-coordinated_burst",
    "agent_id": "agent-coordinated_burst-1",
    "order_id": "scenario-331-coordinated_burst-agent-coordinated_burst-1-13",
    "action": "new",
    "side": "sell",
    "price": 65317.9338,
    "quantity": 0.04,
    "remaining_quantity": 0.04
  },
  {
    "event_id": "80447aabe9034c1be65c16d02a9326ca09e79d27a4dae70a5e54c7e9a4e6ed0d",
    "schema_version": "1.0.0",
    "event_type": "agent_order",
    "source": "synthetic_agent",
    "symbol": "BTCUSDT",
    "exchange": "binance_usdm",
    "timestamp": "2024-05-01T00:00:00.168000Z",
    "sequence": 14,
    "scenario_id": "scenario-331-coordinated_burst",
    "agent_id": "agent-coordinated_burst-2",
    "order_id": "scenario-331-coordinated_burst-agent-coordinated_burst-2-14",
    "action": "new",
    "side": "sell",
    "price": 65317.9338,
    "quantity": 0.04,
    "remaining_quantity": 0.04
  },
  {
    "event_id": "910ad27336500cddaa276ac63e8ab66d81872b9acb7d0164b92b165fb15270a0",
    "schema_version": "1.0.0",
    "event_type": "agent_order",
    "source": "synthetic_agent",
    "symbol": "BTCUSDT",
    "exchange": "binance_usdm",
    "timestamp": "2024-05-01T00:00:01.800000Z",
    "sequence": 15,
    "scenario_id": "scenario-331-coordinated_burst",
    "agent_id": "agent-coordinated_burst-0",
    "order_id": "scenario-331-coordinated_burst-agent-coordinated_burst-0-15",
    "action": "new",
    "side": "buy",
    "price": 65344.0662,
    "quantity": 0.04,
    "remaining_quantity": 0.04
  },
  {
    "event_id": "88c760372f9892de3ff8551690af2939a891b87125ea627c153db0676e343e9c",
    "schema_version": "1.0.0",
    "event_type": "agent_order",
    "source": "synthetic_agent",
    "symbol": "BTCUSDT",
    "exchange": "binance_usdm",
    "timestamp": "2024-05-01T00:00:00.192000Z",
    "sequence": 16,
    "scenario_id": "scenario-331-coordinated_burst",
    "agent_id": "agent-coordinated_burst-1",
    "order_id": "scenario-331-coordinated_burst-agent-coordinated_burst-1-16",
    "action": "new",
    "side": "sell",
    "price": 65317.9338,
    "quantity": 0.04,
    "remaining_quantity": 0.04
  },
  {
    "event_id": "564f61b8917d98ac3787991f1bd57dd9cd8f142ae3175b84ea00516e6c8a4f0d",
    "schema_version": "1.0.0",
    "event_type": "agent_order",
    "source": "synthetic_agent",
    "symbol": "BTCUSDT",
    "exchange": "binance_usdm",
    "timestamp": "2024-05-01T00:00:00.204000Z",
    "sequence": 17,
    "scenario_id": "scenario-331-coordinated_burst",
    "agent_id": "agent-coordinated_burst-2",
    "order_id": "scenario-331-coordinated_burst-agent-coordinated_burst-2-17",
    "action": "new",
    "side": "sell",
    "price": 65317.9338,
    "quantity": 0.04,
    "remaining_quantity": 0.04
  },
  {
    "event_id": "df4e09a76c2b81fd945b560c329a579aa6f50f51177f506f70095aeef6bbc7f0",
    "schema_version": "1.0.0",
    "event_type": "agent_order",
    "source": "synthetic_agent",
    "symbol": "BTCUSDT",
    "exchange": "binance_usdm",
    "timestamp": "2024-05-01T00:00:00.216000Z",
    "sequence": 18,
    "scenario_id": "scenario-331-coordinated_burst",
    "agent_id": "agent-coordinated_burst-0",
    "order_id": "scenario-331-coordinated_burst-agent-coordinated_burst-0-18",
    "action": "new",
    "side": "buy",
    "price": 65344.0662,
    "quantity": 0.04,
    "remaining_quantity": 0.04
  },
  {
    "event_id": "91ae11457e979c14ce99df7dd03b9146939210e53b68224f1a48260bf8280bec",
    "schema_version": "1.0.0",
    "event_type": "agent_order",
    "source": "synthetic_agent",
    "symbol": "BTCUSDT",
    "exchange": "binance_usdm",
    "timestamp": "2024-05-01T00:00:00.228000Z",
    "sequence": 19,
    "scenario_id": "scenario-331-coordinated_burst",
    "agent_id": "agent-coordinated_burst-1",
    "order_id": "scenario-331-coordinated_burst-agent-coordinated_burst-1-19",
    "action": "new",
    "side": "sell",
    "price": 65317.9338,
    "quantity": 0.04,
    "remaining_quantity": 0.04
  },
  {
    "event_id": "fde2272c01b9bdad71307c3b42bb6e9955b9205b645f3446d6d4b774a6c487e9",
    "schema_version": "1.0.0",
    "event_type": "agent_order",
    "source": "synthetic_agent",
    "symbol": "BTCUSDT",
    "exchange": "binance_usdm",
    "timestamp": "2024-05-01T00:00:02.400000Z",
    "sequence": 20,
    "scenario_id": "scenario-331-coordinated_burst",
    "agent_id": "agent-coordinated_burst-2",
    "order_id": "scenario-331-coordinated_burst-agent-coordinated_burst-2-20",
    "action": "new",
    "side": "sell",
    "price": 65317.9338,
    "quantity": 0.04,
    "remaining_quantity": 0.04
  },
  {
    "event_id": "085ccb8df33eb44bf624c3ce89b77e212d2b8d6a585e6ff7062c6785a43a2a5f",
    "schema_version": "1.0.0",
    "event_type": "agent_order",
    "source": "synthetic_agent",
    "symbol": "BTCUSDT",
    "exchange": "binance_usdm",
    "timestamp": "2024-05-01T00:00:00.252000Z",
    "sequence": 21,
    "scenario_id": "scenario-331-coordinated_burst",
    "agent_id": "agent-coordinated_burst-0",
    "order_id": "scenario-331-coordinated_burst-agent-coordinated_burst-0-21",
    "action": "new",
    "side": "buy",
    "price": 65344.0662,
    "quantity": 0.04,
    "remaining_quantity": 0.04
  },
  {
    "event_id": "f1b45b1b340fc38f9ae5a93592f3ce29d39f5621730cc3d8fae190bced41e092",
    "schema_version": "1.0.0",
    "event_type": "agent_order",
    "source": "synthetic_agent",
    "symbol": "BTCUSDT",
    "exchange": "binance_usdm",
    "timestamp": "2024-05-01T00:00:00.264000Z",
    "sequence": 22,
    "scenario_id": "scenario-331-coordinated_burst",
    "agent_id": "agent-coordinated_burst-1",
    "order_id": "scenario-331-coordinated_burst-agent-coordinated_burst-1-22",
    "action": "new",
    "side": "sell",
    "price": 65317.9338,
    "quantity": 0.04,
    "remaining_quantity": 0.04
  },
  {
    "event_id": "6a1347e3dfc13db315c736ab037e69502f12fbd23c264eac789e0610ecfd6ba9",
    "schema_version": "1.0.0",
    "event_type": "agent_order",
    "source": "synthetic_agent",
    "symbol": "BTCUSDT",
    "exchange": "binance_usdm",
    "timestamp": "2024-05-01T00:00:00.276000Z",
    "sequence": 23,
    "scenario_id": "scenario-331-coordinated_burst",
    "agent_id": "agent-coordinated_burst-2",
    "order_id": "scenario-331-coordinated_burst-agent-coordinated_burst-2-23",
    "action": "new",
    "side": "sell",
    "price": 65317.9338,
    "quantity": 0.04,
    "remaining_quantity": 0.04
  },
  {
    "event_id": "4af1ce32406024ed5b57a0ceb84effff7ef81f50048344fcfd397f720f4b2254",
    "schema_version": "1.0.0",
    "event_type": "agent_order",
    "source": "synthetic_agent",
    "symbol": "BTCUSDT",
    "exchange": "binance_usdm",
    "timestamp": "2024-05-01T00:00:00.288000Z",
    "sequence": 24,
    "scenario_id": "scenario-331-coordinated_burst",
    "agent_id": "agent-coordinated_burst-0",
    "order_id": "scenario-331-coordinated_burst-agent-coordinated_burst-0-24",
    "action": "new",
    "side": "buy",
    "price": 65344.0662,
    "quantity": 0.04,
    "remaining_quantity": 0.04
  },
  {
    "event_id": "28a7f4a826d71c62b41a000d5b58df6b6c4c83dd0e15ec1248327809cd83eb46",
    "schema_version": "1.0.0",
    "event_type": "agent_order",
    "source": "synthetic_agent",
    "symbol": "BTCUSDT",
    "exchange": "binance_usdm",
    "timestamp": "2024-05-01T00:00:03Z",
    "sequence": 25,
    "scenario_id": "scenario-331-coordinated_burst",
    "agent_id": "agent-coordinated_burst-1",
    "order_id": "scenario-331-coordinated_burst-agent-coordinated_burst-1-25",
    "action": "new",
    "side": "sell",
    "price": 65317.9338,
    "quantity": 0.04,
    "remaining_quantity": 0.04
  },
  {
    "event_id": "a6886d87fe9fe952711330948e12ecc3d9c1c9f2c7fca32ec1273e98e096d8d8",
    "schema_version": "1.0.0",
    "event_type": "agent_order",
    "source": "synthetic_agent",
    "symbol": "BTCUSDT",
    "exchange": "binance_usdm",
    "timestamp": "2024-05-01T00:00:00.312000Z",
    "sequence": 26,
    "scenario_id": "scenario-331-coordinated_burst",
    "agent_id": "agent-coordinated_burst-2",
    "order_id": "scenario-331-coordinated_burst-agent-coordinated_burst-2-26",
    "action": "new",
    "side": "sell",
    "price": 65317.9338,
    "quantity": 0.04,
    "remaining_quantity": 0.04
  },
  {
    "event_id": "e07af6798d9e512dc0dd42c665c68fa2584292a6f0583c1aa916d7f175d85faf",
    "schema_version": "1.0.0",
    "event_type": "agent_order",
    "source": "synthetic_agent",
    "symbol": "BTCUSDT",
    "exchange": "binance_usdm",
    "timestamp": "2024-05-01T00:00:00.324000Z",
    "sequence": 27,
    "scenario_id": "scenario-331-coordinated_burst",
    "agent_id": "agent-coordinated_burst-0",
    "order_id": "scenario-331-coordinated_burst-agent-coordinated_burst-0-27",
    "action": "new",
    "side": "buy",
    "price": 65344.0662,
    "quantity": 0.04,
    "remaining_quantity": 0.04
  },
  {
    "event_id": "a6395d50a097505fc466a6e4d21cb267fb7a8fab9281ba942c8ccba7ccd64bd3",
    "schema_version": "1.0.0",
    "event_type": "agent_order",
    "source": "synthetic_agent",
    "symbol": "BTCUSDT",
    "exchange": "binance_usdm",
    "timestamp": "2024-05-01T00:00:00.336000Z",
    "sequence": 28,
    "scenario_id": "scenario-331-coordinated_burst",
    "agent_id": "agent-coordinated_burst-1",
    "order_id": "scenario-331-coordinated_burst-agent-coordinated_burst-1-28",
    "action": "new",
    "side": "sell",
    "price": 65317.9338,
    "quantity": 0.04,
    "remaining_quantity": 0.04
  },
  {
    "event_id": "ac6ce9e04cec15d42797f2504cc8993623882cc3b73f697072e10b8ec97ccc3d",
    "schema_version": "1.0.0",
    "event_type": "agent_order",
    "source": "synthetic_agent",
    "symbol": "BTCUSDT",
    "exchange": "binance_usdm",
    "timestamp": "2024-05-01T00:00:00.348000Z",
    "sequence": 29,
    "scenario_id": "scenario-331-coordinated_burst",
    "agent_id": "agent-coordinated_burst-2",
    "order_id": "scenario-331-coordinated_burst-agent-coordinated_burst-2-29",
    "action": "new",
    "side": "sell",
    "price": 65317.9338,
    "quantity": 0.04,
    "remaining_quantity": 0.04
  }
]