[
  {
    "event_id": "ad6c10502aae215a2c0f813c280ed7d85aa43747db9983a5fb26cb334dc5957a",
    "schema_version": "1.0.0",
    "event_type": "agent_order",
    "source": "synthetic_agent",
    "symbol": "BTCUSDT",
    "exchange": "binance_usdm",
    "timestamp": "2024-05-01T00:00:00Z",
    "sequence": 0,
    "scenario_id": "scenario-074-inventory_rebalancer",
    "agent_id": "agent-inventory_rebalancer",
    "order_id": "scenario-074-inventory_rebalancer-agent-inventory_rebalancer-0",
    "action": "new",
    "side": "sell",
    "price": 65074.0,
    "quantity": 0.004,
    "remaining_quantity": 0.004
  },
  {
    "event_id": "46dcb1c14d5564c33209d344179bb3d7c4de4c8e60f7484517e6571dc95a4606",
    "schema_version": "1.0.0",
    "event_type": "agent_order",
    "source": "synthetic_agent",
    "symbol": "BTCUSDT",
    "exchange": "binance_usdm",
    "timestamp": "2024-05-01T00:00:00.750000Z",
    "sequence": 1,
    "scenario_id": "scenario-074-inventory_rebalancer",
    "agent_id": "agent-inventory_rebalancer",
    "order_id": "scenario-074-inventory_rebalancer-agent-inventory_rebalancer-1",
    "action": "new",
    "side": "buy",
    "price": 65074.0,
    "quantity": 0.004,
    "remaining_quantity": 0.004
  },
  {
    "event_id": "a451e9c6c2fab808a42856d7b8d93c6d48f21566e2223688d599f3022bade21a",
    "schema_version": "1.0.0",
    "event_type": "agent_order",
    "source": "synthetic_agent",
    "symbol": "BTCUSDT",
    "exchange": "binance_usdm",
    "timestamp": "2024-05-01T00:00:01.500000Z",
    "sequence": 2,
    "scenario_id": "scenario-074-inventory_rebalancer",
    "agent_id": "agent-inventory_rebalancer",
    "order_id": "scenario-074-inventory_rebalancer-agent-inventory_rebalancer-2",
    "action": "new",
    "side": "buy",
    "price": 65074.0,
    "quantity": 0.004,
    "remaining_quantity": 0.004
  },
  {
    "event_id": "55714c33f56a69677ca0789c2c9c3c9214d413f7982a8c38aa52f7e5f874656c",
    "schema_version": "1.0.0",
    "event_type": "agent_order",
    "source": "synthetic_agent",
    "symbol": "BTCUSDT",
    "exchange": "binance_usdm",
    "timestamp": "2024-05-01T00:00:02.250000Z",
    "sequence": 3,
    "scenario_id": "scenario-074-inventory_rebalancer",
    "agent_id": "agent-inventory_rebalancer",
    "order_id": "scenario-074-inventory_rebalancer-agent-inventory_rebalancer-3",
    "action": "new",
    "side": "sell",
    "price": 65074.0,
    "quantity": 0.004,
    "remaining_quantity": 0.004
  },
  {
    "event_id": "af7dc701944e4da0eaf03c2147aaa0c1a9c3dee4d7130ca9fdc7e52277e91386",
    "schema_version": "1.0.0",
    "event_type": "agent_order",
    "source": "synthetic_agent",
    "symbol": "BTCUSDT",
    "exchange": "binance_usdm",
    "timestamp": "2024-05-01T00:00:03Z",
    "sequence": 4,
    "scenario_id": "scenario-074-inventory_rebalancer",
    "agent_id": "agent-inventory_rebalancer",
    "order_id": "scenario-074-inventory_rebalancer-agent-inventory_rebalancer-4",
    "action": "new",
    "side": "buy",
    "price": 65074.0,
    "quantity": 0.004,
    "remaining_quantity": 0.004
  },
  {
    "event_id": "5a35c4af87c44bbd7d7ced366f33703e1fc182bc25a8304361d4dd4abd504faa",
    "schema_version": "1.0.0",
    "event_type": "agent_order",
    "source": "synthetic_agent",
    "symbol": "BTCUSDT",
    "exchange": "binance_usdm",
    "timestamp": "2024-05-01T00:00:03.750000Z",
    "sequence": 5,
    "scenario_id": "scenario-074-inventory_rebalancer",
    "agent_id": "agent-inventory_rebalancer",
    "order_id": "scenario-074-inventory_rebalancer-agent-inventory_rebalancer-5",
    "action": "new",
    "side": "buy",
    "price": 65074.0,
    "quantity": 0.004,
    "remaining_quantity": 0.004
  },
  {
    "event_id": "5f7ef9661f84d9691cbb389a59547acf46d506e9c8538742f638864ffa894040",
    "schema_version": "1.0.0",
    "event_type": "agent_order",
    "source": "synthetic_agent",
    "symbol": "BTCUSDT",
    "exchange": "binance_usdm",
    "timestamp": "2024-05-01T00:00:04.500000Z",
    "sequence": 6,
    "scenario_id": "scenario-074-inventory_rebalancer",
    "agent_id": "agent-inventory_rebalancer",
    "order_id": "scenario-074-inventory_rebalancer-agent-inventory_rebalancer-6",
    "action": "new",
    "side": "sell",
    "price": 65074.0,
    "quantity": 0.004,
    "remaining_quantity": 0.004
  },
  {
    "event_id": "37ff226eb691fbb835e130b2978d9a745f4a6e9ec07589a43776f27bfa1a90ac",
    "schema_version": "1.0.0",
    "event_type": "agent_order",
    "source": "synthetic_agent",
    "symbol": "BTCUSDT",
    "exchange": "binance_usdm",
    "timestamp": "2024-05-01T00:00:05.250000Z",
    "sequence": 7,
    "scenario_id": "scenario-074-inventory_rebalancer",
    "agent_id": "agent-inventory_rebalancer",
    "order_id": "scenario-074-inventory_rebalancer-agent-inventory_rebalancer-7",
    "action": "new",
    "side": "buy",
    "price": 65074.0,
    "quantity": 0.004,
    "remaining_quantity": 0.004
  },
  {
    "event_id": "a8263e27a5492f22d1ef8ce9c592fd41c79b5342a2f3ffdadcd15f9396c2b619",
    "schema_version": "1.0.0",
    "event_type": "agent_order",
    "source": "synthetic_agent",
    "symbol": "BTCUSDT",
    "exchange": "binance_usdm",
    "timestamp": "2024-05-01T00:00:06Z",
    "sequence": 8,
    "scenario_id": "scenario-074-inventory_rebalancer",
    "agent_id": "agent-inventory_rebalancer",
    "order_id": "scenario-074-inventory_rebalancer-agent-inventory_rebalancer-8",
    "action": "new",
    "side": "buy",
    "price": 65074.0,
    "quantity": 0.004,
    "remaining_quantity": 0.004
  },
  {
    "event_id": "f38527c88982feead65d210be88f8cc3b1577a96a9d97aa2fe04a22b540e49d8",
    "schema_version": "1.0.0",
    "event_type": "agent_order",
    "source": "synthetic_agent",
    "symbol": "BTCUSDT",
    "exchange": "binance_usdm",
    "timestamp": "2024-05-01T00:00:06.750000Z",
    "sequence": 9,
    "scenario_id": "scenario-074-inventory_rebalancer",
    "agent_id": "agent-inventory_rebalancer",
    "order_id": "scenario-074-inventory_rebalancer-agent-inventory_rebalancer-9",
    "action": "new",
    "side": "sell",
    "price": 65074.0,
    "quantity": 0.004,
    "remaining_quantity": 0.004
  },
  {
    "event_id": "6d87ee904dc85df954bad11e8908a75e5c5680f4050a3d4b8a91dae6c1a48417",
    "schema_version": "1.0.0",
    "event_type": "agent_order",
    "source": "synthetic_agent",
    "symbol": "BTCUSDT",
    "exchange": "binance_usdm",
    "timestamp": "2024-05-01T00:00:07.500000Z",
    "sequence": 10,
    "scenario_id": "scenario-074-inventory_rebalancer",
    "agent_id": "agent-inventory_rebalancer",
    "order_id": "scenario-074-inventory_rebalancer-agent-inventory_rebalancer-10",
    "action": "new",
    "side": "buy",
    "price": 65074.0,
    "quantity": 0.004,
    "remaining_quantity": 0.004
  },
  {
    "event_id": "aeae58bb8fc1aa9c6af1b9c72496ef268d0a2acde8b729da235c365833fcfb74",
    "schema_version": "1.0.0",
    "event_type": "agent_order",
    "source": "synthetic_agent",
    "symbol": "BTCUSDT",
    "exchange": "binance_usdm",
    "timestamp": "2024-05-01T00:00:08.250000Z",
    "sequence": 11,
    "scenario_id": "scenario-074-inventory_rebalancer",
    "agent_id": "agent-inventory_rebalancer",
    "order_id": "scenario-074-inventory_rebalancer-agent-inventory_rebalancer-11",
    "action": "new",
    "side": "buy",
    "price": 65074.0,
    "quantity": 0.004,
    "remaining_quantity": 0.004
  },
  {
    "event_id": "eacd933c29aa7706f312f978a856df740ffa76d00ee2205fbe01c0906d3909a7",
    "schema_version": "1.0.0",
    "event_type": "agent_order",
    "source": "synthetic_agent",
    "symbol": "BTCUSDT",
    "exchange": "binance_usdm",
    "timestamp": "2024-05-01T00:00:09Z",
    "sequence": 12,
    "scenario_id": "scenario-074-inventory_rebalancer",
    "agent_id": "agent-inventory_rebalancer",
    "order_id": "scenario-074-inventory_rebalancer-agent-inventory_rebalancer-12",
    "action": "new",
    "side": "sell",
    "price": 65074.0,
    "quantity": 0.004,
    "remaining_quantity": 0.004
  },
  {
    "event_id": "034dce99661199d33532f1baaf2ac5760e6dbaa66bfc082a3535572a453e2507",
    "schema_version": "1.0.0",
    "event_type": "agent_order",
    "source": "synthetic_agent",
    "symbol": "BTCUSDT",
    "exchange": "binance_usdm",
    "timestamp": "2024-05-01T00:00:09.750000Z",
    "sequence": 13,
    "scenario_id": "scenario-074-inventory_rebalancer",
    "agent_id": "agent-inventory_rebalancer",
    "order_id": "scenario-074-inventory_rebalancer-agent-inventory_rebalancer-13",
    "action": "new",
    "side": "buy",
    "price": 65074.0,
    "quantity": 0.004,
    "remaining_quantity": 0.004
  },
  {
    "event_id": "a0e3cd4df098b7bf6d9599afa82285481b6b72460f12c72ba09157ca26150e92",
    "schema_version": "1.0.0",
    "event_type": "agent_order",
    "source": "synthetic_agent",
    "symbol": "BTCUSDT",
    "exchange": "binance_usdm",
    "timestamp": "2024-05-01T00:00:10.500000Z",
    "sequence": 14,
    "scenario_id": "scenario-074-inventory_rebalancer",
    "agent_id": "agent-inventory_rebalancer",
    "order_id": "scenario-074-inventory_rebalancer-agent-inventory_rebalancer-14",
    "action": "new",
    "side": "buy",
    "price": 65074.0,
    "quantity": 0.004,
    "remaining_quantity": 0.004
  },
  {
    "event_id": "875791c9a2499e844c018fdcbaabf7267ae9ce89d069d37b81f0d4269bd6bf59",
    "schema_version": "1.0.0",
    "event_type": "agent_order",
    "source": "synthetic_agent",
    "symbol": "BTCUSDT",
    "exchange": "binance_usdm",
    "timestamp": "2024-05-01T00:00:11.250000Z",
    "sequence": 15,
    "scenario_id": "scenario-074-inventory_rebalancer",
    "agent_id": "agent-inventory_rebalancer",
    "order_id": "scenario-074-inventory_rebalancer-agent-inventory_rebalancer-15",
    "action": "new",
    "side": "sell",
    "price": 65074.0,
    "quantity": 0.004,
    "remaining_quantity": 0.004
  },
  {
    "event_id": "f2822af7464ddb9f38cbb4e18210839e0dfc0990bb84c9aab4ba04d636ff708d",
    "schema_version": "1.0.0",
    "event_type": "agent_order",
    "source": "synthetic_agent",
    "symbol": "BTCUSDT",
    "exchange": "binance_usdm",
    "timestamp": "2024-05-01T00:00:12Z",
    "sequence": 16,
    "scenario_id": "scenario-074-inventory_rebalancer",
    "agent_id": "agent-inventory_rebalancer",
    "order_id": "scenario-074-inventory_rebalancer-agent-inventory_rebalancer-16",
    "action": "new",
    "side": "buy",
    "price": 65074.0,
    "quantity": 0.004,
    "remaining_quantity": 0.004
  },
  {
    "event_id": "f8d1dd5b082b56c4e4a156c3787b2e5801a6852b323f99f03270b05ac73b71f6",
    "schema_version": "1.0.0",
    "event_type": "agent_order",
    "source": "synthetic_agent",
    "symbol": "BTCUSDT",
    "exchange": "binance_usdm",
    "timestamp": "2024-05-01T00:00:12.750000Z",
    "sequence": 17,
    "scenario_id": "scenario-074-inventory_rebalancer",
    "agent_id": "agent-inventory_rebalancer",
    "order_id": "scenario-074-inventory_rebalancer-agent-inventory_rebalancer-17",
    "action": "new",
    "side": "buy",
    "price": 65074.0,
    "quantity": 0.004,
    "remaining_quantity": 0.004
  },
  {
    "event_id": "26b438fe2509ac5d7ca96e0124c6d9cd2e74be459650225e93478470e79c3b33",
    "schema_version": "1.0.0",
    "event_type": "agent_order",
    "source": "synthetic_agent",
    "symbol": "BTCUSDT",
    "exchange": "binance_usdm",
    "timestamp": "2024-05-01T00:00:13.500000Z",
    "sequence": 18,
    "scenario_id": "scenario-074-inventory_rebalancer",
    "agent_id": "agent-inventory_rebalancer",
    "order_id": "scenario-074-inventory_rebalancer-agent-inventory_rebalancer-18",
    "action": "new",
    "side": "sell",
    "price": 65074.0,
    "quantity": 0.004,
    "remaining_quantity": 0.004
  },
  {
    "event_id": "f23e638cb96e8749ee51ea23123c08b58cfa8d368110fa64db04582173d513af",
    "schema_version": "1.0.0",
    "event_type": "agent_order",
    "source": "synthetic_agent",
    "symbol": "BTCUSDT",
    "exchange": "binance_usdm",
    "timestamp": "2024-05-01T00:00:14.250000Z",
    "sequence": 19,
    "scenario_id": "scenario-074-inventory_rebalancer",
    "agent_id": "agent-inventory_rebalancer",
    "order_id": "scenario-074-inventory_rebalancer-agent-inventory_rebalancer-19",
    "action": "new",
    "side": "buy",
    "price": 65074.0,
    "quantity": 0.004,
    "remaining_quantity": 0.004
  },
  {
    "event_id": "b909a94ebd1ab97f5f802475cd5a2bff28cce0ad87e7e16c2dd272b81e764b6a",
    "schema_version": "1.0.0",
    "event_type": "agent_order",
    "source": "synthetic_agent",
    "symbol": "BTCUSDT",
    "exchange": "binance_usdm",
    "timestamp": "2024-05-01T00:00:15Z",
    "sequence": 20,
    "scenario_id": "scenario-074-inventory_rebalancer",
    "agent_id": "agent-inventory_rebalancer",
    "order_id": "scenario-074-inventory_rebalancer-agent-inventory_rebalancer-20",
    "action": "new",
    "side": "buy",
    "price": 65074.0,
    "quantity": 0.004,
    "remaining_quantity": 0.004
  },
  {
    "event_id": "c75909d11bd02afc2e6ba612ea56df2164953a247b7ab5a2d5587003b785a593",
    "schema_version": "1.0.0",
    "event_type": "agent_order",
    "source": "synthetic_agent",
    "symbol": "BTCUSDT",
    "exchange": "binance_usdm",
    "timestamp": "2024-05-01T00:00:15.750000Z",
    "sequence": 21,
    "scenario_id": "scenario-074-inventory_rebalancer",
    "agent_id": "agent-inventory_rebalancer",
    "order_id": "scenario-074-inventory_rebalancer-agent-inventory_rebalancer-21",
    "action": "new",
    "side": "sell",
    "price": 65074.0,
    "quantity": 0.004,
    "remaining_quantity": 0.004
  },
  {
    "event_id": "0cefa0df6b71921fc67a1b7a14c2f691a09e1acddc8e91add1c4bcbc6e18989e",
    "schema_version": "1.0.0",
    "event_type": "agent_order",
    "source": "synthetic_agent",
    "symbol": "BTCUSDT",
    "exchange": "binance_usdm",
    "timestamp": "2024-05-01T00:00:16.500000Z",
    "sequence": 22,
    "scenario_id": "scenario-074-inventory_rebalancer",
    "agent_id": "agent-inventory_rebalancer",
    "order_id": "scenario-074-inventory_rebalancer-agent-inventory_rebalancer-22",
    "action": "new",
    "side": "buy",
    "price": 65074.0,
    "quantity": 0.004,
    "remaining_quantity": 0.004
  },
  {
    "event_id": "8afde0835619135f2e0c87210d5a6f1fefc429a280302535500f702a5e4617a5",
    "schema_version": "1.0.0",
    "event_type": "agent_order",
    "source": "synthetic_agent",
    "symbol": "BTCUSDT",
    "exchange": "binance_usdm",
    "timestamp": "2024-05-01T00:00:17.250000Z",
    "sequence": 23,
    "scenario_id": "scenario-074-inventory_rebalancer",
    "agent_id": "agent-inventory_rebalancer",
    "order_id": "scenario-074-inventory_rebalancer-agent-inventory_rebalancer-23",
    "action": "new",
    "side": "buy",
    "price": 65074.0,
    "quantity": 0.004,
    "remaining_quantity": 0.004
  },
  {
    "event_id": "56aa9fe072eba49855b73d3af5af27909b1697e5540011c382fde15a44ba94bf",
    "schema_version": "1.0.0",
    "event_type": "agent_order",
    "source": "synthetic_agent",
    "symbol": "BTCUSDT",
    "exchange": "binance_usdm",
    "timestamp": "2024-05-01T00:00:18Z",
    "sequence": 24,
    "scenario_id": "scenario-074-inventory_rebalancer",
    "agent_id": "agent-inventory_rebalancer",
    "order_id": "scenario-074-inventory_rebalancer-agent-inventory_rebalancer-24",
    "action": "new",
    "side": "sell",
    "price": 65074.0,
    "quantity": 0.004,
    "remaining_quantity": 0.004
  },
  {
    "event_id": "4177806ddaf51d945c0ed7f22eef52a5193299acecd781d491c746b1f426e616",
    "schema_version": "1.0.0",
    "event_type": "agent_order",
    "source": "synthetic_agent",
    "symbol": "BTCUSDT",
    "exchange": "binance_usdm",
    "timestamp": "2024-05-01T00:00:18.750000Z",
    "sequence": 25,
    "scenario_id": "scenario-074-inventory_rebalancer",
    "agent_id": "agent-inventory_rebalancer",
    "order_id": "scenario-074-inventory_rebalancer-agent-inventory_rebalancer-25",
    "action": "new",
    "side": "buy",
    "price": 65074.0,
    "quantity": 0.004,
    "remaining_quantity": 0.004
  },
  {
    "event_id": "b95a61fc5fcc67be159eb97f2e1e0fe8a2e6eed48c81104649a240c450adc87d",
    "schema_version": "1.0.0",
    "event_type": "agent_order",
    "source": "synthetic_agent",
    "symbol": "BTCUSDT",
    "exchange": "binance_usdm",
    "timestamp": "2024-05-01T00:00:19.500000Z",
    "sequence": 26,
    "scenario_id": "scenario-074-inventory_rebalancer",
    "agent_id": "agent-inventory_rebalancer",
    "order_id": "scenario-074-inventory_rebalancer-agent-inventory_rebalancer-26",
    "action": "new",
    "side": "buy",
    "price": 65074.0,
    "quantity": 0.004,
    "remaining_quantity": 0.004
  },
  {
    "event_id": "11bf240b135bbc87efc373f2be56e99a4bffef78c6860087e356277f8bbaa7dd",
    "schema_version": "1.0.0",
    "event_type": "agent_order",
    "source": "synthetic_agent",
    "symbol": "BTCUSDT",
    "exchange": "binance_usdm",
    "timestamp": "2024-05-01T00:00:20.250000Z",
    "sequence": 27,
    "scenario_id": "scenario-074-inventory_rebalancer",
    "agent_id": "agent-inventory_rebalancer",
    "order_id": "scenario-074-inventory_rebalancer-agent-inventory_rebalancer-27",
    "action": "new",
    "side": "sell",
    "price": 65074.0,
    "quantity": 0.004,
    "remaining_quantity": 0.004
  },
  {
    "event_id": "6da18aa4d322c81c8e84f264a3125382219323a93aef5d2a26a7733385eb4e45",
    "schema_version": "1.0.0",
    "event_type": "agent_order",
    "source": "synthetic_agent",
    "symbol": "BTCUSDT",
    "exchange": "binance_usdm",
    "timestamp": "2024-05-01T00:00:21Z",
    "sequence": 28,
    "scenario_id": "scenario-074-inventory_rebalancer",
    "agent_id": "agent-inventory_rebalancer",
    "order_id": "scenario-074-inventory_rebalancer-agent-inventory_rebalancer-28",
    "action": "new",
    "side": "buy",
    "price": 65074.0,
    "quantity": 0.004,
    "remaining_quantity": 0.004
  },
  {
    "event_id": "8e9b18bf6af4881868126bef126825af0b515b301d874331276af2b073dbabaf",
    "schema_version": "1.0.0",
    "event_type": "agent_order",
    "source": "synthetic_agent",
    "symbol": "BTCUSDT",
    "exchange": "binance_usdm",
    "timestamp": "2024-05-01T00:00:21.750000Z",
    "sequence": 29,
    "scenario_id": "scenario-074-inventory_rebalancer",
    "agent_id": "agent-inventory_rebalancer",
    "order_id": "scenario-074-inventory_rebalancer-agent-inventory_rebalancer-29",
    "action": "new",
    "side": "buy",
    "price": 65074.0,
    "quantity": 0.004,
    "remaining_quantity": 0.004
  }
]