[
  {
    "event_id": "1ef7387e19b97770929544ead0b6f1f204f9fb156d534b72537cb768e9b093fe",
    "schema_version": "1.0.0",
    "event_type": "agent_order",
    "source": "synthetic_agent",
    "symbol": "BTCUSDT",
    "exchange": "binance_usdm",
    "timestamp": "2024-05-01T00:00:00Z",
    "sequence": 0,
    "scenario_id": "scenario-372-passive_market_maker",
    "agent_id": "agent-passive_market_maker",
    "order_id": "scenario-372-passive_market_maker-agent-passive_market_maker-0",
    "action": "new",
    "side": "buy",
    "price": 65306.628,
    "quantity": 0.01,
    "remaining_quantity": 0.01
  },
  {
    "event_id": "6ac7ad32588688a8f96734dce2cc1e33fc24d1cd653620925ad9f754bc646c9d",
    "schema_version": "1.0.0",
    "event_type": "agent_order",
    "source": "synthetic_agent",
    "symbol": "BTCUSDT",
    "exchange": "binance_usdm",
    "timestamp": "2024-05-01T00:00:00.100000Z",
    "sequence": 1,
    "scenario_id": "scenario-372-passive_market_maker",
    "agent_id": "agent-passive_market_maker",
    "order_id": "scenario-372-passive_market_maker-agent-passive_market_maker-1",
    "action": "new",
    "side": "sell",
    "price": 65437.371999999996,
    "quantity": 0.01,
    "remaining_quantity": 0.01
  },
  {
    "event_id": "dafd121e3e4417b9fb7f2ce824eeda3b43dc019a126c44f48726bdeac2e3de68",
    "schema_version": "1.0.0",
    "event_type": "agent_order",
    "source": "synthetic_agent",
    "symbol": "BTCUSDT",
    "exchange": "binance_usdm",
    "timestamp": "2024-05-01T00:00:00.200000Z",
    "sequence": 2,
    "scenario_id": "scenario-372-passive_market_maker",
    "agent_id": "agent-passive_market_maker",
    "order_id": "scenario-372-passive_market_maker-agent-passive_market_maker-2",
    "action": "new",
    "side": "buy",
    "price": 65306.628,
    "quantity": 0.01,
    "remaining_quantity": 0.01
  },
  {
    "event_id": "0fc650605c57d6069911cb04962a68fc14695fefc18868460b71bcbbf7b93404",
    "schema_version": "1.0.0",
    "event_type": "agent_order",
    "source": "synthetic_agent",
    "symbol": "BTCUSDT",
    "exchange": "binance_usdm",
    "timestamp": "2024-05-01T00:00:00.300000Z",
    "sequence": 3,
    "scenario_id": "scenario-372-passive_market_maker",
    "agent_id": "agent-passive_market_maker",
    "order_id": "scenario-372-passive_market_maker-agent-passive_market_maker-3",
    "action": "new",
    "side": "sell",
    "price": 65437.371999999996,
    "quantity": 0.01,
    "remaining_quantity": 0.01
  },
  {
    "event_id": "7b681c7f26e0fb15cf7910afc4ff7164c62ad15716d5753e1fb039e8c943928b",
    "schema_version": "1.0.0",
    "event_type": "agent_order",
    "source": "synthetic_agent",
    "symbol": "BTCUSDT",
    "exchange": "binance_usdm",
    "timestamp": "2024-05-01T00:00:00.400000Z",
    "sequence": 4,
    "scenario_id": "scenario-372-passive_market_maker",
    "agent_id": "agent-passive_market_maker",
    "order_id": "scenario-372-passive_market_maker-agent-passive_market_maker-4",
    "action": "new",
    "side": "buy",
    "price": 65306.628,
    "quantity": 0.01,
    "remaining_quantity": 0.01
  },
  {
    "event_id": "a8b34b0792c73c98baf3c86029e42a983ccdc39150b5a046378deafc3e494f17",
    "schema_version": "1.0.0",
    "event_type": "agent_order",
    "source": "synthetic_agent",
    "symbol": "BTCUSDT",
    "exchange": "binance_usdm",
    "timestamp": "2024-05-01T00:00:00.500000Z",
    "sequence": 5,
    "scenario_id": "scenario-372-passive_market_maker",
    "agent_id": "agent-passive_market_maker",
    "order_id": "scenario-372-passive_market_maker-agent-passive_market_maker-5",
    "action": "new",
    "side": "sell",
    "price": 65437.371999999996,
    "quantity": 0.01,
    "remaining_quantity": 0.01
  },
  {
    "event_id": "321298078abbffaf3d1bcaa31946d89579a30f9052700b696d571282c791a664",
    "schema_version": "1.0.0",
    "event_type": "agent_order",
    "source": "synthetic_agent",
    "symbol": "BTCUSDT",
    "exchange": "binance_usdm",
    "timestamp": "2024-05-01T00:00:00.600000Z",
    "sequence": 6,
    "scenario_id": "scenario-372-passive_market_maker",
    "agent_id": "agent-passive_market_maker",
    "order_id": "scenario-372-passive_market_maker-agent-passive_market_maker-6",
    "action": "new",
    "side": "buy",
    "price": 65306.628,
    "quantity": 0.01,
    "remaining_quantity": 0.01
  },
  {
    "event_id": "d6edc4b2de892fae7983a2b6528b09590d2e1768ed6d91e570f45bdfe677c4e0",
    "schema_version": "1.0.0",
    "event_type": "agent_order",
    "source": "synthetic_agent",
    "symbol": "BTCUSDT",
    "exchange": "binance_usdm",
    "timestamp": "2024-05-01T00:00:00.700000Z",
    "sequence": 7,
    "scenario_id": "scenario-372-passive_market_maker",
    "agent_id": "agent-passive_market_maker",
    "order_id": "scenario-372-passive_market_maker-agent-passive_market_maker-7",
    "action": "new",
    "side": "sell",
    "price": 65437.371999999996,
    "quantity": 0.01,
    "remaining_quantity": 0.01
  },
  {
    "event_id": "c34055501e3cd351ffdc4bf06001fbade7ca12060560e6464ff1025380c61682",
    "schema_version": "1.0.0",
    "event_type": "agent_order",
    "source": "synthetic_agent",
    "symbol": "BTCUSDT",
    "exchange": "binance_usdm",
    "timestamp": "2024-05-01T00:00:00.800000Z",
    "sequence": 8,
    "scenario_id": "scenario-372-passive_market_maker",
    "agent_id": "agent-passive_market_maker",
    "order_id": "scenario-372-passive_market_maker-agent-passive_market_maker-8",
    "action": "new",
    "side": "buy",
    "price": 65306.628,
    "quantity": 0.01,
    "remaining_quantity": 0.01
  },
  {
    "event_id": "86a8f51476e11cb84765760960f97450ea2018c897acd60bf0c81a7984e70cbf",
    "schema_version": "1.0.0",
    "event_type": "agent_order",
    "source": "synthetic_agent",
    "symbol": "BTCUSDT",
    "exchange": "binance_usdm",
    "timestamp": "2024-05-01T00:00:00.900000Z",
    "sequence": 9,
    "scenario_id": "scenario-372-passive_market_maker",
    "agent_id": "agent-passive_market_maker",
    "order_id": "scenario-372-passive_market_maker-agent-passive_market_maker-9",
    "action": "new",
    "side": "sell",
    "price": 65437.371999999996,
    "quantity": 0.01,
    "remaining_quantity": 0.01
  },
  {
    "event_id": "f7f905243881ca57842b6247be4ea3e7c666520982fc9f829aa2428bc25cbcd1",
    "schema_version": "1.0.0",
    "event_type": "agent_order",
    "source": "synthetic_agent",
    "symbol": "BTCUSDT",
    "exchange": "binance_usdm",
    "timestamp": "2024-05-01T00:00:01Z",
    "sequence": 10,
    "scenario_id": "scenario-372-passive_market_maker",
    "agent_id": "agent-passive_market_maker",
    "order_id": "scenario-372-passive_market_maker-agent-passive_market_maker-10",
    "action": "new",
    "side": "buy",
    "price": 65306.628,
    "quantity": 0.01,
    "remaining_quantity": 0.01
  },
  {
    "event_id": "7f6c2f07a50cd1c1c8d3636b55bb7e736f575b84255fe92d67fda5974695a067",
    "schema_version": "1.0.0",
    "event_type": "agent_order",
    "source": "synthetic_agent",
    "symbol": "BTCUSDT",
    "exchange": "binance_usdm",
    "timestamp": "2024-05-01T00:00:01.100000Z",
    "sequence": 11,
    "scenario_id": "scenario-372-passive_market_maker",
    "agent_id": "agent-passive_market_maker",
    "order_id": "scenario-372-passive_market_maker-agent-passive_market_maker-11",
    "action": "new",
    "side": "sell",
    "price": 65437.371999999996,
    "quantity": 0.01,
    "remaining_quantity": 0.01
  },
  {
    "event_id": "aeec022194bc2202b20306e0d9ea4e470f18fa4492584c7bc70f543cdea2fa49",
    "schema_version": "1.0.0",
    "event_type": "agent_order",
    "source": "synthetic_agent",
    "symbol": "BTCUSDT",
    "exchange": "binance_usdm",
    "timestamp": "2024-05-01T00:00:01.200000Z",
    "sequence": 12,
    "scenario_id": "scenario-372-passive_market_maker",
    "agent_id": "agent-passive_market_maker",
    "order_id": "scenario-372-passive_market_maker-agent-passive_market_maker-12",
    "action": "new",
    "side": "buy",
    "price": 65306.628,
    "quantity": 0.01,
    "remaining_quantity": 0.01
  },
  {
    "event_id": "5ba6aa1e1ca5f2ed5e686003bf32e97fe08b84695585679d797b914ef37c65c3",
    "schema_version": "1.0.0",
    "event_type": "agent_order",
    "source": "synthetic_agent",
    "symbol": "BTCUSDT",
    "exchange": "binance_usdm",
    "timestamp": "2024-05-01T00:00:01.300000Z",
    "sequence": 13,
    "scenario_id": "scenario-372-passive_market_maker",
    "agent_id": "agent-passive_market_maker",
    "order_id": "scenario-372-passive_market_maker-agent-passive_market_maker-13",
    "action": "new",
    "side": "sell",
    "price": 65437.371999999996,
    "quantity": 0.01,
    "remaining_quantity": 0.01
  },
  {
    "event_id": "a31ac299ad6535cbf9743f38c70cc337fe7bfe4c876d38b69dd06b9753844e6b",
    "schema_version": "1.0.0",
    "event_type": "agent_order",
    "source": "synthetic_agent",
    "symbol": "BTCUSDT",
    "exchange": "binance_usdm",
    "timestamp": "2024-05-01T00:00:01.400000Z",
    "sequence": 14,
    "scenario_id": "scenario-372-passive_market_maker",
    "agent_id": "agent-passive_market_maker",
    "order_id": "scenario-372-passive_market_maker-agent-passive_market_maker-14",
    "action": "new",
    "side": "buy",
    "price": 65306.628,
    "quantity": 0.01,
    "remaining_quantity": 0.01
  },
  {
    "event_id": "fb855d79dc4bef889d08a71bab5a4fc6772180c75eb54f6ecc462f3259775162",
    "schema_version": "1.0.0",
    "event_type": "agent_order",
    "source": "synthetic_agent",
    "symbol": "BTCUSDT",
    "exchange": "binance_usdm",
    "timestamp": "2024-05-01T00:00:01.500000Z",
    "sequence": 15,
    "scenario_id": "scenario-372-passive_market_maker",
    "agent_id": "agent-passive_market_maker",
    "order_id": "scenario-372-passive_market_maker-agent-passive_market_maker-15",
    "action": "new",
    "side": "sell",
    "price": 65437.371999999996,
    "quantity": 0.01,
    "remaining_quantity": 0.01
  },
  {
    "event_id": "7a5ff8dbff29efca6c04fb205ff3504eeea6fa5805dcd37e918ba6038471ab1d",
    "schema_version": "1.0.0",
    "event_type": "agent_order",
    "source": "synthetic_agent",
    "symbol": "BTCUSDT",
    "exchange": "binance_usdm",
    "timestamp": "2024-05-01T00:00:01.600000Z",
    "sequence": 16,
    "scenario_id": "scenario-372-passive_market_maker",
    "agent_id": "agent-passive_market_maker",
    "order_id": "scenario-372-passive_market_maker-agent-passive_market_maker-16",
    "action": "new",
    "side": "buy",
    "price": 65306.628,
    "quantity": 0.01,
    "remaining_quantity": 0.01
  },
  {
    "event_id": "66c88684071743f62050be47c0aaac3e3b1756dfe6c10c70c7bf89cd2cba977b",
    "schema_version": "1.0.0",
    "event_type": "agent_order",
    "source": "synthetic_agent",
    "symbol": "BTCUSDT",
    "exchange": "binance_usdm",
    "timestamp": "2024-05-01T00:00:01.700000Z",
    "sequence": 17,
    "scenario_id": "scenario-372-passive_market_maker",
    "agent_id": "agent-passive_market_maker",
    "order_id": "scenario-372-passive_market_maker-agent-passive_market_maker-17",
    "action": "new",
    "side": "sell",
    "price": 65437.371999999996,
    "quantity": 0.01,
    "remaining_quantity": 0.01
  },
  {
    "event_id": "e95e686514e9a9b380684a4f4fa2c9178c0e820ce663990a78cbcdb10a0551c3",
    "schema_version": "1.0.0",
    "event_type": "agent_order",
    "source": "synthetic_agent",
    "symbol": "BTCUSDT",
    "exchange": "binance_usdm",
    "timestamp": "2024-05-01T00:00:01.800000Z",
    "sequence": 18,
    "scenario_id": "scenario-372-passive_market_maker",
    "agent_id": "agent-passive_market_maker",
    "order_id": "scenario-372-passive_market_maker-agent-passive_market_maker-18",
    "action": "new",
    "side": "buy",
    "price": 65306.628,
    "quantity": 0.01,
    "remaining_quantity": 0.01
  },
  {
    "event_id": "ba9b52e62052f734686bd4e7bda8c76aad251df8631e4fec5ba2c8e0e7d268f1",
    "schema_version": "1.0.0",
    "event_type": "agent_order",
    "source": "synthetic_agent",
    "symbol": "BTCUSDT",
    "exchange": "binance_usdm",
    "timestamp": "2024-05-01T00:00:01.900000Z",
    "sequence": 19,
    "scenario_id": "scenario-372-passive_market_maker",
    "agent_id": "agent-passive_market_maker",
    "order_id": "scenario-372-passive_market_maker-agent-passive_market_maker-19",
    "action": "new",
    "side": "sell",
    "price": 65437.371999999996,
    "quantity": 0.01,
    "remaining_quantity": 0.01
  },
  {
    "event_id": "7e0c1b539b3290006cd8229b8feab3e42f83cb6a849977278e425222a8a93eb9",
    "schema_version": "1.0.0",
    "event_type": "agent_order",
    "source": "synthetic_agent",
    "symbol": "BTCUSDT",
    "exchange": "binance_usdm",
    "timestamp": "2024-05-01T00:00:02Z",
    "sequence": 20,
    "scenario_id": "scenario-372-passive_market_maker",
    "agent_id": "agent-passive_market_maker",
    "order_id": "scenario-372-passive_market_maker-agent-passive_market_maker-20",
    "action": "new",
    "side": "buy",
    "price": 65306.628,
    "quantity": 0.01,
    "remaining_quantity": 0.01
  },
  {
    "event_id": "8191ff176fd64dcbc8a010aa0d97b235e80847e6fd62783e244c921d28b84ce3",
    "schema_version": "1.0.0",
    "event_type": "agent_order",
    "source": "synthetic_agent",
    "symbol": "BTCUSDT",
    "exchange": "binance_usdm",
    "timestamp": "2024-05-01T00:00:02.100000Z",
    "sequence": 21,
    "scenario_id": "scenario-372-passive_market_maker",
    "agent_id": "agent-passive_market_maker",
    "order_id": "scenario-372-passive_market_maker-agent-passive_market_maker-21",
    "action": "new",
    "side": "sell",
    "price": 65437.371999999996,
    "quantity": 0.01,
    "remaining_quantity": 0.01
  },
  {
    "event_id": "83260e09765d99d8b69dbb9d5ccc46d4e6bb7c606aa87d180aea62d099672f33",
    "schema_version": "1.0.0",
    "event_type": "agent_order",
    "source": "synthetic_agent",
    "symbol": "BTCUSDT",
    "exchange": "binance_usdm",
    "timestamp": "2024-05-01T00:00:02.200000Z",
    "sequence": 22,
    "scenario_id": "scenario-372-passive_market_maker",
    "agent_id": "agent-passive_market_maker",
    "order_id": "scenario-372-passive_market_maker-agent-passive_market_maker-22",
    "action": "new",
    "side": "buy",
    "price": 65306.628,
    "quantity": 0.01,
    "remaining_quantity": 0.01
  },
  {
    "event_id": "c4e7d835124f49c7eab3f40059f17bf677bc5d47fce324ac4785326065aa7a3d",
    "schema_version": "1.0.0",
    "event_type": "agent_order",
    "source": "synthetic_agent",
    "symbol": "BTCUSDT",
    "exchange": "binance_usdm",
    "timestamp": "2024-05-01T00:00:02.300000Z",
    "sequence": 23,
    "scenario_id": "scenario-372-passive_market_maker",
    "agent_id": "agent-passive_market_maker",
    "order_id": "scenario-372-passive_market_maker-agent-passive_market_maker-23",
    "action": "new",
    "side": "sell",
    "price": 65437.371999999996,
    "quantity": 0.01,
    "remaining_quantity": 0.01
  },
  {
    "event_id": "f31dd57686a54786b5c160bccf91328716136c851464e59199f44aa6585432f2",
    "schema_version": "1.0.0",
    "event_type": "agent_order",
    "source": "synthetic_agent",
    "symbol": "BTCUSDT",
    "exchange": "binance_usdm",
    "timestamp": "2024-05-01T00:00:02.400000Z",
    "sequence": 24,
    "scenario_id": "scenario-372-passive_market_maker",
    "agent_id": "agent-passive_market_maker",
    "order_id": "scenario-372-passive_market_maker-agent-passive_market_maker-24",
    "action": "new",
    "side": "buy",
    "price": 65306.628,
    "quantity": 0.01,
    "remaining_quantity": 0.01
  },
  {
    "event_id": "9925ddd79ed02c7301f7647728b9fbb41268692048bef72e3f94582931462bf2",
    "schema_version": "1.0.0",
    "event_type": "agent_order",
    "source": "synthetic_agent",
    "symbol": "BTCUSDT",
    "exchange": "binance_usdm",
    "timestamp": "2024-05-01T00:00:02.500000Z",
    "sequence": 25,
    "scenario_id": "scenario-372-passive_market_maker",
    "agent_id": "agent-passive_market_maker",
    "order_id": "scenario-372-passive_market_maker-agent-passive_market_maker-25",
    "action": "new",
    "side": "sell",
    "price": 65437.371999999996,
    "quantity": 0.01,
    "remaining_quantity": 0.01
  },
  {
    "event_id": "f0b3da6dd15ee3834d82f30b2191b48d2035f480fbd234f82368449ac3e53c3d",
    "schema_version": "1.0.0",
    "event_type": "agent_order",
    "source": "synthetic_agent",
    "symbol": "BTCUSDT",
    "exchange": "binance_usdm",
    "timestamp": "2024-05-01T00:00:02.600000Z",
    "sequence": 26,
    "scenario_id": "scenario-372-passive_market_maker",
    "agent_id": "agent-passive_market_maker",
    "order_id": "scenario-372-passive_market_maker-agent-passive_market_maker-26",
    "action": "new",
    "side": "buy",
    "price": 65306.628,
    "quantity": 0.01,
    "remaining_quantity": 0.01
  },
  {
    "event_id": "185eb3573e5f2cde0778f3fb2d07095e4d4435f26f8680af91e905fe30a5314d",
    "schema_version": "1.0.0",
    "event_type": "agent_order",
    "source": "synthetic_agent",
    "symbol": "BTCUSDT",
    "exchange": "binance_usdm",
    "timestamp": "2024-05-01T00:00:02.700000Z",
    "sequence": 27,
    "scenario_id": "scenario-372-passive_market_maker",
    "agent_id": "agent-passive_market_maker",
    "order_id": "scenario-372-passive_market_maker-agent-passive_market_maker-27",
    "action": "new",
    "side": "sell",
    "price": 65437.371999999996,
    "quantity": 0.01,
    "remaining_quantity": 0.01
  },
  {
    "event_id": "cd514470e15d64b0ae6fc0abce75abbeb58ca400a6e7139d3d02fa90201b2398",
    "schema_version": "1.0.0",
    "event_type": "agent_order",
    "source": "synthetic_agent",
    "symbol": "BTCUSDT",
    "exchange": "binance_usdm",
    "timestamp": "2024-05-01T00:00:02.800000Z",
    "sequence": 28,
    "scenario_id": "scenario-372-passive_market_maker",
    "agent_id": "agent-passive_market_maker",
    "order_id": "scenario-372-passive_market_maker-agent-passive_market_maker-28",
    "action": "new",
    "side": "buy",
    "price": 65306.628,
    "quantity": 0.01,
    "remaining_quantity": 0.01
  },
  {
    "event_id": "6c1869d17d2fd4a633c3c3c845e4226af26c99ff1baaceb5ecad27869a671c39",
    "schema_version": "1.0.0",
    "event_type": "agent_order",
    "source": "synthetic_agent",
    "symbol": "BTCUSDT",
    "exchange": "binance_usdm",
    "timestamp": "2024-05-01T00:00:02.900000Z",
    "sequence": 29,
    "scenario_id": "scenario-372-passive_market_maker",
    "agent_id": "agent-passive_market_maker",
    "order_id": "scenario-372-passive_market_maker-agent-passive_market_maker-29",
    "action": "new",
    "side": "sell",
    "price": 65437.371999999996,
    "quantity": 0.01,
    "remaining_quantity": 0.01
  }
]