[
  {
    "event_id": "7d2971eacb6654df71ba3eb0ec616a1f2289c1c2ce455b84785a9ca7145c9c9d",
    "schema_version": "1.0.0",
    "event_type": "agent_order",
    "source": "synthetic_agent",
    "symbol": "BTCUSDT",
    "exchange": "binance_usdm",
    "timestamp": "2024-05-01T00:00:00Z",
    "sequence": 0,
    "scenario_id": "scenario-165-stop_run_sweep",
    "agent_id": "agent-stop_run_sweep",
    "order_id": "scenario-165-stop_run_sweep-agent-stop_run_sweep-0",
    "action": "new",
    "side": "buy",
    "price": 65230.16499999999,
    "quantity": 0.06,
    "remaining_quantity": 0.06
  },
  {
    "event_id": "12ad87f6632efbfc26ab1ed820a4cf4dce74d6ec7ab368cd617b9d35a7a53a50",
    "schema_version": "1.0.0",
    "event_type": "agent_order",
    "source": "synthetic_agent",
    "symbol": "BTCUSDT",
    "exchange": "binance_usdm",
    "timestamp": "2024-05-01T00:00:00.030000Z",
    "sequence": 1,
    "scenario_id": "scenario-165-stop_run_sweep",
    "agent_id": "agent-stop_run_sweep",
    "order_id": "scenario-165-stop_run_sweep-agent-stop_run_sweep-1",
    "action": "new",
    "side": "buy",
    "price": 65233.42325,
    "quantity": 0.06,
    "remaining_quantity": 0.06
  },
  {
    "event_id": "b499bfc1a758a63d94a1ef55cf236e91b1d23c05da2224c830f14c82fda91366",
    "schema_version": "1.0.0",
    "event_type": "agent_order",
    "source": "synthetic_agent",
    "symbol": "BTCUSDT",
    "exchange": "binance_usdm",
    "timestamp": "2024-05-01T00:00:00.060000Z",
    "sequence": 2,
    "scenario_id": "scenario-165-stop_run_sweep",
    "agent_id": "agent-stop_run_sweep",
    "order_id": "scenario-165-stop_run_sweep-agent-stop_run_sweep-2",
    "action": "new",
    "side": "buy",
    "price": 65236.68149999999,
    "quantity": 0.06,
    "remaining_quantity": 0.06
  },
  {
    "event_id": "e11d8fdd9598ec9b87ad0944a0fa8a2595c76a0143ed7367a934db81727fee6a",
    "schema_version": "1.0.0",
    "event_type": "agent_order",
    "source": "synthetic_agent",
    "symbol": "BTCUSDT",
    "exchange": "binance_usdm",
    "timestamp": "2024-05-01T00:00:00.090000Z",
    "sequence": 3,
    "scenario_id": "scenario-165-stop_run_sweep",
    "agent_id": "agent-stop_run_sweep",
    "order_id": "scenario-165-stop_run_sweep-agent-stop_run_sweep-3",
    "action": "new",
    "side": "buy",
    "price": 65239.93975,
    "quantity": 0.06,
    "remaining_quantity": 0.06
  },
  {
    "event_id": "8dd84281618867fa6c91d72177c8966f7ac93505393131db40ae992947e8a54f",
    "schema_version": "1.0.0",
    "event_type": "agent_order",
    "source": "synthetic_agent",
    "symbol": "BTCUSDT",
    "exchange": "binance_usdm",
    "timestamp": "2024-05-01T00:00:00.120000Z",
    "sequence": 4,
    "scenario_id": "scenario-165-stop_run_sweep",
    "agent_id": "agent-stop_run_sweep",
    "order_id": "scenario-165-stop_run_sweep-agent-stop_run_sweep-4",
    "action": "new",
    "side": "buy",
    "price": 65243.19799999999,
    "quantity": 0.06,
    "remaining_quantity": 0.06
  },
  {
    "event_id": "e43dfb8dfe0675704c6bcc021ba3cfe32dabb7a4069971899d21693cb815b918",
    "schema_version": "1.0.0",
    "event_type": "agent_order",
    "source": "synthetic_agent",
    "symbol": "BTCUSDT",
    "exchange": "binance_usdm",
    "timestamp": "2024-05-01T00:00:00.150000Z",
    "sequence": 5,
    "scenario_id": "scenario-165-stop_run_sweep",
    "agent_id": "agent-stop_run_sweep",
    "order_id": "scenario-165-stop_run_sweep-agent-stop_run_sweep-5",
    "action": "new",
    "side": "buy",
    "price": 65246.456249999996,
    "quantity": 0.06,
    "remaining_quantity": 0.06
  },
  {
    "event_id": "5109b71dddbc5fe05c5ae5617da243df5b50894ef7ffadeb94138e3573caa07a",
    "schema_version": "1.0.0",
    "event_type": "agent_order",
    "source": "synthetic_agent",
    "symbol": "BTCUSDT",
    "exchange": "binance_usdm",
    "timestamp": "2024-05-01T00:00:00.180000Z",
    "sequence": 6,
    "scenario_id": "scenario-165-stop_run_sweep",
    "agent_id": "agent-stop_run_sweep",
    "order_id": "scenario-165-stop_run_sweep-agent-stop_run_sweep-6",
    "action": "new",
    "side": "buy",
    "price": 65249.71449999999,
    "quantity": 0.06,
    "remaining_quantity": 0.06
  },
  {
    "event_id": "c40aadc2589adc0b4be3278ad5240a59c65d19a5c1d985817fc81efe59d90189",
    "schema_version": "1.0.0",
    "event_type": "agent_order",
    "source": "synthetic_agent",
    "symbol": "BTCUSDT",
    "exchange": "binance_usdm",
    "timestamp": "2024-05-01T00:00:00.210000Z",
    "sequence": 7,
    "scenario_id": "scenario-165-stop_run_sweep",
    "agent_id": "agent-stop_run_sweep",
    "order_id": "scenario-165-stop_run_sweep-agent-stop_run_sweep-7",
    "action": "new",
    "side": "buy",
    "price": 65252.97275,
    "quantity": 0.06,
    "remaining_quantity": 0.06
  },
  {
    "event_id": "7b07afea73da84733ca5e91040e99265cac8cb428a9f3165ef19714410af7192",
    "schema_version": "1.0.0",
    "event_type": "agent_order",
    "source": "synthetic_agent",
    "symbol": "BTCUSDT",
    "exchange": "binance_usdm",
    "timestamp": "2024-05-01T00:00:00.240000Z",
    "sequence": 8,
    "scenario_id": "scenario-165-stop_run_sweep",
    "agent_id": "agent-stop_run_sweep",
    "order_id": "scenario-165-stop_run_sweep-agent-stop_run_sweep-8",
    "action": "new",
    "side": "buy",
    "price": 65256.23099999999,
    "quantity": 0.06,
    "remaining_quantity": 0.06
  },
  {
    "event_id": "1d0785737111bc15cc7be991a4493f563afc4eb27c862687d8468b3f87922bf5",
    "schema_version": "1.0.0",
    "event_type": "agent_order",
    "source": "synthetic_agent",
    "symbol": "BTCUSDT",
    "exchange": "binance_usdm",
    "timestamp": "2024-05-01T00:00:00.270000Z",
    "sequence": 9,
    "scenario_id": "scenario-165-stop_run_sweep",
    "agent_id": "agent-stop_run_sweep",
    "order_id": "scenario-165-stop_run_sweep-agent-stop_run_sweep-9",
    "action": "new",
    "side": "buy",
    "price": 65259.48925,
    "quantity": 0.06,
    "remaining_quantity": 0.06
  },
  {
    "event_id": "fc12ce801a7788d788afa8e7f1f727ba5b41843bfb7ccc139834564de8a07820",
    "schema_version": "1.0.0",
    "event_type": "agent_order",
    "source": "synthetic_agent",
    "symbol": "BTCUSDT",
    "exchange": "binance_usdm",
    "timestamp": "2024-05-01T00:00:00.300000Z",
    "sequence": 10,
    "scenario_id": "scenario-165-stop_run_sweep",
    "agent_id": "agent-stop_run_sweep",
    "order_id": "scenario-165-stop_run_sweep-agent-stop_run_sweep-10",
    "action": "new",
    "side": "buy",
    "price": 65262.74749999999,
    "quantity": 0.06,
    "remaining_quantity": 0.06
  },
  {
    "event_id": "f37c6d699fbb923e79fcb63da12f84859121141cb471ac3e78e1066ea01e7972",
    "schema_version": "1.0.0",
    "event_type": "agent_order",
    "source": "synthetic_agent",
    "symbol": "BTCUSDT",
    "exchange": "binance_usdm",
    "timestamp": "2024-05-01T00:00:00.330000Z",
    "sequence": 11,
    "scenario_id": "scenario-165-stop_run_sweep",
    "agent_id": "agent-stop_run_sweep",
    "order_id": "scenario-165-stop_run_sweep-agent-stop_run_sweep-11",
    "action": "new",
    "side": "buy",
    "price": 65266.00575,
    "quantity": 0.06,
    "remaining_quantity": 0.06
  },
  {
    "event_id": "8254f293838cbae56a03c5b24701540c32094123e6496d934b36516feb43ddee",
    "schema_version": "1.0.0",
    "event_type": "agent_order",
    "source": "synthetic_agent",
    "symbol": "BTCUSDT",
    "exchange": "binance_usdm",
    "timestamp": "2024-05-01T00:00:00.360000Z",
    "sequence": 12,
    "scenario_id": "scenario-165-stop_run_sweep",
    "agent_id": "agent-stop_run_sweep",
    "order_id": "scenario-165-stop_run_sweep-agent-stop_run_sweep-12",
    "action": "new",
    "side": "buy",
    "price": 65269.26399999999,
    "quantity": 0.06,
    "remaining_quantity": 0.06
  },
  {
    "event_id": "a7d5375a3b8b469d2bf39711c8a95727bedcb781ee5ca87de60ac6f202d675c0",
    "schema_version": "1.0.0",
    "event_type": "agent_order",
    "source": "synthetic_agent",
    "symbol": "BTCUSDT",
    "exchange": "binance_usdm",
    "timestamp": "2024-05-01T00:00:00.390000Z",
    "sequence": 13,
    "scenario_id": "scenario-165-stop_run_sweep",
    "agent_id": "agent-stop_run_sweep",
    "order_id": "scenario-165-stop_run_sweep-agent-stop_run_sweep-13",
    "action": "new",
    "side": "buy",
    "price": 65272.522249999995,
    "quantity": 0.06,
    "remaining_quantity": 0.06
  },
  {
    "event_id": "27991da83116f64cc1115e944e8f7128689d9912bc982a6bd2e19e2f825b7d28",
    "schema_version": "1.0.0",
    "event_type": "agent_order",
    "source": "synthetic_agent",
    "symbol": "BTCUSDT",
    "exchange": "binance_usdm",
    "timestamp": "2024-05-01T00:00:00.420000Z",
    "sequence": 14,
    "scenario_id": "scenario-165-stop_run_sweep",
    "agent_id": "agent-stop_run_sweep",
    "order_id": "scenario-165-stop_run_sweep-agent-stop_run_sweep-14",
    "action": "new",
    "side": "buy",
    "price": 65275.780499999986,
    "quantity": 0.06,
    "remaining_quantity": 0.06
  },
  {
    "event_id": "4524918c92f4e34988103d55924f0a4bbeeb81dfa9d793fa3543143243c6f2d8",
    "schema_version": "1.0.0",
    "event_type": "agent_order",
    "source": "synthetic_agent",
    "symbol": "BTCUSDT",
    "exchange": "binance_usdm",
    "timestamp": "2024-05-01T00:00:00.450000Z",
    "sequence": 15,
    "scenario_id": "scenario-165-stop_run_sweep",
    "agent_id": "agent-stop_run_sweep",
    "order_id": "scenario-165-stop_run_sweep-agent-stop_run_sweep-15",
    "action": "new",
    "side": "buy",
    "price": 65279.03874999999,
    "quantity": 0.06,
    "remaining_quantity": 0.06
  },
  {
    "event_id": "a3851a7688964bce359929b8c7e711a744e887f54647d531632fd6c3ac0f6ead",
    "schema_version": "1.0.0",
    "event_type": "agent_order",
    "source": "synthetic_agent",
    "symbol": "BTCUSDT",
    "exchange": "binance_usdm",
    "timestamp": "2024-05-01T00:00:00.480000Z",
    "sequence": 16,
    "scenario_id": "scenario-165-stop_run_sweep",
    "agent_id": "agent-stop_run_sweep",
    "order_id": "scenario-165-stop_run_sweep-agent-stop_run_sweep-16",
    "action": "new",
    "side": "buy",
    "price": 65282.296999999984,
    "quantity": 0.06,
    "remaining_quantity": 0.06
  },
  {
    "event_id": "3fa1bac6e6ab9c8f24297050e2c0f32d36f4693c7e31eb261d94a905b1153fb6",
    "schema_version": "1.0.0",
    "event_type": "agent_order",
    "source": "synthetic_agent",
    "symbol": "BTCUSDT",
    "exchange": "binance_usdm",
    "timestamp": "2024-05-01T00:00:00.510000Z",
    "sequence": 17,
    "scenario_id": "scenario-165-stop_run_sweep",
    "agent_id": "agent-stop_run_sweep",
    "order_id": "scenario-165-stop_run_sweep-agent-stop_run_sweep-17",
    "action": "new",
    "side": "buy",
    "price": 65285.55524999999,
    "quantity": 0.06,
    "remaining_quantity": 0.06
  },
  {
    "event_id": "3a10ef6c3f92c05e96e3981474e7b404d6f8fb3a0aa0478cf5e973344c940297",
    "schema_version": "1.0.0",
    "event_type": "agent_order",
    "source": "synthetic_agent",
    "symbol": "BTCUSDT",
    "exchange": "binance_usdm",
    "timestamp": "2024-05-01T00:00:00.540000Z",
    "sequence": 18,
    "scenario_id": "scenario-165-stop_run_sweep",
    "agent_id": "agent-stop_run_sweep",
    "order_id": "scenario-165-stop_run_sweep-agent-stop_run_sweep-18",
    "action": "new",
    "side": "buy",
    "price": 65288.81349999999,
    "quantity": 0.06,
    "remaining_quantity": 0.06
  },
  {
    "event_id": "f5aba059c2bd36e249f55bcaa5d582ba7cd6d9a9e5e70c5043940509445d380b",
    "schema_version": "1.0.0",
    "event_type": "agent_order",
    "source": "synthetic_agent",
    "symbol": "BTCUSDT",
    "exchange": "binance_usdm",
    "timestamp": "2024-05-01T00:00:00.570000Z",
    "sequence": 19,
    "scenario_id": "scenario-165-stop_run_sweep",
    "agent_id": "agent-stop_run_sweep",
    "order_id": "scenario-165-stop_run_sweep-agent-stop_run_sweep-19",
    "action": "new",
    "side": "buy",
    "price": 65292.071749999996,
    "quantity": 0.06,
    "remaining_quantity": 0.06
  },
  {
    "event_id": "32c2f76e627af4ef175975073d4ee430b2e7202e74114876b94ed0dd84ad699d",
    "schema_version": "1.0.0",
    "event_type": "agent_order",
    "source": "synthetic_agent",
    "symbol": "BTCUSDT",
    "exchange": "binance_usdm",
    "timestamp": "2024-05-01T00:00:00.600000Z",
    "sequence": 20,
    "scenario_id": "scenario-165-stop_run_sweep",
    "agent_id": "agent-stop_run_sweep",
    "order_id": "scenario-165-stop_run_sweep-agent-stop_run_sweep-20",
    "action": "new",
    "side": "buy",
    "price": 65295.32999999999,
    "quantity": 0.06,
    "remaining_quantity": 0.06
  },
  {
    "event_id": "a5cfb281b0dd7f9c9ad7847865eb46c9c0c564de7c3ca13434731b4ea3ff8fec",
    "schema_version": "1.0.0",
    "event_type": "agent_order",
    "source": "synthetic_agent",
    "symbol": "BTCUSDT",
    "exchange": "binance_usdm",
    "timestamp": "2024-05-01T00:00:00.630000Z",
    "sequence": 21,
    "scenario_id": "scenario-165-stop_run_sweep",
    "agent_id": "agent-stop_run_sweep",
    "order_id": "scenario-165-stop_run_sweep-agent-stop_run_sweep-21",
    "action": "new",
    "side": "buy",
    "price": 65298.58824999999,
    "quantity": 0.06,
    "remaining_quantity": 0.06
  },
  {
    "event_id": "57e28b231c69be25d8bb662489f212abf148c9acabb567013cbe8e4208aa6ced",
    "schema_version": "1.0.0",
    "event_type": "agent_order",
    "source": "synthetic_agent",
    "symbol": "BTCUSDT",
    "exchange": "binance_usdm",
    "timestamp": "2024-05-01T00:00:00.660000Z",
    "sequence": 22,
    "scenario_id": "scenario-165-stop_run_sweep",
    "agent_id": "agent-stop_run_sweep",
    "order_id": "scenario-165-stop_run_sweep-agent-stop_run_sweep-22",
    "action": "new",
    "side": "buy",
    "price": 65301.8465,
    "quantity": 0.06,
    "remaining_quantity": 0.06
  },
  {
    "event_id": "f147491fd57a55c9f5c5bb1494931c27ada10fe1bf390dd1a1a18ceb9db4f2cd",
    "schema_version": "1.0.0",
    "event_type": "agent_order",
    "source": "synthetic_agent",
    "symbol": "BTCUSDT",
    "exchange": "binance_usdm",
    "timestamp": "2024-05-01T00:00:00.690000Z",
    "sequence": 23,
    "scenario_id": "scenario-165-stop_run_sweep",
    "agent_id": "agent-stop_run_sweep",
    "order_id": "scenario-165-stop_run_sweep-agent-stop_run_sweep-23",
    "action": "new",
    "side": "buy",
    "price": 65305.10474999999,
    "quantity": 0.06,
    "remaining_quantity": 0.06
  },
  {
    "event_id": "f6adcf0ed423770fcc0f97205360261de95f94da030470737806fad2271cd67d",
    "schema_version": "1.0.0",
    "event_type": "agent_order",
    "source": "synthetic_agent",
    "symbol": "BTCUSDT",
    "exchange": "binance_usdm",
    "timestamp": "2024-05-01T00:00:00.720000Z",
    "sequence": 24,
    "scenario_id": "scenario-165-stop_run_sweep",
    "agent_id": "agent-stop_run_sweep",
    "order_id": "scenario-165-stop_run_sweep-agent-stop_run_sweep-24",
    "action": "new",
    "side": "buy",
    "price": 65308.363,
    "quantity": 0.06,
    "remaining_quantity": 0.06
  },
  {
    "event_id": "51ca7f27ca4e4036428c860520ce02ab6b7400645704156bd8cf56f7bd7f9246",
    "schema_version": "1.0.0",
    "event_type": "agent_order",
    "source": "synthetic_agent",
    "symbol": "BTCUSDT",
    "exchange": "binance_usdm",
    "timestamp": "2024-05-01T00:00:00.750000Z",
    "sequence": 25,
    "scenario_id": "scenario-165-stop_run_sweep",
    "agent_id": "agent-stop_run_sweep",
    "order_id": "scenario-165-stop_run_sweep-agent-stop_run_sweep-25",
    "action": "new",
    "side": "buy",
    "price": 65311.62124999999,
    "quantity": 0.06,
    "remaining_quantity": 0.06
  },
  {
    "event_id": "02223a5131a13b6594a9a9036e7b33731bec5349093a90e52114fb369bb6daf5",
    "schema_version": "1.0.0",
    "event_type": "agent_order",
    "source": "synthetic_agent",
    "symbol": "BTCUSDT",
    "exchange": "binance_usdm",
    "timestamp": "2024-05-01T00:00:00.780000Z",
    "sequence": 26,
    "scenario_id": "scenario-165-stop_run_sweep",
    "agent_id": "agent-stop_run_sweep",
    "order_id": "scenario-165-stop_run_sweep-agent-stop_run_sweep-26",
    "action": "new",
    "side": "buy",
    "price": 65314.879499999995,
    "quantity": 0.06,
    "remaining_quantity": 0.06
  },
  {
    "event_id": "83ac34f0e90a5a78d6be2524b96f782eebb0ad68f219cecfbfd20b70bb47ac1e",
    "schema_version": "1.0.0",
    "event_type": "agent_order",
    "source": "synthetic_agent",
    "symbol": "BTCUSDT",
    "exchange": "binance_usdm",
    "timestamp": "2024-05-01T00:00:00.810000Z",
    "sequence": 27,
    "scenario_id": "scenario-165-stop_run_sweep",
    "agent_id": "agent-stop_run_sweep",
    "order_id": "scenario-165-stop_run_sweep-agent-stop_run_sweep-27",
    "action": "new",
    "side": "buy",
    "price": 65318.13774999999,
    "quantity": 0.06,
    "remaining_quantity": 0.06
  },
  {
    "event_id": "1ce326518c34d77d029d6f22da369e91d92440a6adadc2d2389c64659f015bf8",
    "schema_version": "1.0.0",
    "event_type": "agent_order",
    "source": "synthetic_agent",
    "symbol": "BTCUSDT",
    "exchange": "binance_usdm",
    "timestamp": "2024-05-01T00:00:00.840000Z",
    "sequence": 28,
    "scenario_id": "scenario-165-stop_run_sweep",
    "agent_id": "agent-stop_run_sweep",
    "order_id": "scenario-165-stop_run_sweep-agent-stop_run_sweep-28",
    "action": "new",
    "side": "buy",
    "price": 65321.396,
    "quantity": 0.06,
    "remaining_quantity": 0.06
  },
  {
    "event_id": "793269ea791c03f54484bb29e7a0a715c0637fcdcacbcebe7862d25401cc8ea1",
    "schema_version": "1.0.0",
    "event_type": "agent_order",
    "source": "synthetic_agent",
    "symbol": "BTCUSDT",
    "exchange": "binance_usdm",
    "timestamp": "2024-05-01T00:00:00.870000Z",
    "sequence": 29,
    "scenario_id": "scenario-165-stop_run_sweep",
    "agent_id": "agent-stop_run_sweep",
    "order_id": "scenario-165-stop_run_sweep-agent-stop_run_sweep-29",
    "action": "new",
    "side": "buy",
    "price": 65324.65424999999,
    "quantity": 0.06,
    "remaining_quantity": 0.06
  }
]