[
  {
    "event_id": "60b3ee70786b2f42b109ebaf63703aa02e327788202f654ac5bcae27298418bf",
    "schema_version": "1.0.0",
    "event_type": "agent_order",
    "source": "synthetic_agent",
    "symbol": "BTCUSDT",
    "exchange": "binance_usdm",
    "timestamp": "2024-05-01T00:00:00Z",
    "sequence": 0,
    "scenario_id": "scenario-160-quote_stuffing",
    "agent_id": "agent-quote_stuffing",
    "order_id": "scenario-160-quote_stuffing-agent-quote_stuffing-0",
    "action": "new",
    "side": "buy",
    "price": 65153.484000000004,
    "quantity": 0.001,
    "remaining_quantity": 0.001
  },
  {
    "event_id": "9c4e524ab2fb20df1d951744306f92aaae43585984c2c8fea7771b87632cf126",
    "schema_version": "1.0.0",
    "event_type": "agent_order",
    "source": "synthetic_agent",
    "symbol": "BTCUSDT",
    "exchange": "binance_usdm",
    "timestamp": "2024-05-01T00:00:00.005000Z",
    "sequence": 1,
    "scenario_id": "scenario-160-quote_stuffing",
    "agent_id": "agent-quote_stuffing",
    "order_id": "scenario-160-quote_stuffing-agent-quote_stuffing-1",
    "action": "new",
    "side": "sell",
    "price": 65166.515999999996,
    "quantity": 0.001,
    "remaining_quantity": 0.001
  },
  {
    "event_id": "196e79fcec6acd5d813e9ee7992c844567a76b01c70ce4d2b90acef4badb4bde",
    "schema_version": "1.0.0",
    "event_type": "agent_order",
    "source": "synthetic_agent",
    "symbol": "BTCUSDT",
    "exchange": "binance_usdm",
    "timestamp": "2024-05-01T00:00:00.010000Z",
    "sequence": 2,
    "scenario_id": "scenario-160-quote_stuffing",
    "agent_id": "agent-quote_stuffing",
    "order_id": "scenario-160-quote_stuffing-agent-quote_stuffing-2",
    "action": "new",
    "side": "buy",
    "price": 65153.484000000004,
    "quantity": 0.001,
    "remaining_quantity": 0.001
  },
  {
    "event_id": "d0ca29d256c8fc340294647e82f0627f06c468077a6d5049783603c4388d5d5b",
    "schema_version": "1.0.0",
    "event_type": "agent_order",
    "source": "synthetic_agent",
    "symbol": "BTCUSDT",
    "exchange": "binance_usdm",
    "timestamp": "2024-05-01T00:00:00.015000Z",
    "sequence": 3,
    "scenario_id": "scenario-160-quote_stuffing",
    "agent_id": "agent-quote_stuffing",
    "order_id": "scenario-160-quote_stuffing-agent-quote_stuffing-3",
    "action": "new",
    "side": "sell",
    "price": 65166.515999999996,
    "quantity": 0.001,
    "remaining_quantity": 0.001
  },
  {
    "event_id": "d97b021b4d81830900596e5ea565c4fc47ac937041a2c8c0fc03a741665d0745",
    "schema_version": "1.0.0",
    "event_type": "agent_order",
    "source": "synthetic_agent",
    "symbol": "BTCUSDT",
    "exchange": "binance_usdm",
    "timestamp": "2024-05-01T00:00:00.020000Z",
    "sequence": 4,
    "scenario_id": "scenario-160-quote_stuffing",
    "agent_id": "agent-quote_stuffing",
    "order_id": "scenario-160-quote_stuffing-agent-quote_stuffing-4",
    "action": "new",
    "side": "buy",
    "price": 65153.484000000004,
    "quantity": 0.001,
    "remaining_quantity": 0.001
  },
  {
    "event_id": "9190d8830b53d9f3338508fb780a9ed9042deaceb0b7f29ffcd396ece4023b61",
    "schema_version": "1.0.0",
    "event_type": "agent_order",
    "source": "synthetic_agent",
    "symbol": "BTCUSDT",
    "exchange": "binance_usdm",
    "timestamp": "2024-05-01T00:00:00.025000Z",
    "sequence": 5,
    "scenario_id": "scenario-160-quote_stuffing",
    "agent_id": "agent-quote_stuffing",
    "order_id": "scenario-160-quote_stuffing-agent-quote_stuffing-5",
    "action": "new",
    "side": "sell",
    "price": 65166.515999999996,
    "quantity": 0.001,
    "remaining_quantity": 0.001
  },
  {
    "event_id": "e009adaf519f94d103e0ee44f5ed8e060ed38b4475b444df0e35572934e47ed7",
    "schema_version": "1.0.0",
    "event_type": "agent_order",
    "source": "synthetic_agent",
    "symbol": "BTCUSDT",
    "exchange": "binance_usdm",
    "timestamp": "2024-05-01T00:00:00.030000Z",
    "sequence": 6,
    "scenario_id": "scenario-160-quote_stuffing",
    "agent_id": "agent-quote_stuffing",
    "order_id": "scenario-160-quote_stuffing-agent-quote_stuffing-6",
    "action": "new",
    "side": "buy",
    "price": 65153.484000000004,
    "quantity": 0.001,
    "remaining_quantity": 0.001
  },
  {
    "event_id": "30f43855c9ebb7e88f0bd1a2adfc175549d989c9db978f17547ccea958c16406",
    "schema_version": "1.0.0",
    "event_type": "agent_order",
    "source": "synthetic_agent",
    "symbol": "BTCUSDT",
    "exchange": "binance_usdm",
    "timestamp": "2024-05-01T00:00:00.035000Z",
    "sequence": 7,
    "scenario_id": "scenario-160-quote_stuffing",
    "agent_id": "agent-quote_stuffing",
    "order_id": "scenario-160-quote_stuffing-agent-quote_stuffing-7",
    "action": "new",
    "side": "sell",
    "price": 65166.515999999996,
    "quantity": 0.001,
    "remaining_quantity": 0.001
  },
  {
    "event_id": "576e0e461f61ec36d0663b42f442f090c2ee6b614b6a56da19d03fa554035f6f",
    "schema_version": "1.0.0",
    "event_type": "agent_order",
    "source": "synthetic_agent",
    "symbol": "BTCUSDT",
    "exchange": "binance_usdm",
    "timestamp": "2024-05-01T00:00:00.040000Z",
    "sequence": 8,
    "scenario_id": "scenario-160-quote_stuffing",
    "agent_id": "agent-quote_stuffing",
    "order_id": "scenario-160-quote_stuffing-agent-quote_stuffing-8",
    "action": "new",
    "side": "buy",
    "price": 65153.484000000004,
    "quantity": 0.001,
    "remaining_quantity": 0.001
  },
  {
    "event_id": "f4243492085172a4932db7b73eb9fbba839f4d16d0c078f1b9640bc49327197c",
    "schema_version": "1.0.0",
    "event_type": "agent_order",
    "source": "synthetic_agent",
    "symbol": "BTCUSDT",
    "exchange": "binance_usdm",
    "timestamp": "2024-05-01T00:00:00.045000Z",
    "sequence": 9,
    "scenario_id": "scenario-160-quote_stuffing",
    "agent_id": "agent-quote_stuffing",
    "order_id": "scenario-160-quote_stuffing-agent-quote_stuffing-9",
    "action": "new",
    "side": "sell",
    "price": 65166.515999999996,
    "quantity": 0.001,
    "remaining_quantity": 0.001
  },
  {
    "event_id": "80e65c48374272ef53e67ac510233a5ae251c84f5439002a386b6ec10504acbb",
    "schema_version": "1.0.0",
    "event_type": "agent_order",
    "source": "synthetic_agent",
    "symbol": "BTCUSDT",
    "exchange": "binance_usdm",
    "timestamp": "2024-05-01T00:00:00.050000Z",
    "sequence": 10,
    "scenario_id": "scenario-160-quote_stuffing",
    "agent_id": "agent-quote_stuffing",
    "order_id": "scenario-160-quote_stuffing-agent-quote_stuffing-10",
    "action": "new",
    "side": "buy",
    "price": 65153.484000000004,
    "quantity": 0.001,
    "remaining_quantity": 0.001
  },
  {
    "event_id": "d2acd65ecbf0c1068663f2982c529f4de8f7f4ef6844addb4413520b63064d2c",
    "schema_version": "1.0.0",
    "event_type": "agent_order",
    "source": "synthetic_agent",
    "symbol": "BTCUSDT",
    "exchange": "binance_usdm",
    "timestamp": "2024-05-01T00:00:00.055000Z",
    "sequence": 11,
    "scenario_id": "scenario-160-quote_stuffing",
    "agent_id": "agent-quote_stuffing",
    "order_id": "scenario-160-quote_stuffing-agent-quote_stuffing-11",
    "action": "new",
    "side": "sell",
    "price": 65166.515999999996,
    "quantity": 0.001,
    "remaining_quantity": 0.001
  },
  {
    "event_id": "5bd4449926baa82389e2489ad807c6a9ea6c86cba4e7e099017f0e399a07e3d8",
    "schema_version": "1.0.0",
    "event_type": "agent_order",
    "source": "synthetic_agent",
    "symbol": "BTCUSDT",
    "exchange": "binance_usdm",
    "timestamp": "2024-05-01T00:00:00.060000Z",
    "sequence": 12,
    "scenario_id": "scenario-160-quote_stuffing",
    "agent_id": "agent-quote_stuffing",
    "order_id": "scenario-160-quote_stuffing-agent-quote_stuffing-12",
    "action": "new",
    "side": "buy",
    "price": 65153.484000000004,
    "quantity": 0.001,
    "remaining_quantity": 0.001
  },
  {
    "event_id": "b2e5cabdbee3605855915a6f66cfced7a49086efd9803d04cf04af32ffc997fa",
    "schema_version": "1.0.0",
    "event_type": "agent_order",
    "source": "synthetic_agent",
    "symbol": "BTCUSDT",
    "exchange": "binance_usdm",
    "timestamp": "2024-05-01T00:00:00.065000Z",
    "sequence": 13,
    "scenario_id": "scenario-160-quote_stuffing",
    "agent_id": "agent-quote_stuffing",
    "order_id": "scenario-160-quote_stuffing-agent-quote_stuffing-13",
    "action": "new",
    "side": "sell",
    "price": 65166.515999999996,
    "quantity": 0.001,
    "remaining_quantity": 0.001
  },
  {
    "event_id": "8f7274e176c9497b15e9fd65a91f5579833918f90a9c968de9c2966e8ca78cea",
    "schema_version": "1.0.0",
    "event_type": "agent_order",
    "source": "synthetic_agent",
    "symbol": "BTCUSDT",
    "exchange": "binance_usdm",
    "timestamp": "2024-05-01T00:00:00.070000Z",
    "sequence": 14,
    "scenario_id": "scenario-160-quote_stuffing",
    "agent_id": "agent-quote_stuffing",
    "order_id": "scenario-160-quote_stuffing-agent-quote_stuffing-14",
    "action": "new",
    "side": "buy",
    "price": 65153.484000000004,
    "quantity": 0.001,
    "remaining_quantity": 0.001
  },
  {
    "event_id": "eb1173636c1c7f58791a2634aa6f3b08db3075406512081ea3a1a1449e7fe55b",
    "schema_version": "1.0.0",
    "event_type": "agent_order",
    "source": "synthetic_agent",
    "symbol": "BTCUSDT",
    "exchange": "binance_usdm",
    "timestamp": "2024-05-01T00:00:00.075000Z",
    "sequence": 15,
    "scenario_id": "scenario-160-quote_stuffing",
    "agent_id": "agent-quote_stuffing",
    "order_id": "scenario-160-quote_stuffing-agent-quote_stuffing-15",
    "action": "new",
    "side": "sell",
    "price": 65166.515999999996,
    "quantity": 0.001,
    "remaining_quantity": 0.001
  },
  {
    "event_id": "1c7bddb54bb3ca584dd9e13fdbed8f323b6d499044783ed7b744b3fba4691cf0",
    "schema_version": "1.0.0",
    "event_type": "agent_order",
    "source": "synthetic_agent",
    "symbol": "BTCUSDT",
    "exchange": "binance_usdm",
    "timestamp": "2024-05-01T00:00:00.080000Z",
    "sequence": 16,
    "scenario_id": "scenario-160-quote_stuffing",
    "agent_id": "agent-quote_stuffing",
    "order_id": "scenario-160-quote_stuffing-agent-quote_stuffing-16",
    "action": "new",
    "side": "buy",
    "price": 65153.484000000004,
    "quantity": 0.001,
    "remaining_quantity": 0.001
  },
  {
    "event_id": "6f4772806cf56f9ec97736895a54e900ffc5a99731b5b7589c3407d944e2740f",
    "schema_version": "1.0.0",
    "event_type": "agent_order",
    "source": "synthetic_agent",
    "symbol": "BTCUSDT",
    "exchange": "binance_usdm",
    "timestamp": "2024-05-01T00:00:00.085000Z",
    "sequence": 17,
    "scenario_id": "scenario-160-quote_stuffing",
    "agent_id": "agent-quote_stuffing",
    "order_id": "scenario-160-quote_stuffing-agent-quote_stuffing-17",
    "action": "new",
    "side": "sell",
    "price": 65166.515999999996,
    "quantity": 0.001,
    "remaining_quantity": 0.001
  },
  {
    "event_id": "7bc53e8ae70c5f1a76a19bad1a432517acd46a685ac469f3f303fd1cc2e595df",
    "schema_version": "1.0.0",
    "event_type": "agent_order",
    "source": "synthetic_agent",
    "symbol": "BTCUSDT",
    "exchange": "binance_usdm",
    "timestamp": "2024-05-01T00:00:00.090000Z",
    "sequence": 18,
    "scenario_id": "scenario-160-quote_stuffing",
    "agent_id": "agent-quote_stuffing",
    "order_id": "scenario-160-quote_stuffing-agent-quote_stuffing-18",
    "action": "new",
    "side": "buy",
    "price": 65153.484000000004,
    "quantity": 0.001,
    "remaining_quantity": 0.001
  },
  {
    "event_id": "2ee7deb009e80da1e45f1ab434a2f84cf97cf1f33c033af6be03e9bfc0a6f46c",
    "schema_version": "1.0.0",
    "event_type": "agent_order",
    "source": "synthetic_agent",
    "symbol": "BTCUSDT",
    "exchange": "binance_usdm",
    "timestamp": "2024-05-01T00:00:00.095000Z",
    "sequence": 19,
    "scenario_id": "scenario-160-quote_stuffing",
    "agent_id": "agent-quote_stuffing",
    "order_id": "scenario-160-quote_stuffing-agent-quote_stuffing-19",
    "action": "new",
    "side": "sell",
    "price": 65166.515999999996,
    "quantity": 0.001,
    "remaining_quantity": 0.001
  },
  {
    "event_id": "73683cb588e28ee6e3b9cd5f3bef02684c668822dd0cda13fda293f60ac873aa",
    "schema_version": "1.0.0",
    "event_type": "agent_order",
    "source": "synthetic_agent",
    "symbol": "BTCUSDT",
    "exchange": "binance_usdm",
    "timestamp": "2024-05-01T00:00:00.100000Z",
    "sequence": 20,
    "scenario_id": "scenario-160-quote_stuffing",
    "agent_id": "agent-quote_stuffing",
    "order_id": "scenario-160-quote_stuffing-agent-quote_stuffing-20",
    "action": "new",
    "side": "buy",
    "price": 65153.484000000004,
    "quantity": 0.001,
    "remaining_quantity": 0.001
  },
  {
    "event_id": "e403c102a2e55945b4f6dff542225b77856e00bbd707dce0722b3cbcc7b7051b",
    "schema_version": "1.0.0",
    "event_type": "agent_order",
    "source": "synthetic_agent",
    "symbol": "BTCUSDT",
    "exchange": "binance_usdm",
    "timestamp": "2024-05-01T00:00:00.105000Z",
    "sequence": 21,
    "scenario_id": "scenario-160-quote_stuffing",
    "agent_id": "agent-quote_stuffing",
    "order_id": "scenario-160-quote_stuffing-agent-quote_stuffing-21",
    "action": "new",
    "side": "sell",
    "price": 65166.515999999996,
    "quantity": 0.001,
    "remaining_quantity": 0.001
  },
  {
    "event_id": "d18699e5ee31de401b507667b7787e94714b6b7aa1e12d67c167095299748037",
    "schema_version": "1.0.0",
    "event_type": "agent_order",
    "source": "synthetic_agent",
    "symbol": "BTCUSDT",
    "exchange": "binance_usdm",
    "timestamp": "2024-05-01T00:00:00.110000Z",
    "sequence": 22,
    "scenario_id": "scenario-160-quote_stuffing",
    "agent_id": "agent-quote_stuffing",
    "order_id": "scenario-160-quote_stuffing-agent-quote_stuffing-22",
    "action": "new",
    "side": "buy",
    "price": 65153.484000000004,
    "quantity": 0.001,
    "remaining_quantity": 0.001
  },
  {
    "event_id": "33ab6018f7cfbe0c1df0ba15a7c23b1821ccd994d58a6b07b37cf06750df9ad3",
    "schema_version": "1.0.0",
    "event_type": "agent_order",
    "source": "synthetic_agent",
    "symbol": "BTCUSDT",
    "exchange": "binance_usdm",
    "timestamp": "2024-05-01T00:00:00.115000Z",
    "sequence": 23,
    "scenario_id": "scenario-160-quote_stuffing",
    "agent_id": "agent-quote_stuffing",
    "order_id": "scenario-160-quote_stuffing-agent-quote_stuffing-23",
    "action": "new",
    "side": "sell",
    "price": 65166.515999999996,
    "quantity": 0.001,
    "remaining_quantity": 0.001
  },
  {
    "event_id": "00cc868a365d698f98e2d898a4c360bb90d181ecaa91fc696c3294cb3208e6c5",
    "schema_version": "1.0.0",
    "event_type": "agent_order",
    "source": "synthetic_agent",
    "symbol": "BTCUSDT",
    "exchange": "binance_usdm",
    "timestamp": "2024-05-01T00:00:00.120000Z",
    "sequence": 24,
    "scenario_id": "scenario-160-quote_stuffing",
    "agent_id": "agent-quote_stuffing",
    "order_id": "scenario-160-quote_stuffing-agent-quote_stuffing-24",
    "action": "new",
    "side": "buy",
    "price": 65153.484000000004,
    "quantity": 0.001,
    "remaining_quantity": 0.001
  },
  {
    "event_id": "fdab74f7b54921fc387a52f70e71c5cf94d805ee2eed02a79bff716d330a8d55",
    "schema_version": "1.0.0",
    "event_type": "agent_order",
    "source": "synthetic_agent",
    "symbol": "BTCUSDT",
    "exchange": "binance_usdm",
    "timestamp": "2024-05-01T00:00:00.125000Z",
    "sequence": 25,
    "scenario_id": "scenario-160-quote_stuffing",
    "agent_id": "agent-quote_stuffing",
    "order_id": "scenario-160-quote_stuffing-agent-quote_stuffing-25",
    "action": "new",
    "side": "sell",
    "price": 65166.515999999996,
    "quantity": 0.001,
    "remaining_quantity": 0.001
  },
  {
    "event_id": "63812673b62f1bdd00d04930ccf31fd784e7cfb785fe7daac73df5554ad8e65b",
    "schema_version": "1.0.0",
    "event_type": "agent_order",
    "source": "synthetic_agent",
    "symbol": "BTCUSDT",
    "exchange": "binance_usdm",
    "timestamp": "2024-05-01T00:00:00.130000Z",
    "sequence": 26,
    "scenario_id": "scenario-160-quote_stuffing",
    "agent_id": "agent-quote_stuffing",
    "order_id": "scenario-160-quote_stuffing-agent-quote_stuffing-26",
    "action": "new",
    "side": "buy",
    "price": 65153.484000000004,
    "quantity": 0.001,
    "remaining_quantity": 0.001
  },
  {
    "event_id": "2fe63fc5a561d7d83a174975fd50fc36142a74b83ab85d8185eef0dc792d3b6e",
    "schema_version": "1.0.0",
    "event_type": "agent_order",
    "source": "synthetic_agent",
    "symbol": "BTCUSDT",
    "exchange": "binance_usdm",
    "timestamp": "2024-05-01T00:00:00.135000Z",
    "sequence": 27,
    "scenario_id": "scenario-160-quote_stuffing",
    "agent_id": "agent-quote_stuffing",
    "order_id": "scenario-160-quote_stuffing-agent-quote_stuffing-27",
    "action": "new",
    "side": "sell",
    "price": 65166.515999999996,
    "quantity": 0.001,
    "remaining_quantity": 0.001
  },
  {
    "event_id": "e8a11de4742da1cbfc390fff81766d5540568acb9d0a00fef872298a1061c047",
    "schema_version": "1.0.0",
    "event_type": "agent_order",
    "source": "synthetic_agent",
    "symbol": "BTCUSDT",
    "exchange": "binance_usdm",
    "timestamp": "2024-05-01T00:00:00.140000Z",
    "sequence": 28,
    "scenario_id": "scenario-160-quote_stuffing",
    "agent_id": "agent-quote_stuffing",
    "order_id": "scenario-160-quote_stuffing-agent-quote_stuffing-28",
    "action": "new",
    "side": "buy",
    "price": 65153.484000000004,
    "quantity": 0.001,
    "remaining_quantity": 0.001
  },
  {
    "event_id": "6c59c4a183f42655c38fe7e4575037d3ddacf9ded6c6ed4060c8f8ac5d9f8463",
    "schema_version": "1.0.0",
    "event_type": "agent_order",
    "source": "synthetic_agent",
    "symbol": "BTCUSDT",
    "exchange": "binance_usdm",
    "timestamp": "2024-05-01T00:00:00.145000Z",
    "sequence": 29,
    "scenario_id": "scenario-160-quote_stuffing",
    "agent_id": "agent-quote_stuffing",
    "order_id": "scenario-160-quote_stuffing-agent-quote_stuffing-29",
    "action": "new",
    "side": "sell",
    "price": 65166.515999999996,
    "quantity": 0.001,
    "remaining_quantity": 0.001
  }
]