[
  {
    "event_id": "46e7b9b635fe3a6214fa9ed495e66c5f42d67978eb1095659f44abecdd419fe6",
    "schema_version": "1.0.0",
    "event_type": "agent_order",
    "source": "synthetic_agent",
    "symbol": "BTCUSDT",
    "exchange": "binance_usdm",
    "timestamp": "2024-05-01T00:00:00Z",
    "sequence": 0,
    "scenario_id": "scenario-517-twap_execution",
    "agent_id": "agent-twap_execution",
    "order_id": "scenario-517-twap_execution-agent-twap_execution-0",
    "action": "new",
    "side": "buy",
    "price": 65484.241500000004,
    "quantity": 0.005,
    "remaining_quantity": 0.005
  },
  {
    "event_id": "765fae9fba7f68142c1108912c1f8a127ccc81c723f801c5646d5455262c06f9",
    "schema_version": "1.0.0",
    "event_type": "agent_order",
    "source": "synthetic_agent",
    "symbol": "BTCUSDT",
    "exchange": "binance_usdm",
    "timestamp": "2024-05-01T00:00:01Z",
    "sequence": 1,
    "scenario_id": "scenario-517-twap_execution",
    "agent_id": "agent-twap_execution",
    "order_id": "scenario-517-twap_execution-agent-twap_execution-1",
    "action": "new",
    "side": "buy",
    "price": 65484.241500000004,
    "quantity": 0.005,
    "remaining_quantity": 0.005
  },
  {
    "event_id": "033e341171c8db958e5aa1a6a5d31a528c894d8da86f48f106e92145d7490cb8",
    "schema_version": "1.0.0",
    "event_type": "agent_order",
    "source": "synthetic_agent",
    "symbol": "BTCUSDT",
    "exchange": "binance_usdm",
    "timestamp": "2024-05-01T00:00:02Z",
    "sequence": 2,
    "scenario_id": "scenario-517-twap_execution",
    "agent_id": "agent-twap_execution",
    "order_id": "scenario-517-twap_execution-agent-twap_execution-2",
    "action": "new",
    "side": "buy",
    "price": 65484.241500000004,
    "quantity": 0.005,
    "remaining_quantity": 0.005
  },
  {
    "event_id": "cc0406bc30a5fb1a89661ba3cdf16fbd1e026a7d5919a6339bfa4f0213bdc507",
    "schema_version": "1.0.0",
    "event_type": "agent_order",
    "source": "synthetic_agent",
    "symbol": "BTCUSDT",
    "exchange": "binance_usdm",
    "timestamp": "2024-05-01T00:00:03Z",
    "sequence": 3,
    "scenario_id": "scenario-517-twap_execution",
    "agent_id": "agent-twap_execution",
    "order_id": "scenario-517-twap_execution-agent-twap_execution-3",
    "action": "new",
    "side": "buy",
    "price": 65484.241500000004,
    "quantity": 0.005,
    "remaining_quantity": 0.005
  },
  {
    "event_id": "7f1acbb31171ec31121751d7d860ff90513f06c99d85fcd012fa2d708df07ff5",
    "schema_version": "1.0.0",
    "event_type": "agent_order",
    "source": "synthetic_agent",
    "symbol": "BTCUSDT",
    "exchange": "binance_usdm",
    "timestamp": "2024-05-01T00:00:04Z",
    "sequence": 4,
    "scenario_id": "scenario-517-twap_execution",
    "agent_id": "agent-twap_execution",
    "order_id": "scenario-517-twap_execution-agent-twap_execution-4",
    "action": "new",
    "side": "buy",
    "price": 65484.241500000004,
    "quantity": 0.005,
    "remaining_quantity": 0.005
  },
  {
    "event_id": "3715898bb0fbda90208bd4153a15d689623321e9f7a7f044bcc711612ff88b2a",
    "schema_version": "1.0.0",
    "event_type": "agent_order",
    "source": "synthetic_agent",
    "symbol": "BTCUSDT",
    "exchange": "binance_usdm",
    "timestamp": "2024-05-01T00:00:05Z",
    "sequence": 5,
    "scenario_id": "scenario-517-twap_execution",
    "agent_id": "agent-twap_execution",
    "order_id": "scenario-517-twap_execution-agent-twap_execution-5",
    "action": "new",
    "side": "buy",
    "price": 65484.241500000004,
    "quantity": 0.005,
    "remaining_quantity": 0.005
  },
  {
    "event_id": "1afd63284ba8589d62d25519924d785c37410ba704d0a6c985911f773a765477",
    "schema_version": "1.0.0",
    "event_type": "agent_order",
    "source": "synthetic_agent",
    "symbol": "BTCUSDT",
    "exchange": "binance_usdm",
    "timestamp": "2024-05-01T00:00:06Z",
    "sequence": 6,
    "scenario_id": "scenario-517-twap_execution",
    "agent_id": "agent-twap_execution",
    "order_id": "scenario-517-twap_execution-agent-twap_execution-6",
    "action": "new",
    "side": "buy",
    "price": 65484.241500000004,
    "quantity": 0.005,
    "remaining_quantity": 0.005
  },
  {
    "event_id": "c8f311c69907742ca3edf4f89b19eb4dc92bb9abe409d4b1331c348f10287634",
    "schema_version": "1.0.0",
    "event_type": "agent_order",
    "source": "synthetic_agent",
    "symbol": "BTCUSDT",
    "exchange": "binance_usdm",
    "timestamp": "2024-05-01T00:00:07Z",
    "sequence": 7,
    "scenario_id": "scenario-517-twap_execution",
    "agent_id": "agent-twap_execution",
    "order_id": "scenario-517-twap_execution-agent-twap_execution-7",
    "action": "new",
    "side": "buy",
    "price": 65484.241500000004,
    "quantity": 0.005,
    "remaining_quantity": 0.005
  },
  {
    "event_id": "0811146aa369e4060462e757d8989c740f2d5c8952fc194d2493e70ee0145841",
    "schema_version": "1.0.0",
    "event_type": "agent_order",
    "source": "synthetic_agent",
    "symbol": "BTCUSDT",
    "exchange": "binance_usdm",
    "timestamp": "2024-05-01T00:00:08Z",
    "sequence": 8,
    "scenario_id": "scenario-517-twap_execution",
    "agent_id": "agent-twap_execution",
    "order_id": "scenario-517-twap_execution-agent-twap_execution-8",
    "action": "new",
    "side": "buy",
    "price": 65484.241500000004,
    "quantity": 0.005,
    "remaining_quantity": 0.005
  },
  {
    "event_id": "9fcd2a9fc372ecd6daae1c8cf6eaaa6665ec6685e51bbe5edfab736d3bed8a93",
    "schema_version": "1.0.0",
    "event_type": "agent_order",
    "source": "synthetic_agent",
    "symbol": "BTCUSDT",
    "exchange": "binance_usdm",
    "timestamp": "2024-05-01T00:00:09Z",
    "sequence": 9,
    "scenario_id": "scenario-517-twap_execution",
    "agent_id": "agent-twap_execution",
    "order_id": "scenario-517-twap_execution-agent-twap_execution-9",
    "action": "new",
    "side": "buy",
    "price": 65484.241500000004,
    "quantity": 0.005,
    "remaining_quantity": 0.005
  },
  {
    "event_id": "e39b4c7bd2e9940c6c23422a6e187fdc4dce28aef77624e87a0860e95966a7ec",
    "schema_version": "1.0.0",
    "event_type": "agent_order",
    "source": "synthetic_agent",
    "symbol": "BTCUSDT",
    "exchange": "binance_usdm",
    "timestamp": "2024-05-01T00:00:10Z",
    "sequence": 10,
    "scenario_id": "scenario-517-twap_execution",
    "agent_id": "agent-twap_execution",
    "order_id": "scenario-517-twap_execution-agent-twap_execution-10",
    "action": "new",
    "side": "buy",
    "price": 65484.241500000004,
    "quantity": 0.005,
    "remaining_quantity": 0.005
  },
  {
    "event_id": "e297bdb9f2a899302105275f116af23ba4718eabb8e7237095da8fa4fdad16d6",
    "schema_version": "1.0.0",
    "event_type": "agent_order",
    "source": "synthetic_agent",
    "symbol": "BTCUSDT",
    "exchange": "binance_usdm",
    "timestamp": "2024-05-01T00:00:11Z",
    "sequence": 11,
    "scenario_id": "scenario-517-twap_execution",
    "agent_id": "agent-twap_execution",
    "order_id": "scenario-517-twap_execution-agent-twap_execution-11",
    "action": "new",
    "side": "buy",
    "price": 65484.241500000004,
    "quantity": 0.005,
    "remaining_quantity": 0.005
  },
  {
    "event_id": "0688e631a50df4aa9e11580210365e5d34ac55721be5e185582cfdc5f11fbd31",
    "schema_version": "1.0.0",
    "event_type": "agent_order",
    "source": "synthetic_agent",
    "symbol": "BTCUSDT",
    "exchange": "binance_usdm",
    "timestamp": "2024-05-01T00:00:12Z",
    "sequence": 12,
    "scenario_id": "scenario-517-twap_execution",
    "agent_id": "agent-twap_execution",
    "order_id": "scenario-517-twap_execution-agent-twap_execution-12",
    "action": "new",
    "side": "buy",
    "price": 65484.241500000004,
    "quantity": 0.005,
    "remaining_quantity": 0.005
  },
  {
    "event_id": "dcd7453bb0d3d64e786501464b580747026eae316842baaafce2a06d212b9250",
    "schema_version": "1.0.0",
    "event_type": "agent_order",
    "source": "synthetic_agent",
    "symbol": "BTCUSDT",
    "exchange": "binance_usdm",
    "timestamp": "2024-05-01T00:00:13Z",
    "sequence": 13,
    "scenario_id": "scenario-517-twap_execution",
    "agent_id": "agent-twap_execution",
    "order_id": "scenario-517-twap_execution-agent-twap_execution-13",
    "action": "new",
    "side": "buy",
    "price": 65484.241500000004,
    "quantity": 0.005,
    "remaining_quantity": 0.005
  },
  {
    "event_id": "97273d746254aed4400c905785623a6c9cd6e17f633b986d0b110509d0ecce2b",
    "schema_version": "1.0.0",
    "event_type": "agent_order",
    "source": "synthetic_agent",
    "symbol": "BTCUSDT",
    "exchange": "binance_usdm",
    "timestamp": "2024-05-01T00:00:14Z",
    "sequence": 14,
    "scenario_id": "scenario-517-twap_execution",
    "agent_id": "agent-twap_execution",
    "order_id": "scenario-517-twap_execution-agent-twap_execution-14",
    "action": "new",
    "side": "buy",
    "price": 65484.241500000004,
    "quantity": 0.005,
    "remaining_quantity": 0.005
  },
  {
    "event_id": "c213a79aa6953c7e227908cbaf47ff423a04c1592e9183dbc428fa696a7904f9",
    "schema_version": "1.0.0",
    "event_type": "agent_order",
    "source": "synthetic_agent",
    "symbol": "BTCUSDT",
    "exchange": "binance_usdm",
    "timestamp": "2024-05-01T00:00:15Z",
    "sequence": 15,
    "scenario_id": "scenario-517-twap_execution",
    "agent_id": "agent-twap_execution",
    "order_id": "scenario-517-twap_execution-agent-twap_execution-15",
    "action": "new",
    "side": "buy",
    "price": 65484.241500000004,
    "quantity": 0.005,
    "remaining_quantity": 0.005
  },
  {
    "event_id": "c0b7f163e4cb78c275886ddf7133aa0f63ced4fc8a44eec5fa8cda9bce37e030",
    "schema_version": "1.0.0",
    "event_type": "agent_order",
    "source": "synthetic_agent",
    "symbol": "BTCUSDT",
    "exchange": "binance_usdm",
    "timestamp": "2024-05-01T00:00:16Z",
    "sequence": 16,
    "scenario_id": "scenario-517-twap_execution",
    "agent_id": "agent-twap_execution",
    "order_id": "scenario-517-twap_execution-agent-twap_execution-16",
    "action": "new",
    "side": "buy",
    "price": 65484.241500000004,
    "quantity": 0.005,
    "remaining_quantity": 0.005
  },
  {
    "event_id": "a77c80049c5dc13af26979ef8a5304c1c1800854170e6ee1c58f806bf6ef9ee1",
    "schema_version": "1.0.0",
    "event_type": "agent_order",
    "source": "synthetic_agent",
    "symbol": "BTCUSDT",
    "exchange": "binance_usdm",
    "timestamp": "2024-05-01T00:00:17Z",
    "sequence": 17,
    "scenario_id": "scenario-517-twap_execution",
    "agent_id": "agent-twap_execution",
    "order_id": "scenario-517-twap_execution-agent-twap_execution-17",
    "action": "new",
    "side": "buy",
    "price": 65484.241500000004,
    "quantity": 0.005,
    "remaining_quantity": 0.005
  },
  {
    "event_id": "876928682c20611dcada19e2dcefc3b225da31005a1e8b30613d5ffc71855160",
    "schema_version": "1.0.0",
    "event_type": "agent_order",
    "source": "synthetic_agent",
    "symbol": "BTCUSDT",
    "exchange": "binance_usdm",
    "timestamp": "2024-05-01T00:00:18Z",
    "sequence": 18,
    "scenario_id": "scenario-517-twap_execution",
    "agent_id": "agent-twap_execution",
    "order_id": "scenario-517-twap_execution-agent-twap_execution-18",
    "action": "new",
    "side": "buy",
    "price": 65484.241500000004,
    "quantity": 0.005,
    "remaining_quantity": 0.005
  },
  {
    "event_id": "e0747c9f2b441658ec443ff3c536efcc110888a294ab1cb4a0e3532475632c87",
    "schema_version": "1.0.0",
    "event_type": "agent_order",
    "source": "synthetic_agent",
    "symbol": "BTCUSDT",
    "exchange": "binance_usdm",
    "timestamp": "2024-05-01T00:00:19Z",
    "sequence": 19,
    "scenario_id": "scenario-517-twap_execution",
    "agent_id": "agent-twap_execution",
    "order_id": "scenario-517-twap_execution-agent-twap_execution-19",
    "action": "new",
    "side": "buy",
    "price": 65484.241500000004,
    "quantity": 0.005,
    "remaining_quantity": 0.005
  },
  {
    "event_id": "bf8407018c77f284aff55f9603617d7ca269e05898bcdee38167860cf05b59f4",
    "schema_version": "1.0.0",
    "event_type": "agent_order",
    "source": "synthetic_agent",
    "symbol": "BTCUSDT",
    "exchange": "binance_usdm",
    "timestamp": "2024-05-01T00:00:20Z",
    "sequence": 20,
    "scenario_id": "scenario-517-twap_execution",
    "agent_id": "agent-twap_execution",
    "order_id": "scenario-517-twap_execution-agent-twap_execution-20",
    "action": "new",
    "side": "buy",
    "price": 65484.241500000004,
    "quantity": 0.005,
    "remaining_quantity": 0.005
  },
  {
    "event_id": "7847a4c7721cc56d7325cc43f8f90d5a39bde423e4bab6a63c43d45e01b0013b",
    "schema_version": "1.0.0",
    "event_type": "agent_order",
    "source": "synthetic_agent",
    "symbol": "BTCUSDT",
    "exchange": "binance_usdm",
    "timestamp": "2024-05-01T00:00:21Z",
    "sequence": 21,
    "scenario_id": "scenario-517-twap_execution",
    "agent_id": "agent-twap_execution",
    "order_id": "scenario-517-twap_execution-agent-twap_execution-21",
    "action": "new",
    "side": "buy",
    "price": 65484.241500000004,
    "quantity": 0.005,
    "remaining_quantity": 0.005
  },
  {
    "event_id": "d9125f18f1c595ec237259339b61bd71c15ee0905a134f24bbf01cac083b51e7",
    "schema_version": "1.0.0",
    "event_type": "agent_order",
    "source": "synthetic_agent",
    "symbol": "BTCUSDT",
    "exchange": "binance_usdm",
    "timestamp": "2024-05-01T00:00:22Z",
    "sequence": 22,
    "scenario_id": "scenario-517-twap_execution",
    "agent_id": "agent-twap_execution",
    "order_id": "scenario-517-twap_execution-agent-twap_execution-22",
    "action": "new",
    "side": "buy",
    "price": 65484.241500000004,
    "quantity": 0.005,
    "remaining_quantity": 0.005
  },
  {
    "event_id": "54abd48551c11af4ac74d39fa9dfb963e9af3702bdb41dc0e17d109588560ea7",
    "schema_version": "1.0.0",
    "event_type": "agent_order",
    "source": "synthetic_agent",
    "symbol": "BTCUSDT",
    "exchange": "binance_usdm",
    "timestamp": "2024-05-01T00:00:23Z",
    "sequence": 23,
    "scenario_id": "scenario-517-twap_execution",
    "agent_id": "agent-twap_execution",
    "order_id": "scenario-517-twap_execution-agent-twap_execution-23",
    "action": "new",
    "side": "buy",
    "price": 65484.241500000004,
    "quantity": 0.005,
    "remaining_quantity": 0.005
  },
  {
    "event_id": "f9ad59a41614c8adc84bef34fd6b1b6cef22d719b52d1839407e2f3275f97381",
    "schema_version": "1.0.0",
    "event_type": "agent_order",
    "source": "synthetic_agent",
    "symbol": "BTCUSDT",
    "exchange": "binance_usdm",
    "timestamp": "2024-05-01T00:00:24Z",
    "sequence": 24,
    "scenario_id": "scenario-517-twap_execution",
    "agent_id": "agent-twap_execution",
    "order_id": "scenario-517-twap_execution-agent-twap_execution-24",
    "action": "new",
    "side": "buy",
    "price": 65484.241500000004,
    "quantity": 0.005,
    "remaining_quantity": 0.005
  },
  {
    "event_id": "4afa3ecb370d4caa9da666389f0669766c3be5e6f3ec7bf8335e277bd12b4751",
    "schema_version": "1.0.0",
    "event_type": "agent_order",
    "source": "synthetic_agent",
    "symbol": "BTCUSDT",
    "exchange": "binance_usdm",
    "timestamp": "2024-05-01T00:00:25Z",
    "sequence": 25,
    "scenario_id": "scenario-517-twap_execution",
    "agent_id": "agent-twap_execution",
    "order_id": "scenario-517-twap_execution-agent-twap_execution-25",
    "action": "new",
    "side": "buy",
    "price": 65484.241500000004,
    "quantity": 0.005,
    "remaining_quantity": 0.005
  },
  {
    "event_id": "cd324125e40ba4b1774a1b6ee1ec52b067eb637eef9a5cad3d40ce3b15167732",
    "schema_version": "1.0.0",
    "event_type": "agent_order",
    "source": "synthetic_agent",
    "symbol": "BTCUSDT",
    "exchange": "binance_usdm",
    "timestamp": "2024-05-01T00:00:26Z",
    "sequence": 26,
    "scenario_id": "scenario-517-twap_execution",
    "agent_id": "agent-twap_execution",
    "order_id": "scenario-517-twap_execution-agent-twap_execution-26",
    "action": "new",
    "side": "buy",
    "price": 65484.241500000004,
    "quantity": 0.005,
    "remaining_quantity": 0.005
  },
  {
    "event_id": "efea8bc95c71186319eba41b3168f85aa11da345ebcea4ba1fc39db5e4177c64",
    "schema_version": "1.0.0",
    "event_type": "agent_order",
    "source": "synthetic_agent",
    "symbol": "BTCUSDT",
    "exchange": "binance_usdm",
    "timestamp": "2024-05-01T00:00:27Z",
    "sequence": 27,
    "scenario_id": "scenario-517-twap_execution",
    "agent_id": "agent-twap_execution",
    "order_id": "scenario-517-twap_execution-agent-twap_execution-27",
    "action": "new",
    "side": "buy",
    "price": 65484.241500000004,
    "quantity": 0.005,
    "remaining_quantity": 0.005
  },
  {
    "event_id": "67bff06b4594664ccb9d1dfda9b46d2b400f0a3c83730a68fa48444eb101bb1a",
    "schema_version": "1.0.0",
    "event_type": "agent_order",
    "source": "synthetic_agent",
    "symbol": "BTCUSDT",
    "exchange": "binance_usdm",
    "timestamp": "2024-05-01T00:00:28Z",
    "sequence": 28,
    "scenario_id": "scenario-517-twap_execution",
    "agent_id": "agent-twap_execution",
    "order_id": "scenario-517-twap_execution-agent-twap_execution-28",
    "action": "new",
    "side": "buy",
    "price": 65484.241500000004,
    "quantity": 0.005,
    "remaining_quantity": 0.005
  },
  {
    "event_id": "1fbf2765e870c1a01afd6dbf1609667fa971225941e36fee124b283ae3a83b9d",
    "schema_version": "1.0.0",
    "event_type": "agent_order",
    "source": "synthetic_agent",
    "symbol": "BTCUSDT",
    "exchange": "binance_usdm",
    "timestamp": "2024-05-01T00:00:29Z",
    "sequence": 29,
    "scenario_id": "scenario-517-twap_execution",
    "agent_id": "agent-twap_execution",
    "order_id": "scenario-517-twap_execution-agent-twap_execution-29",
    "action": "new",
    "side": "buy",
    "price": 65484.241500000004,
    "quantity": 0.005,
    "remaining_quantity": 0.005
  }
]