[
  {
    "event_id": "e4891fa9dff5897cd23a0a134d59961952890a762309061e8733f67838a53b5c",
    "schema_version": "1.0.0",
    "event_type": "agent_order",
    "source": "synthetic_agent",
    "symbol": "BTCUSDT",
    "exchange": "binance_usdm",
    "timestamp": "2024-05-01T00:00:00Z",
    "sequence": 0,
    "scenario_id": "scenario-401-momentum_ignition",
    "agent_id": "agent-momentum_ignition",
    "order_id": "scenario-401-momentum_ignition-agent-momentum_ignition-0",
    "action": "new",
    "side": "buy",
    "price": 65466.40099999999,
    "quantity": 0.08,
    "remaining_quantity": 0.08
  },
  {
    "event_id": "4e1ca37659968ac42f4aeb06ce3fcd5014fb9485e9fd32b7fe0770bbea880356",
    "schema_version": "1.0.0",
    "event_type": "agent_order",
    "source": "synthetic_agent",
    "symbol": "BTCUSDT",
    "exchange": "binance_usdm",
    "timestamp": "2024-05-01T00:00:00.080000Z",
    "sequence": 1,
    "scenario_id": "scenario-401-momentum_ignition",
    "agent_id": "agent-momentum_ignition",
    "order_id": "scenario-401-momentum_ignition-agent-momentum_ignition-1",
    "action": "new",
    "side": "buy",
    "price": 65467.70901999999,
    "quantity": 0.08,
    "remaining_quantity": 0.08
  },
  {
    "event_id": "58b70799b4de30aaa7277a2fc1562bf994acebab8fec081e493b4dad14f8308d",
    "schema_version": "1.0.0",
    "event_type": "agent_order",
    "source": "synthetic_agent",
    "symbol": "BTCUSDT",
    "exchange": "binance_usdm",
    "timestamp": "2024-05-01T00:00:00.160000Z",
    "sequence": 2,
    "scenario_id": "scenario-401-momentum_ignition",
    "agent_id": "agent-momentum_ignition",
    "order_id": "scenario-401-momentum_ignition-agent-momentum_ignition-2",
    "action": "new",
    "side": "buy",
    "price": 65469.01704,
    "quantity": 0.08,
    "remaining_quantity": 0.08
  },
  {
    "event_id": "0fe864f4a0c6d37bc269cd0fce268ef5a7aaf048f1450ca91e73de39f42ed687",
    "schema_version": "1.0.0",
    "event_type": "agent_order",
    "source": "synthetic_agent",
    "symbol": "BTCUSDT",
    "exchange": "binance_usdm",
    "timestamp": "2024-05-01T00:00:00.240000Z",
    "sequence": 3,
    "scenario_id": "scenario-401-momentum_ignition",
    "agent_id": "agent-momentum_ignition",
    "order_id": "scenario-401-momentum_ignition-agent-momentum_ignition-3",
    "action": "new",
    "side": "buy",
    "price": 65470.32505999999,
    "quantity": 0.08,
    "remaining_quantity": 0.08
  },
  {
    "event_id": "ed26e948e05e17602f72b257f8aa97b905e6ac97d0cdc85990adec3a99826051",
    "schema_version": "1.0.0",
    "event_type": "agent_order",
    "source": "synthetic_agent",
    "symbol": "BTCUSDT",
    "exchange": "binance_usdm",
    "timestamp": "2024-05-01T00:00:00.320000Z",
    "sequence": 4,
    "scenario_id": "scenario-401-momentum_ignition",
    "agent_id": "agent-momentum_ignition",
    "order_id": "scenario-401-momentum_ignition-agent-momentum_ignition-4",
    "action": "new",
    "side": "buy",
    "price": 65471.63308,
    "quantity": 0.08,
    "remaining_quantity": 0.08
  },
  {
    "event_id": "30ccb28de71a37e4371c0ed36a3a7389e2e84ab7ba0e7e13be1293fa40656a44",
    "schema_version": "1.0.0",
    "event_type": "agent_order",
    "source": "synthetic_agent",
    "symbol": "BTCUSDT",
    "exchange": "binance_usdm",
    "timestamp": "2024-05-01T00:00:00.400000Z",
    "sequence": 5,
    "scenario_id": "scenario-401-momentum_ignition",
    "agent_id": "agent-momentum_ignition",
    "order_id": "scenario-401-momentum_ignition-agent-momentum_ignition-5",
    "action": "new",
    "side": "buy",
    "price": 65472.94109999999,
    "quantity": 0.08,
    "remaining_quantity": 0.08
  },
  {
    "event_id": "f6cc8c45cac68f679edce3d7b81a70f90a4f7a625331977d172ba19df8538f22",
    "schema_version": "1.0.0",
    "event_type": "agent_order",
    "source": "synthetic_agent",
    "symbol": "BTCUSDT",
    "exchange": "binance_usdm",
    "timestamp": "2024-05-01T00:00:00.480000Z",
    "sequence": 6,
    "scenario_id": "scenario-401-momentum_ignition",
    "agent_id": "agent-momentum_ignition",
    "order_id": "scenario-401-momentum_ignition-agent-momentum_ignition-6",
    "action": "new",
    "side": "buy",
    "price": 65474.249119999986,
    "quantity": 0.08,
    "remaining_quantity": 0.08
  },
  {
    "event_id": "3155dab5d44a0829a3bbc2a9cca93077e88c1c71fcf198bd92d99cb5abfa35e7",
    "schema_version": "1.0.0",
    "event_type": "agent_order",
    "source": "synthetic_agent",
    "symbol": "BTCUSDT",
    "exchange": "binance_usdm",
    "timestamp": "2024-05-01T00:00:00.560000Z",
    "sequence": 7,
    "scenario_id": "scenario-401-momentum_ignition",
    "agent_id": "agent-momentum_ignition",
    "order_id": "scenario-401-momentum_ignition-agent-momentum_ignition-7",
    "action": "new",
    "side": "buy",
    "price": 65475.55714,
    "quantity": 0.08,
    "remaining_quantity": 0.08
  },
  {
    "event_id": "6d53e2e8fd0bf8e6a7b84abfdecf756b3dd90c871bc8b147b57b49e6da80feda",
    "schema_version": "1.0.0",
    "event_type": "agent_order",
    "source": "synthetic_agent",
    "symbol": "BTCUSDT",
    "exchange": "binance_usdm",
    "timestamp": "2024-05-01T00:00:00.640000Z",
    "sequence": 8,
    "scenario_id": "scenario-401-momentum_ignition",
    "agent_id": "agent-momentum_ignition",
    "order_id": "scenario-401-momentum_ignition-agent-momentum_ignition-8",
    "action": "new",
    "side": "buy",
    "price": 65476.86515999999,
    "quantity": 0.08,
    "remaining_quantity": 0.08
  },
  {
    "event_id": "a7001703ca7f591d4950e9b75c43110a363f618489a910a3a1f408e3320e36d0",
    "schema_version": "1.0.0",
    "event_type": "agent_order",
    "source": "synthetic_agent",
    "symbol": "BTCUSDT",
    "exchange": "binance_usdm",
    "timestamp": "2024-05-01T00:00:00.720000Z",
    "sequence": 9,
    "scenario_id": "scenario-401-momentum_ignition",
    "agent_id": "agent-momentum_ignition",
    "order_id": "scenario-401-momentum_ignition-agent-momentum_ignition-9",
    "action": "new",
    "side": "buy",
    "price": 65478.17318,
    "quantity": 0.08,
    "remaining_quantity": 0.08
  },
  {
    "event_id": "be2a0e883909126a916e5ed202b3e963e3d4da5c6721b4da84718cf37a9e50ed",
    "schema_version": "1.0.0",
    "event_type": "agent_order",
    "source": "synthetic_agent",
    "symbol": "BTCUSDT",
    "exchange": "binance_usdm",
    "timestamp": "2024-05-01T00:00:00.800000Z",
    "sequence": 10,
    "scenario_id": "scenario-401-momentum_ignition",
    "agent_id": "agent-momentum_ignition",
    "order_id": "scenario-401-momentum_ignition-agent-momentum_ignition-10",
    "action": "new",
    "side": "buy",
    "price": 65479.481199999995,
    "quantity": 0.08,
    "remaining_quantity": 0.08
  },
  {
    "event_id": "f2ffdc74f7f3410262114a19b8a57a58da56654a20dbf3c4f447234a3c716306",
    "schema_version": "1.0.0",
    "event_type": "agent_order",
    "source": "synthetic_agent",
    "symbol": "BTCUSDT",
    "exchange": "binance_usdm",
    "timestamp": "2024-05-01T00:00:00.880000Z",
    "sequence": 11,
    "scenario_id": "scenario-401-momentum_ignition",
    "agent_id": "agent-momentum_ignition",
    "order_id": "scenario-401-momentum_ignition-agent-momentum_ignition-11",
    "action": "new",
    "side": "buy",
    "price": 65480.78922,
    "quantity": 0.08,
    "remaining_quantity": 0.08
  },
  {
    "event_id": "447f5568aecb5cb56f864b739a7ccf2c57c6a31fde16c39338bffbe7da34d1a0",
    "schema_version": "1.0.0",
    "event_type": "agent_order",
    "source": "synthetic_agent",
    "symbol": "BTCUSDT",
    "exchange": "binance_usdm",
    "timestamp": "2024-05-01T00:00:00.960000Z",
    "sequence": 12,
    "scenario_id": "scenario-401-momentum_ignition",
    "agent_id": "agent-momentum_ignition",
    "order_id": "scenario-401-momentum_ignition-agent-momentum_ignition-12",
    "action": "new",
    "side": "buy",
    "price": 65482.097239999996,
    "quantity": 0.08,
    "remaining_quantity": 0.08
  },
  {
    "event_id": "3db09f67f4bb8e1f3116357dccef84f93c6fd925b590323a841d118e4921559b",
    "schema_version": "1.0.0",
    "event_type": "agent_order",
    "source": "synthetic_agent",
    "symbol": "BTCUSDT",
    "exchange": "binance_usdm",
    "timestamp": "2024-05-01T00:00:01.040000Z",
    "sequence": 13,
    "scenario_id": "scenario-401-momentum_ignition",
    "agent_id": "agent-momentum_ignition",
    "order_id": "scenario-401-momentum_ignition-agent-momentum_ignition-13",
    "action": "new",
    "side": "buy",
    "price": 65483.405259999985,
    "quantity": 0.08,
    "remaining_quantity": 0.08
  },
  {
    "event_id": "af7e5e48bae923e129575d69db9327a23d9a73ece9f40b240d90ef62e7f5962a",
    "schema_version": "1.0.0",
    "event_type": "agent_order",
    "source": "synthetic_agent",
    "symbol": "BTCUSDT",
    "exchange": "binance_usdm",
    "timestamp": "2024-05-01T00:00:01.120000Z",
    "sequence": 14,
    "scenario_id": "scenario-401-momentum_ignition",
    "agent_id": "agent-momentum_ignition",
    "order_id": "scenario-401-momentum_ignition-agent-momentum_ignition-14",
    "action": "new",
    "side": "buy",
    "price": 65484.713279999996,
    "quantity": 0.08,
    "remaining_quantity": 0.08
  },
  {
    "event_id": "72ad595ed1e9a73ffbba9c7e8c60136749314124f7c83ea52556047da4958ab6",
    "schema_version": "1.0.0",
    "event_type": "agent_order",
    "source": "synthetic_agent",
    "symbol": "BTCUSDT",
    "exchange": "binance_usdm",
    "timestamp": "2024-05-01T00:00:01.200000Z",
    "sequence": 15,
    "scenario_id": "scenario-401-momentum_ignition",
    "agent_id": "agent-momentum_ignition",
    "order_id": "scenario-401-momentum_ignition-agent-momentum_ignition-15",
    "action": "new",
    "side": "buy",
    "price": 65486.02129999999,
    "quantity": 0.08,
    "remaining_quantity": 0.08
  },
  {
    "event_id": "0de4808e7311a634fcabe0bbe048640388c52436668cf1a0239423c981dea10c",
    "schema_version": "1.0.0",
    "event_type": "agent_order",
    "source": "synthetic_agent",
    "symbol": "BTCUSDT",
    "exchange": "binance_usdm",
    "timestamp": "2024-05-01T00:00:01.280000Z",
    "sequence": 16,
    "scenario_id": "scenario-401-momentum_ignition",
    "agent_id": "agent-momentum_ignition",
    "order_id": "scenario-401-momentum_ignition-agent-momentum_ignition-16",
    "action": "new",
    "side": "buy",
    "price": 65487.32932,
    "quantity": 0.08,
    "remaining_quantity": 0.08
  },
  {
    "event_id": "49d53680d77f559d7392d11358a2d4df9d962457904c44a5aecad474c058d99d",
    "schema_version": "1.0.0",
    "event_type": "agent_order",
    "source": "synthetic_agent",
    "symbol": "BTCUSDT",
    "exchange": "binance_usdm",
    "timestamp": "2024-05-01T00:00:01.360000Z",
    "sequence": 17,
    "scenario_id": "scenario-401-momentum_ignition",
    "agent_id": "agent-momentum_ignition",
    "order_id": "scenario-401-momentum_ignition-agent-momentum_ignition-17",
    "action": "new",
    "side": "buy",
    "price": 65488.637339999994,
    "quantity": 0.08,
    "remaining_quantity": 0.08
  },
  {
    "event_id": "114198827394b0bb7ba15b765b8db188e198ead544c8fc07bf92aa3b4627c917",
    "schema_version": "1.0.0",
    "event_type": "agent_order",
    "source": "synthetic_agent",
    "symbol": "BTCUSDT",
    "exchange": "binance_usdm",
    "timestamp": "2024-05-01T00:00:01.440000Z",
    "sequence": 18,
    "scenario_id": "scenario-401-momentum_ignition",
    "agent_id": "agent-momentum_ignition",
    "order_id": "scenario-401-momentum_ignition-agent-momentum_ignition-18",
    "action": "new",
    "side": "buy",
    "price": 65489.94535999999,
    "quantity": 0.08,
    "remaining_quantity": 0.08
  },
  {
    "event_id": "74141768486ea6beb6f0030b6c2ee7bfa18d59357ff30a36f030df214a831ea8",
    "schema_version": "1.0.0",
    "event_type": "agent_order",
    "source": "synthetic_agent",
    "symbol": "BTCUSDT",
    "exchange": "binance_usdm",
    "timestamp": "2024-05-01T00:00:01.520000Z",
    "sequence": 19,
    "scenario_id": "scenario-401-momentum_ignition",
    "agent_id": "agent-momentum_ignition",
    "order_id": "scenario-401-momentum_ignition-agent-momentum_ignition-19",
    "action": "new",
    "side": "buy",
    "price": 65491.253379999995,
    "quantity": 0.08,
    "remaining_quantity": 0.08
  },
  {
    "event_id": "eac7be6dbe21ea778b32d923c4fb73e68d90ce0538f313e0e293e841e8f62465",
    "schema_version": "1.0.0",
    "event_type": "agent_order",
    "source": "synthetic_agent",
    "symbol": "BTCUSDT",
    "exchange": "binance_usdm",
    "timestamp": "2024-05-01T00:00:01.600000Z",
    "sequence": 20,
    "scenario_id": "scenario-401-momentum_ignition",
    "agent_id": "agent-momentum_ignition",
    "order_id": "scenario-401-momentum_ignition-agent-momentum_ignition-20",
    "action": "new",
    "side": "buy",
    "price": 65492.56139999999,
    "quantity": 0.08,
    "remaining_quantity": 0.08
  },
  {
    "event_id": "f850921bd24ada2a4b213c4473efd606a25029b27104ac471b3865a8fd10a2cf",
    "schema_version": "1.0.0",
    "event_type": "agent_order",
    "source": "synthetic_agent",
    "symbol": "BTCUSDT",
    "exchange": "binance_usdm",
    "timestamp": "2024-05-01T00:00:01.680000Z",
    "sequence": 21,
    "scenario_id": "scenario-401-momentum_ignition",
    "agent_id": "agent-momentum_ignition",
    "order_id": "scenario-401-momentum_ignition-agent-momentum_ignition-21",
    "action": "new",
    "side": "buy",
    "price": 65493.869419999995,
    "quantity": 0.08,
    "remaining_quantity": 0.08
  },
  {
    "event_id": "57a4b1b57cef4bfaed644ac5daead7bcf764e32f3db08fc3421b4b5f431b57da",
    "schema_version": "1.0.0",
    "event_type": "agent_order",
    "source": "synthetic_agent",
    "symbol": "BTCUSDT",
    "exchange": "binance_usdm",
    "timestamp": "2024-05-01T00:00:01.760000Z",
    "sequence": 22,
    "scenario_id": "scenario-401-momentum_ignition",
    "agent_id": "agent-momentum_ignition",
    "order_id": "scenario-401-momentum_ignition-agent-momentum_ignition-22",
    "action": "new",
    "side": "buy",
    "price": 65495.17743999999,
    "quantity": 0.08,
    "remaining_quantity": 0.08
  },
  {
    "event_id": "972f9a2ef2faac8e1980ea0b8b4eb49c495f34a48aaa93b2c05f1b7f1e458177",
    "schema_version": "1.0.0",
    "event_type": "agent_order",
    "source": "synthetic_agent",
    "symbol": "BTCUSDT",
    "exchange": "binance_usdm",
    "timestamp": "2024-05-01T00:00:01.840000Z",
    "sequence": 23,
    "scenario_id": "scenario-401-momentum_ignition",
    "agent_id": "agent-momentum_ignition",
    "order_id": "scenario-401-momentum_ignition-agent-momentum_ignition-23",
    "action": "new",
    "side": "buy",
    "price": 65496.48545999999,
    "quantity": 0.08,
    "remaining_quantity": 0.08
  },
  {
    "event_id": "fe026e4eaaba974632f5e5da1784535b584e8f786103046d017b562011e4f0f0",
    "schema_version": "1.0.0",
    "event_type": "agent_order",
    "source": "synthetic_agent",
    "symbol": "BTCUSDT",
    "exchange": "binance_usdm",
    "timestamp": "2024-05-01T00:00:01.920000Z",
    "sequence": 24,
    "scenario_id": "scenario-401-momentum_ignition",
    "agent_id": "agent-momentum_ignition",
    "order_id": "scenario-401-momentum_ignition-agent-momentum_ignition-24",
    "action": "new",
    "side": "buy",
    "price": 65497.79347999999,
    "quantity": 0.08,
    "remaining_quantity": 0.08
  },
  {
    "event_id": "c91d6fd05ae7f0d413ca69d76a1258cc1bd943961a1fcdbb504a6acbc22630cf",
    "schema_version": "1.0.0",
    "event_type": "agent_order",
    "source": "synthetic_agent",
    "symbol": "BTCUSDT",
    "exchange": "binance_usdm",
    "timestamp": "2024-05-01T00:00:02Z",
    "sequence": 25,
    "scenario_id": "scenario-401-momentum_ignition",
    "agent_id": "agent-momentum_ignition",
    "order_id": "scenario-401-momentum_ignition-agent-momentum_ignition-25",
    "action": "new",
    "side": "buy",
    "price": 65499.10149999999,
    "quantity": 0.08,
    "remaining_quantity": 0.08
  },
  {
    "event_id": "5abccc7cc9812bad3d14fefc56f602f2f04e5df4212eb7a80eee9ea98e9b8c40",
    "schema_version": "1.0.0",
    "event_type": "agent_order",
    "source": "synthetic_agent",
    "symbol": "BTCUSDT",
    "exchange": "binance_usdm",
    "timestamp": "2024-05-01T00:00:02.080000Z",
    "sequence": 26,
    "scenario_id": "scenario-401-momentum_ignition",
    "agent_id": "agent-momentum_ignition",
    "order_id": "scenario-401-momentum_ignition-agent-momentum_ignition-26",
    "action": "new",
    "side": "buy",
    "price": 65500.40952,
    "quantity": 0.08,
    "remaining_quantity": 0.08
  },
  {
    "event_id": "6cf2f2d9d6ca5093d3f15b133f155577d02fe541e3a8211e8f5fb6b21902162c",
    "schema_version": "1.0.0",
    "event_type": "agent_order",
    "source": "synthetic_agent",
    "symbol": "BTCUSDT",
    "exchange": "binance_usdm",
    "timestamp": "2024-05-01T00:00:02.160000Z",
    "sequence": 27,
    "scenario_id": "scenario-401-momentum_ignition",
    "agent_id": "agent-momentum_ignition",
    "order_id": "scenario-401-momentum_ignition-agent-momentum_ignition-27",
    "action": "new",
    "side": "buy",
    "price": 65501.71753999999,
    "quantity": 0.08,
    "remaining_quantity": 0.08
  },
  {
    "event_id": "c6eae9c2e485b1438481e1f94374908582f6b3271a67b2cd8f6654c53884efef",
    "schema_version": "1.0.0",
    "event_type": "agent_order",
    "source": "synthetic_agent",
    "symbol": "BTCUSDT",
    "exchange": "binance_usdm",
    "timestamp": "2024-05-01T00:00:02.240000Z",
    "sequence": 28,
    "scenario_id": "scenario-401-momentum_ignition",
    "agent_id": "agent-momentum_ignition",
    "order_id": "scenario-401-momentum_ignition-agent-momentum_ignition-28",
    "action": "new",
    "side": "buy",
    "price": 65503.02555999999,
    "quantity": 0.08,
    "remaining_quantity": 0.08
  },
  {
    "event_id": "6ee1540bb0b025993f90fc376aab359d8d95a7dc49d6f7bc40e15fc9fede5149",
    "schema_version": "1.0.0",
    "event_type": "agent_order",
    "source": "synthetic_agent",
    "symbol": "BTCUSDT",
    "exchange": "binance_usdm",
    "timestamp": "2024-05-01T00:00:02.320000Z",
    "sequence": 29,
    "scenario_id": "scenario-401-momentum_ignition",
    "agent_id": "agent-momentum_ignition",
    "order_id": "scenario-401-momentum_ignition-agent-momentum_ignition-29",
    "action": "new",
    "side": "buy",
    "price": 65504.33357999999,
    "quantity": 0.08,
    "remaining_quantity": 0.08
  }
]