[
  {
    "event_id": "fc17e0ad46fc4b67cd96530ff647bba350d9e70a9ae4748aa2654b2c524ddcac",
    "schema_version": "1.0.0",
    "event_type": "agent_order",
    "source": "synthetic_agent",
    "symbol": "BTCUSDT",
    "exchange": "binance_usdm",
    "timestamp": "2024-05-01T00:00:00Z",
    "sequence": 0,
    "scenario_id": "scenario-020-latency_edge",
    "agent_id": "agent-latency_edge",
    "order_id": "scenario-020-latency_edge-agent-latency_edge-0",
    "action": "new",
    "side": "buy",
    "price": 65059.011999999995,
    "quantity": 0.006,
    "remaining_quantity": 0.006
  },
  {
    "event_id": "679e08fb3ad588ef8010086a85d77ce230eb5834f1bc043d0f8b73b666f490cd",
    "schema_version": "1.0.0",
    "event_type": "agent_order",
    "source": "synthetic_agent",
    "symbol": "BTCUSDT",
    "exchange": "binance_usdm",
    "timestamp": "2024-05-01T00:00:00.008000Z",
    "sequence": 1,
    "scenario_id": "scenario-020-latency_edge",
    "agent_id": "agent-latency_edge",
    "order_id": "scenario-020-latency_edge-agent-latency_edge-1",
    "action": "new",
    "side": "buy",
    "price": 65059.011999999995,
    "quantity": 0.006,
    "remaining_quantity": 0.006
  },
  {
    "event_id": "d9f373e76fca73256c4a82f054e2d76bf2e361de7fc108cdb91922bd0a9d6649",
    "schema_version": "1.0.0",
    "event_type": "agent_order",
    "source": "synthetic_agent",
    "symbol": "BTCUSDT",
    "exchange": "binance_usdm",
    "timestamp": "2024-05-01T00:00:00.016000Z",
    "sequence": 2,
    "scenario_id": "scenario-020-latency_edge",
    "agent_id": "agent-latency_edge",
    "order_id": "scenario-020-latency_edge-agent-latency_edge-2",
    "action": "new",
    "side": "sell",
    "price": 64980.988,
    "quantity": 0.006,
    "remaining_quantity": 0.006
  },
  {
    "event_id": "72b0d2168af748bc2c65991361feb9a6b4049b92369686fd5bac4dc97bd96012",
    "schema_version": "1.0.0",
    "event_type": "agent_order",
    "source": "synthetic_agent",
    "symbol": "BTCUSDT",
    "exchange": "binance_usdm",
    "timestamp": "2024-05-01T00:00:00.024000Z",
    "sequence": 3,
    "scenario_id": "scenario-020-latency_edge",
    "agent_id": "agent-latency_edge",
    "order_id": "scenario-020-latency_edge-agent-latency_edge-3",
    "action": "new",
    "side": "sell",
    "price": 64980.988,
    "quantity": 0.006,
    "remaining_quantity": 0.006
  },
  {
    "event_id": "841db9be462e3cdcc8b892a3ebbdc352ea711b9308904529a42cac139edeb88e",
    "schema_version": "1.0.0",
    "event_type": "agent_order",
    "source": "synthetic_agent",
    "symbol": "BTCUSDT",
    "exchange": "binance_usdm",
    "timestamp": "2024-05-01T00:00:00.032000Z",
    "sequence": 4,
    "scenario_id": "scenario-020-latency_edge",
    "agent_id": "agent-latency_edge",
    "order_id": "scenario-020-latency_edge-agent-latency_edge-4",
    "action": "new",
    "side": "buy",
    "price": 65059.011999999995,
    "quantity": 0.006,
    "remaining_quantity": 0.006
  },
  {
    "event_id": "b37643d9a6c5e18fc43d563508c95ae5884144fe6db8dedfa32057eef5a7785f",
    "schema_version": "1.0.0",
    "event_type": "agent_order",
    "source": "synthetic_agent",
    "symbol": "BTCUSDT",
    "exchange": "binance_usdm",
    "timestamp": "2024-05-01T00:00:00.040000Z",
    "sequence": 5,
    "scenario_id": "scenario-020-latency_edge",
    "agent_id": "agent-latency_edge",
    "order_id": "scenario-020-latency_edge-agent-latency_edge-5",
    "action": "new",
    "side": "buy",
    "price": 65059.011999999995,
    "quantity": 0.006,
    "remaining_quantity": 0.006
  },
  {
    "event_id": "b46672294d409db5047ab008247a9c4c5e0b30f15066de2bb3332ed22abf60b0",
    "schema_version": "1.0.0",
    "event_type": "agent_order",
    "source": "synthetic_agent",
    "symbol": "BTCUSDT",
    "exchange": "binance_usdm",
    "timestamp": "2024-05-01T00:00:00.048000Z",
    "sequence": 6,
    "scenario_id": "scenario-020-latency_edge",
    "agent_id": "agent-latency_edge",
    "order_id": "scenario-020-latency_edge-agent-latency_edge-6",
    "action": "new",
    "side": "sell",
    "price": 64980.988,
    "quantity": 0.006,
    "remaining_quantity": 0.006
  },
  {
    "event_id": "2dd5d6641e85bc2b38efc77909b8ffb6a071c86f9952f60df808d302fc240f7b",
    "schema_version": "1.0.0",
    "event_type": "agent_order",
    "source": "synthetic_agent",
    "symbol": "BTCUSDT",
    "exchange": "binance_usdm",
    "timestamp": "2024-05-01T00:00:00.056000Z",
    "sequence": 7,
    "scenario_id": "scenario-020-latency_edge",
    "agent_id": "agent-latency_edge",
    "order_id": "scenario-020-latency_edge-agent-latency_edge-7",
    "action": "new",
    "side": "sell",
    "price": 64980.988,
    "quantity": 0.006,
    "remaining_quantity": 0.006
  },
  {
    "event_id": "3eb399d341cfba2b757d3f1844c760fae5e06db843b4f4226a42be2d775a6a73",
    "schema_version": "1.0.0",
    "event_type": "agent_order",
    "source": "synthetic_agent",
    "symbol": "BTCUSDT",
    "exchange": "binance_usdm",
    "timestamp": "2024-05-01T00:00:00.064000Z",
    "sequence": 8,
    "scenario_id": "scenario-020-latency_edge",
    "agent_id": "agent-latency_edge",
    "order_id": "scenario-020-latency_edge-agent-latency_edge-8",
    "action": "new",
    "side": "buy",
    "price": 65059.011999999995,
    "quantity": 0.006,
    "remaining_quantity": 0.006
  },
  {
    "event_id": "ba6b394323b5af4b05159abf010687a7490c0bd025502b0bc673c1c1ceb3264e",
    "schema_version": "1.0.0",
    "event_type": "agent_order",
    "source": "synthetic_agent",
    "symbol": "BTCUSDT",
    "exchange": "binance_usdm",
    "timestamp": "2024-05-01T00:00:00.072000Z",
    "sequence": 9,
    "scenario_id": "scenario-020-latency_edge",
    "agent_id": "agent-latency_edge",
    "order_id": "scenario-020-latency_edge-agent-latency_edge-9",
    "action": "new",
    "side": "buy",
    "price": 65059.011999999995,
    "quantity": 0.006,
    "remaining_quantity": 0.006
  },
  {
    "event_id": "26ca9075399e48b0b66fd0d2e1458f15cea27c937b0733406d30edc6615758f3",
    "schema_version": "1.0.0",
    "event_type": "agent_order",
    "source": "synthetic_agent",
    "symbol": "BTCUSDT",
    "exchange": "binance_usdm",
    "timestamp": "2024-05-01T00:00:00.080000Z",
    "sequence": 10,
    "scenario_id": "scenario-020-latency_edge",
    "agent_id": "agent-latency_edge",
    "order_id": "scenario-020-latency_edge-agent-latency_edge-10",
    "action": "new",
    "side": "sell",
    "price": 64980.988,
    "quantity": 0.006,
    "remaining_quantity": 0.006
  },
  {
    "event_id": "5d683f9ba2116aa97c8639f42ef297383835fdd5ecef9a454fe82b3f6e67abcf",
    "schema_version": "1.0.0",
    "event_type": "agent_order",
    "source": "synthetic_agent",
    "symbol": "BTCUSDT",
    "exchange": "binance_usdm",
    "timestamp": "2024-05-01T00:00:00.088000Z",
    "sequence": 11,
    "scenario_id": "scenario-020-latency_edge",
    "agent_id": "agent-latency_edge",
    "order_id": "scenario-020-latency_edge-agent-latency_edge-11",
    "action": "new",
    "side": "sell",
    "price": 64980.988,
    "quantity": 0.006,
    "remaining_quantity": 0.006
  },
  {
    "event_id": "a147f9f0b46ea1f58c74447b1432dcfd34ad9bdc7f59eb769b06ec93333b2196",
    "schema_version": "1.0.0",
    "event_type": "agent_order",
    "source": "synthetic_agent",
    "symbol": "BTCUSDT",
    "exchange": "binance_usdm",
    "timestamp": "2024-05-01T00:00:00.096000Z",
    "sequence": 12,
    "scenario_id": "scenario-020-latency_edge",
    "agent_id": "agent-latency_edge",
    "order_id": "scenario-020-latency_edge-agent-latency_edge-12",
    "action": "new",
    "side": "buy",
    "price": 65059.011999999995,
    "quantity": 0.006,
    "remaining_quantity": 0.006
  },
  {
    "event_id": "9b31b276755661b93fdd32cf6ff0e365e869ef2ccbd39b8c05c576de89f9656e",
    "schema_version": "1.0.0",
    "event_type": "agent_order",
    "source": "synthetic_agent",
    "symbol": "BTCUSDT",
    "exchange": "binance_usdm",
    "timestamp": "2024-05-01T00:00:00.104000Z",
    "sequence": 13,
    "scenario_id": "scenario-020-latency_edge",
    "agent_id": "agent-latency_edge",
    "order_id": "scenario-020-latency_edge-agent-latency_edge-13",
    "action": "new",
    "side": "buy",
    "price": 65059.011999999995,
    "quantity": 0.006,
    "remaining_quantity": 0.006
  },
  {
    "event_id": "ffca38f1fc524f5fbc24f06a987bcab5ccaee0710be7a20454aa9521f65bae61",
    "schema_version": "1.0.0",
    "event_type": "agent_order",
    "source": "synthetic_agent",
    "symbol": "BTCUSDT",
    "exchange": "binance_usdm",
    "timestamp": "2024-05-01T00:00:00.112000Z",
    "sequence": 14,
    "scenario_id": "scenario-020-latency_edge",
    "agent_id": "agent-latency_edge",
    "order_id": "scenario-020-latency_edge-agent-latency_edge-14",
    "action": "new",
    "side": "sell",
    "price": 64980.988,
    "quantity": 0.006,
    "remaining_quantity": 0.006
  },
  {
    "event_id": "aba14793c473ad0b405aa0c708c003053fe45af50e7c7b4a03c86f8a73af31fc",
    "schema_version": "1.0.0",
    "event_type": "agent_order",
    "source": "synthetic_agent",
    "symbol": "BTCUSDT",
    "exchange": "binance_usdm",
    "timestamp": "2024-05-01T00:00:00.120000Z",
    "sequence": 15,
    "scenario_id": "scenario-020-latency_edge",
    "agent_id": "agent-latency_edge",
    "order_id": "scenario-020-latency_edge-agent-latency_edge-15",
    "action": "new",
    "side": "sell",
    "price": 64980.988,
    "quantity": 0.006,
    "remaining_quantity": 0.006
  },
  {
    "event_id": "88b410c915a91ac22da6601fdd0341b376bd1288406efeb3fddb94024b1980f4",
    "schema_version": "1.0.0",
    "event_type": "agent_order",
    "source": "synthetic_agent",
    "symbol": "BTCUSDT",
    "exchange": "binance_usdm",
    "timestamp": "2024-05-01T00:00:00.128000Z",
    "sequence": 16,
    "scenario_id": "scenario-020-latency_edge",
    "agent_id": "agent-latency_edge",
    "order_id": "scenario-020-latency_edge-agent-latency_edge-16",
    "action": "new",
    "side": "buy",
    "price": 65059.011999999995,
    "quantity": 0.006,
    "remaining_quantity": 0.006
  },
  {
    "event_id": "998eb1fb863aa0d8e83a215bbc37ac3efba79e4b50c5b02ed312cf67c7ba2cd3",
    "schema_version": "1.0.0",
    "event_type": "agent_order",
    "source": "synthetic_agent",
    "symbol": "BTCUSDT",
    "exchange": "binance_usdm",
    "timestamp": "2024-05-01T00:00:00.136000Z",
    "sequence": 17,
    "scenario_id": "scenario-020-latency_edge",
    "agent_id": "agent-latency_edge",
    "order_id": "scenario-020-latency_edge-agent-latency_edge-17",
    "action": "new",
    "side": "buy",
    "price": 65059.011999999995,
    "quantity": 0.006,
    "remaining_quantity": 0.006
  },
  {
    "event_id": "276595d847aff119ef9b3b37335505f62ebd741f69315ad80be088386c657495",
    "schema_version": "1.0.0",
    "event_type": "agent_order",
    "source": "synthetic_agent",
    "symbol": "BTCUSDT",
    "exchange": "binance_usdm",
    "timestamp": "2024-05-01T00:00:00.144000Z",
    "sequence": 18,
    "scenario_id": "scenario-020-latency_edge",
    "agent_id": "agent-latency_edge",
    "order_id": "scenario-020-latency_edge-agent-latency_edge-18",
    "action": "new",
    "side": "sell",
    "price": 64980.988,
    "quantity": 0.006,
    "remaining_quantity": 0.006
  },
  {
    "event_id": "17cb2da3df3c65d17414c44719db779a2357f271e7cf6902c94bd889306e389d",
    "schema_version": "1.0.0",
    "event_type": "agent_order",
    "source": "synthetic_agent",
    "symbol": "BTCUSDT",
    "exchange": "binance_usdm",
    "timestamp": "2024-05-01T00:00:00.152000Z",
    "sequence": 19,
    "scenario_id": "scenario-020-latency_edge",
    "agent_id": "agent-latency_edge",
    "order_id": "scenario-020-latency_edge-agent-latency_edge-19",
    "action": "new",
    "side": "sell",
    "price": 64980.988,
    "quantity": 0.006,
    "remaining_quantity": 0.006
  },
  {
    "event_id": "3836dd2f6a072d015d814978119fe09cc04c2b68e63c8d7122c70d5c79c356b7",
    "schema_version": "1.0.0",
    "event_type": "agent_order",
    "source": "synthetic_agent",
    "symbol": "BTCUSDT",
    "exchange": "binance_usdm",
    "timestamp": "2024-05-01T00:00:00.160000Z",
    "sequence": 20,
    "scenario_id": "scenario-020-latency_edge",
    "agent_id": "agent-latency_edge",
    "order_id": "scenario-020-latency_edge-agent-latency_edge-20",
    "action": "new",
    "side": "buy",
    "price": 65059.011999999995,
    "quantity": 0.006,
    "remaining_quantity": 0.006
  },
  {
    "event_id": "bf0c78e8c9adfd6a4bf652d442b617ed940e83f22d4a0b7b5c9680adec7153e7",
    "schema_version": "1.0.0",
    "event_type": "agent_order",
    "source": "synthetic_agent",
    "symbol": "BTCUSDT",
    "exchange": "binance_usdm",
    "timestamp": "2024-05-01T00:00:00.168000Z",
    "sequence": 21,
    "scenario_id": "scenario-020-latency_edge",
    "agent_id": "agent-latency_edge",
    "order_id": "scenario-020-latency_edge-agent-latency_edge-21",
    "action": "new",
    "side": "buy",
    "price": 65059.011999999995,
    "quantity": 0.006,
    "remaining_quantity": 0.006
  },
  {
    "event_id": "c01b984ef81d92963634ce15c3475f360043212bb809c55d9de7f635d1ef216c",
    "schema_version": "1.0.0",
    "event_type": "agent_order",
    "source": "synthetic_agent",
    "symbol": "BTCUSDT",
    "exchange": "binance_usdm",
    "timestamp": "2024-05-01T00:00:00.176000Z",
    "sequence": 22,
    "scenario_id": "scenario-020-latency_edge",
    "agent_id": "agent-latency_edge",
    "order_id": "scenario-020-latency_edge-agent-latency_edge-22",
    "action": "new",
    "side": "sell",
    "price": 64980.988,
    "quantity": 0.006,
    "remaining_quantity": 0.006
  },
  {
    "event_id": "9b7a59d9eab0a956ea007df2e5f39291833e55d4f6c6eae974b918b1f3c06e27",
    "schema_version": "1.0.0",
    "event_type": "agent_order",
    "source": "synthetic_agent",
    "symbol": "BTCUSDT",
    "exchange": "binance_usdm",
    "timestamp": "2024-05-01T00:00:00.184000Z",
    "sequence": 23,
    "scenario_id": "scenario-020-latency_edge",
    "agent_id": "agent-latency_edge",
    "order_id": "scenario-020-latency_edge-agent-latency_edge-23",
    "action": "new",
    "side": "sell",
    "price": 64980.988,
    "quantity": 0.006,
    "remaining_quantity": 0.006
  },
  {
    "event_id": "63f7838cf95b871845a4c544d073e74902dbe4168d39c5b5d3cae92ee819613d",
    "schema_version": "1.0.0",
    "event_type": "agent_order",
    "source": "synthetic_agent",
    "symbol": "BTCUSDT",
    "exchange": "binance_usdm",
    "timestamp": "2024-05-01T00:00:00.192000Z",
    "sequence": 24,
    "scenario_id": "scenario-020-latency_edge",
    "agent_id": "agent-latency_edge",
    "order_id": "scenario-020-latency_edge-agent-latency_edge-24",
    "action": "new",
    "side": "buy",
    "price": 65059.011999999995,
    "quantity": 0.006,
    "remaining_quantity": 0.006
  },
  {
    "event_id": "8c057571bd92569d93d0d7ffc93fbd5420d8abe962c9deafcd997f35d670146a",
    "schema_version": "1.0.0",
    "event_type": "agent_order",
    "source": "synthetic_agent",
    "symbol": "BTCUSDT",
    "exchange": "binance_usdm",
    "timestamp": "2024-05-01T00:00:00.200000Z",
    "sequence": 25,
    "scenario_id": "scenario-020-latency_edge",
    "agent_id": "agent-latency_edge",
    "order_id": "scenario-020-latency_edge-agent-latency_edge-25",
    "action": "new",
    "side": "buy",
    "price": 65059.011999999995,
    "quantity": 0.006,
    "remaining_quantity": 0.006
  },
  {
    "event_id": "07537571c86391250723109ed6ea5c41683b578f2199eb1b9af073a8628bcd1e",
    "schema_version": "1.0.0",
    "event_type": "agent_order",
    "source": "synthetic_agent",
    "symbol": "BTCUSDT",
    "exchange": "binance_usdm",
    "timestamp": "2024-05-01T00:00:00.208000Z",
    "sequence": 26,
    "scenario_id": "scenario-020-latency_edge",
    "agent_id": "agent-latency_edge",
    "order_id": "scenario-020-latency_edge-agent-latency_edge-26",
    "action": "new",
    "side": "sell",
    "price": 64980.988,
    "quantity": 0.006,
    "remaining_quantity": 0.006
  },
  {
    "event_id": "ca47d0399663ed99c7b30d3243ae0b99135df5a4ba98aab873fad800e5524dd3",
    "schema_version": "1.0.0",
    "event_type": "agent_order",
    "source": "synthetic_agent",
    "symbol": "BTCUSDT",
    "exchange": "binance_usdm",
    "timestamp": "2024-05-01T00:00:00.216000Z",
    "sequence": 27,
    "scenario_id": "scenario-020-latency_edge",
    "agent_id": "agent-latency_edge",
    "order_id": "scenario-020-latency_edge-agent-latency_edge-27",
    "action": "new",
    "side": "sell",
    "price": 64980.988,
    "quantity": 0.006,
    "remaining_quantity": 0.006
  },
  {
    "event_id": "2ecfaad222ad22a5bb44bcca7a54b61a4e655bb22e308630550309207bc6fced",
    "schema_version": "1.0.0",
    "event_type": "agent_order",
    "source": "synthetic_agent",
    "symbol": "BTCUSDT",
    "exchange": "binance_usdm",
    "timestamp": "2024-05-01T00:00:00.224000Z",
    "sequence": 28,
    "scenario_id": "scenario-020-latency_edge",
    "agent_id": "agent-latency_edge",
    "order_id": "scenario-020-latency_edge-agent-latency_edge-28",
    "action": "new",
    "side": "buy",
    "price": 65059.011999999995,
    "quantity": 0.006,
    "remaining_quantity": 0.006
  },
  {
    "event_id": "191aaa5f033a1e0bd6ad991a635e35fcb1b243a904f2f8726fe7b0eab5c801d8",
    "schema_version": "1.0.0",
    "event_type": "agent_order",
    "source": "synthetic_agent",
    "symbol": "BTCUSDT",
    "exchange": "binance_usdm",
    "timestamp": "2024-05-01T00:00:00.232000Z",
    "sequence": 29,
    "scenario_id": "scenario-020-latency_edge",
    "agent_id": "agent-latency_edge",
    "order_id": "scenario-020-latency_edge-agent-latency_edge-29",
    "action": "new",
    "side": "buy",
    "price": 65059.011999999995,
    "quantity": 0.006,
    "remaining_quantity": 0.006
  }
]