[
  {
    "event_id": "5e5e952d5d3af14b279f697559fb720eac1ee80f6ac96f847f2540e9d3bc5ada",
    "schema_version": "1.0.0",
    "event_type": "agent_order",
    "source": "synthetic_agent",
    "symbol": "BTCUSDT",
    "exchange": "binance_usdm",
    "timestamp": "2024-05-01T00:00:00Z",
    "sequence": 0,
    "scenario_id": "scenario-358-runaway_inventory",
    "agent_id": "agent-runaway_inventory",
    "order_id": "scenario-358-runaway_inventory-agent-runaway_inventory-0",
    "action": "new",
    "side": "buy",
    "price": 65358.0,
    "quantity": 0.01,
    "remaining_quantity": 0.01
  },
  {
    "event_id": "a2d20fff683155e6627d19426cd5a1dff38aadaa121daf0870c0b378583eed0d",
    "schema_version": "1.0.0",
    "event_type": "agent_order",
    "source": "synthetic_agent",
    "symbol": "BTCUSDT",
    "exchange": "binance_usdm",
    "timestamp": "2024-05-01T00:00:00.070000Z",
    "sequence": 1,
    "scenario_id": "scenario-358-runaway_inventory",
    "agent_id": "agent-runaway_inventory",
    "order_id": "scenario-358-runaway_inventory-agent-runaway_inventory-1",
    "action": "new",
    "side": "buy",
    "price": 65359.960739999995,
    "quantity": 0.012,
    "remaining_quantity": 0.012
  },
  {
    "event_id": "cc8b88872369e79630821c8455a52db31a6d783f60447c3026f7658ecd11d404",
    "schema_version": "1.0.0",
    "event_type": "agent_order",
    "source": "synthetic_agent",
    "symbol": "BTCUSDT",
    "exchange": "binance_usdm",
    "timestamp": "2024-05-01T00:00:00.140000Z",
    "sequence": 2,
    "scenario_id": "scenario-358-runaway_inventory",
    "agent_id": "agent-runaway_inventory",
    "order_id": "scenario-358-runaway_inventory-agent-runaway_inventory-2",
    "action": "new",
    "side": "buy",
    "price": 65361.92148,
    "quantity": 0.014,
    "remaining_quantity": 0.014
  },
  {
    "event_id": "25e62b179595b03c179b5dc89ed9fd03e08723bbc492b1f6e7a24a9d486c9ebc",
    "schema_version": "1.0.0",
    "event_type": "agent_order",
    "source": "synthetic_agent",
    "symbol": "BTCUSDT",
    "exchange": "binance_usdm",
    "timestamp": "2024-05-01T00:00:00.210000Z",
    "sequence": 3,
    "scenario_id": "scenario-358-runaway_inventory",
    "agent_id": "agent-runaway_inventory",
    "order_id": "scenario-358-runaway_inventory-agent-runaway_inventory-3",
    "action": "new",
    "side": "buy",
    "price": 65363.88221999999,
    "quantity": 0.016,
    "remaining_quantity": 0.016
  },
  {
    "event_id": "a6d0e095842f517e3a60e3b46a947221b4eebf09a3feec960ca7b1c0f56f1c51",
    "schema_version": "1.0.0",
    "event_type": "agent_order",
    "source": "synthetic_agent",
    "symbol": "BTCUSDT",
    "exchange": "binance_usdm",
    "timestamp": "2024-05-01T00:00:00.280000Z",
    "sequence": 4,
    "scenario_id": "scenario-358-runaway_inventory",
    "agent_id": "agent-runaway_inventory",
    "order_id": "scenario-358-runaway_inventory-agent-runaway_inventory-4",
    "action": "new",
    "side": "buy",
    "price": 65365.842959999994,
    "quantity": 0.018000000000000002,
    "remaining_quantity": 0.018000000000000002
  },
  {
    "event_id": "5a5106f585843638c08d9dc86d4fe16675d656e7a33ed60b1e986b6ae27a3829",
    "schema_version": "1.0.0",
    "event_type": "agent_order",
    "source": "synthetic_agent",
    "symbol": "BTCUSDT",
    "exchange": "binance_usdm",
    "timestamp": "2024-05-01T00:00:00.350000Z",
    "sequence": 5,
    "scenario_id": "scenario-358-runaway_inventory",
    "agent_id": "agent-runaway_inventory",
    "order_id": "scenario-358-runaway_inventory-agent-runaway_inventory-5",
    "action": "new",
    "side": "buy",
    "price": 65367.803700000004,
    "quantity": 0.02,
    "remaining_quantity": 0.02
  },
  {
    "event_id": "b3636d97b5190f80becae25719b37fc95fde48085e35573c451ceeff9dfcc0e5",
    "schema_version": "1.0.0",
    "event_type": "agent_order",
    "source": "synthetic_agent",
    "symbol": "BTCUSDT",
    "exchange": "binance_usdm",
    "timestamp": "2024-05-01T00:00:00.420000Z",
    "sequence": 6,
    "scenario_id": "scenario-358-runaway_inventory",
    "agent_id": "agent-runaway_inventory",
    "order_id": "scenario-358-runaway_inventory-agent-runaway_inventory-6",
    "action": "new",
    "side": "buy",
    "price": 65369.764440000006,
    "quantity": 0.022,
    "remaining_quantity": 0.022
  },
  {
    "event_id": "614a653c4fa1dfbf741ae353146c75aa8f454c6bcf5af5060588d4de18aea5a6",
    "schema_version": "1.0.0",
    "event_type": "agent_order",
    "source": "synthetic_agent",
    "symbol": "BTCUSDT",
    "exchange": "binance_usdm",
    "timestamp": "2024-05-01T00:00:00.490000Z",
    "sequence": 7,
    "scenario_id": "scenario-358-runaway_inventory",
    "agent_id": "agent-runaway_inventory",
    "order_id": "scenario-358-runaway_inventory-agent-runaway_inventory-7",
    "action": "new",
    "side": "buy",
    "price": 65371.72518,
    "quantity": 0.024,
    "remaining_quantity": 0.024
  },
  {
    "event_id": "bb7796061fe2cf1394a77d11c5891ba17dedac0afb611dca4ef5ddf0ee2bef1d",
    "schema_version": "1.0.0",
    "event_type": "agent_order",
    "source": "synthetic_agent",
    "symbol": "BTCUSDT",
    "exchange": "binance_usdm",
    "timestamp": "2024-05-01T00:00:00.560000Z",
    "sequence": 8,
    "scenario_id": "scenario-358-runaway_inventory",
    "agent_id": "agent-runaway_inventory",
    "order_id": "scenario-358-runaway_inventory-agent-runaway_inventory-8",
    "action": "new",
    "side": "buy",
    "price": 65373.68592,
    "quantity": 0.026000000000000002,
    "remaining_quantity": 0.026000000000000002
  },
  {
    "event_id": "79ee5752d9134ebf846fa82f55193b5975f100f9c2d10c0b7481606782db9ba2",
    "schema_version": "1.0.0",
    "event_type": "agent_order",
    "source": "synthetic_agent",
    "symbol": "BTCUSDT",
    "exchange": "binance_usdm",
    "timestamp": "2024-05-01T00:00:00.630000Z",
    "sequence": 9,
    "scenario_id": "scenario-358-runaway_inventory",
    "agent_id": "agent-runaway_inventory",
    "order_id": "scenario-358-runaway_inventory-agent-runaway_inventory-9",
    "action": "new",
    "side": "buy",
    "price": 65375.64666,
    "quantity": 0.028000000000000004,
    "remaining_quantity": 0.028000000000000004
  },
  {
    "event_id": "94155e84b6a1bc4bae65b45e41be623060dcaf60575555732c508985aaa9555d",
    "schema_version": "1.0.0",
    "event_type": "agent_order",
    "source": "synthetic_agent",
    "symbol": "BTCUSDT",
    "exchange": "binance_usdm",
    "timestamp": "2024-05-01T00:00:00.700000Z",
    "sequence": 10,
    "scenario_id": "scenario-358-runaway_inventory",
    "agent_id": "agent-runaway_inventory",
    "order_id": "scenario-358-runaway_inventory-agent-runaway_inventory-10",
    "action": "new",
    "side": "buy",
    "price": 65377.6074,
    "quantity": 0.03,
    "remaining_quantity": 0.03
  },
  {
    "event_id": "06e441a501641b4dcccea03ba9f0ada4876f265bba80636975b797194534759e",
    "schema_version": "1.0.0",
    "event_type": "agent_order",
    "source": "synthetic_agent",
    "symbol": "BTCUSDT",
    "exchange": "binance_usdm",
    "timestamp": "2024-05-01T00:00:00.770000Z",
    "sequence": 11,
    "scenario_id": "scenario-358-runaway_inventory",
    "agent_id": "agent-runaway_inventory",
    "order_id": "scenario-358-runaway_inventory-agent-runaway_inventory-11",
    "action": "new",
    "side": "buy",
    "price": 65379.568139999996,
    "quantity": 0.032,
    "remaining_quantity": 0.032
  },
  {
    "event_id": "e2c7003f1aed39a110f873a3ddd8dbfef019442840e091e7efea297d9c976ab6",
    "schema_version": "1.0.0",
    "event_type": "agent_order",
    "source": "synthetic_agent",
    "symbol": "BTCUSDT",
    "exchange": "binance_usdm",
    "timestamp": "2024-05-01T00:00:00.840000Z",
    "sequence": 12,
    "scenario_id": "scenario-358-runaway_inventory",
    "agent_id": "agent-runaway_inventory",
    "order_id": "scenario-358-runaway_inventory-agent-runaway_inventory-12",
    "action": "new",
    "side": "buy",
    "price": 65381.52888,
    "quantity": 0.034,
    "remaining_quantity": 0.034
  },
  {
    "event_id": "78493856d7320a52ccd729d58b012b03a385dbc72d84a8826441257a37264503",
    "schema_version": "1.0.0",
    "event_type": "agent_order",
    "source": "synthetic_agent",
    "symbol": "BTCUSDT",
    "exchange": "binance_usdm",
    "timestamp": "2024-05-01T00:00:00.910000Z",
    "sequence": 13,
    "scenario_id": "scenario-358-runaway_inventory",
    "agent_id": "agent-runaway_inventory",
    "order_id": "scenario-358-runaway_inventory-agent-runaway_inventory-13",
    "action": "new",
    "side": "buy",
    "price": 65383.48961999999,
    "quantity": 0.036000000000000004,
    "remaining_quantity": 0.036000000000000004
  },
  {
    "event_id": "c4630faaaad8e10db5b9da2fe478a253c574fd78df18365414b9a98d8e96fe27",
    "schema_version": "1.0.0",
    "event_type": "agent_order",
    "source": "synthetic_agent",
    "symbol": "BTCUSDT",
    "exchange": "binance_usdm",
    "timestamp": "2024-05-01T00:00:00.980000Z",
    "sequence": 14,
    "scenario_id": "scenario-358-runaway_inventory",
    "agent_id": "agent-runaway_inventory",
    "order_id": "scenario-358-runaway_inventory-agent-runaway_inventory-14",
    "action": "new",
    "side": "buy",
    "price": 65385.45036,
    "quantity": 0.038,
    "remaining_quantity": 0.038
  },
  {
    "event_id": "591ab52ac8b2781bd94bb34276e128577c70f1823a45f69c12e89381a7ad7655",
    "schema_version": "1.0.0",
    "event_type": "agent_order",
    "source": "synthetic_agent",
    "symbol": "BTCUSDT",
    "exchange": "binance_usdm",
    "timestamp": "2024-05-01T00:00:01.050000Z",
    "sequence": 15,
    "scenario_id": "scenario-358-runaway_inventory",
    "agent_id": "agent-runaway_inventory",
    "order_id": "scenario-358-runaway_inventory-agent-runaway_inventory-15",
    "action": "new",
    "side": "buy",
    "price": 65387.411100000005,
    "quantity": 0.04,
    "remaining_quantity": 0.04
  },
  {
    "event_id": "a9e48e862ee1a34dfe76349e06b95786dbf83edba35a311d86a2b8b06593ee99",
    "schema_version": "1.0.0",
    "event_type": "agent_order",
    "source": "synthetic_agent",
    "symbol": "BTCUSDT",
    "exchange": "binance_usdm",
    "timestamp": "2024-05-01T00:00:01.120000Z",
    "sequence": 16,
    "scenario_id": "scenario-358-runaway_inventory",
    "agent_id": "agent-runaway_inventory",
    "order_id": "scenario-358-runaway_inventory-agent-runaway_inventory-16",
    "action": "new",
    "side": "buy",
    "price": 65389.37184,
    "quantity": 0.042,
    "remaining_quantity": 0.042
  },
  {
    "event_id": "6fa5448e7857c816cd1e4f6ee88826ac5b78ca46bb1919c9ee03a56604e31cd5",
    "schema_version": "1.0.0",
    "event_type": "agent_order",
    "source": "synthetic_agent",
    "symbol": "BTCUSDT",
    "exchange": "binance_usdm",
    "timestamp": "2024-05-01T00:00:01.190000Z",
    "sequence": 17,
    "scenario_id": "scenario-358-runaway_inventory",
    "agent_id": "agent-runaway_inventory",
    "order_id": "scenario-358-runaway_inventory-agent-runaway_inventory-17",
    "action": "new",
    "side": "buy",
    "price": 65391.33258,
    "quantity": 0.044000000000000004,
    "remaining_quantity": 0.044000000000000004
  },
  {
    "event_id": "f7d8300bd4045147f8a4b53d2f7858dde27ec5e056da117dada1d74a8c802de7",
    "schema_version": "1.0.0",
    "event_type": "agent_order",
    "source": "synthetic_agent",
    "symbol": "BTCUSDT",
    "exchange": "binance_usdm",
    "timestamp": "2024-05-01T00:00:01.260000Z",
    "sequence": 18,
    "scenario_id": "scenario-358-runaway_inventory",
    "agent_id": "agent-runaway_inventory",
    "order_id": "scenario-358-runaway_inventory-agent-runaway_inventory-18",
    "action": "new",
    "side": "buy",
    "price": 65393.29332,
    "quantity": 0.046000000000000006,
    "remaining_quantity": 0.046000000000000006
  },
  {
    "event_id": "8014cefa41dcad79b1fa88a33c8dc9dea5144c6e0aaac1117d259e1207d56028",
    "schema_version": "1.0.0",
    "event_type": "agent_order",
    "source": "synthetic_agent",
    "symbol": "BTCUSDT",
    "exchange": "binance_usdm",
    "timestamp": "2024-05-01T00:00:01.330000Z",
    "sequence": 19,
    "scenario_id": "scenario-358-runaway_inventory",
    "agent_id": "agent-runaway_inventory",
    "order_id": "scenario-358-runaway_inventory-agent-runaway_inventory-19",
    "action": "new",
    "side": "buy",
    "price": 65395.25406,
    "quantity": 0.048,
    "remaining_quantity": 0.048
  },
  {
    "event_id": "27b5bff44b99e2db8e9a9d292df7091b2ce82e9b9bd250848a02525ae1ab19c3",
    "schema_version": "1.0.0",
    "event_type": "agent_order",
    "source": "synthetic_agent",
    "symbol": "BTCUSDT",
    "exchange": "binance_usdm",
    "timestamp": "2024-05-01T00:00:01.400000Z",
    "sequence": 20,
    "scenario_id": "scenario-358-runaway_inventory",
    "agent_id": "agent-runaway_inventory",
    "order_id": "scenario-358-runaway_inventory-agent-runaway_inventory-20",
    "action": "new",
    "side": "buy",
    "price": 65397.214799999994,
    "quantity": 0.05,
    "remaining_quantity": 0.05
  },
  {
    "event_id": "c39423330c70ccf1aefd0ffcdb3211a8ac352a304257db63366ae76226257bd3",
    "schema_version": "1.0.0",
    "event_type": "agent_order",
    "source": "synthetic_agent",
    "symbol": "BTCUSDT",
    "exchange": "binance_usdm",
    "timestamp": "2024-05-01T00:00:01.470000Z",
    "sequence": 21,
    "scenario_id": "scenario-358-runaway_inventory",
    "agent_id": "agent-runaway_inventory",
    "order_id": "scenario-358-runaway_inventory-agent-runaway_inventory-21",
    "action": "new",
    "side": "buy",
    "price": 65399.17554,
    "quantity": 0.052000000000000005,
    "remaining_quantity": 0.052000000000000005
  },
  {
    "event_id": "b7ca5debacf3cd5ce8689f1b0a063800c0fac90a87408d7dd3ebe4ac1b73b4ce",
    "schema_version": "1.0.0",
    "event_type": "agent_order",
    "source": "synthetic_agent",
    "symbol": "BTCUSDT",
    "exchange": "binance_usdm",
    "timestamp": "2024-05-01T00:00:01.540000Z",
    "sequence": 22,
    "scenario_id": "scenario-358-runaway_inventory",
    "agent_id": "agent-runaway_inventory",
    "order_id": "scenario-358-runaway_inventory-agent-runaway_inventory-22",
    "action": "new",
    "side": "buy",
    "price": 65401.136280000006,
    "quantity": 0.054,
    "remaining_quantity": 0.054
  },
  {
    "event_id": "3465b4d9d75ed02ba8aa67646af7b0afc21dcc8c8d701806cdbf2179b9ba8cd7",
    "schema_version": "1.0.0",
    "event_type": "agent_order",
    "source": "synthetic_agent",
    "symbol": "BTCUSDT",
    "exchange": "binance_usdm",
    "timestamp": "2024-05-01T00:00:01.610000Z",
    "sequence": 23,
    "scenario_id": "scenario-358-runaway_inventory",
    "agent_id": "agent-runaway_inventory",
    "order_id": "scenario-358-runaway_inventory-agent-runaway_inventory-23",
    "action": "new",
    "side": "buy",
    "price": 65403.09702000001,
    "quantity": 0.056,
    "remaining_quantity": 0.056
  },
  {
    "event_id": "4b8e763212bd03ca8ac6de3782586d0af84496aee0c16c443debc1136114790a",
    "schema_version": "1.0.0",
    "event_type": "agent_order",
    "source": "synthetic_agent",
    "symbol": "BTCUSDT",
    "exchange": "binance_usdm",
    "timestamp": "2024-05-01T00:00:01.680000Z",
    "sequence": 24,
    "scenario_id": "scenario-358-runaway_inventory",
    "agent_id": "agent-runaway_inventory",
    "order_id": "scenario-358-runaway_inventory-agent-runaway_inventory-24",
    "action": "new",
    "side": "buy",
    "price": 65405.05776,
    "quantity": 0.058,
    "remaining_quantity": 0.058
  },
  {
    "event_id": "8127702366175260d0576c1d3fcac3cbe26af2dd80fda73f21d71071b7ff56e2",
    "schema_version": "1.0.0",
    "event_type": "agent_order",
    "source": "synthetic_agent",
    "symbol": "BTCUSDT",
    "exchange": "binance_usdm",
    "timestamp": "2024-05-01T00:00:01.750000Z",
    "sequence": 25,
    "scenario_id": "scenario-358-runaway_inventory",
    "agent_id": "agent-runaway_inventory",
    "order_id": "scenario-358-runaway_inventory-agent-runaway_inventory-25",
    "action": "new",
    "side": "buy",
    "price": 65407.0185,
    "quantity": 0.060000000000000005,
    "remaining_quantity": 0.060000000000000005
  },
  {
    "event_id": "96ff972a7b81bbc0e3fcee522f1085b0c20b208dbd0cacf35e488def75499b70",
    "schema_version": "1.0.0",
    "event_type": "agent_order",
    "source": "synthetic_agent",
    "symbol": "BTCUSDT",
    "exchange": "binance_usdm",
    "timestamp": "2024-05-01T00:00:01.820000Z",
    "sequence": 26,
    "scenario_id": "scenario-358-runaway_inventory",
    "agent_id": "agent-runaway_inventory",
    "order_id": "scenario-358-runaway_inventory-agent-runaway_inventory-26",
    "action": "new",
    "side": "buy",
    "price": 65408.97924,
    "quantity": 0.062000000000000006,
    "remaining_quantity": 0.062000000000000006
  },
  {
    "event_id": "d773a292b707c417678f040fb44ef925c4cf58d189ea4b718a87f32f079db0a4",
    "schema_version": "1.0.0",
    "event_type": "agent_order",
    "source": "synthetic_agent",
    "symbol": "BTCUSDT",
    "exchange": "binance_usdm",
    "timestamp": "2024-05-01T00:00:01.890000Z",
    "sequence": 27,
    "scenario_id": "scenario-358-runaway_inventory",
    "agent_id": "agent-runaway_inventory",
    "order_id": "scenario-358-runaway_inventory-agent-runaway_inventory-27",
    "action": "new",
    "side": "buy",
    "price": 65410.939979999996,
    "quantity": 0.064,
    "remaining_quantity": 0.064
  },
  {
    "event_id": "f5d72a6622ec93158638bca6975a4c25c34ce838597e9fd334d1376c8b60b143",
    "schema_version": "1.0.0",
    "event_type": "agent_order",
    "source": "synthetic_agent",
    "symbol": "BTCUSDT",
    "exchange": "binance_usdm",
    "timestamp": "2024-05-01T00:00:01.960000Z",
    "sequence": 28,
    "scenario_id": "scenario-358-runaway_inventory",
    "agent_id": "agent-runaway_inventory",
    "order_id": "scenario-358-runaway_inventory-agent-runaway_inventory-28",
    "action": "new",
    "side": "buy",
    "price": 65412.90072,
    "quantity": 0.066,
    "remaining_quantity": 0.066
  },
  {
    "event_id": "03327e7b54684fdab803d5c397a288179951fb000431103d6b252bd94871344b",
    "schema_version": "1.0.0",
    "event_type": "agent_order",
    "source": "synthetic_agent",
    "symbol": "BTCUSDT",
    "exchange": "binance_usdm",
    "timestamp": "2024-05-01T00:00:02.030000Z",
    "sequence": 29,
    "scenario_id": "scenario-358-runaway_inventory",
    "agent_id": "agent-runaway_inventory",
    "order_id": "scenario-358-runaway_inventory-agent-runaway_inventory-29",
    "action": "new",
    "side": "buy",
    "price": 65414.86145999999,
    "quantity": 0.068,
    "remaining_quantity": 0.068
  }
]