[
  {
    "event_id": "644e3dfbb1f6e966bb68675d589468e858f373ed7db791006636123a9da0cae6",
    "schema_version": "1.0.0",
    "event_type": "agent_order",
    "source": "synthetic_agent",
    "symbol": "BTCUSDT",
    "exchange": "binance_usdm",
    "timestamp": "2024-05-01T00:00:00Z",
    "sequence": 0,
    "scenario_id": "scenario-008-latency_edge",
    "agent_id": "agent-latency_edge",
    "order_id": "scenario-008-latency_edge-agent-latency_edge-0",
    "action": "new",
    "side": "buy",
    "price": 65047.004799999995,
    "quantity": 0.006,
    "remaining_quantity": 0.006
  },
  {
    "event_id": "2f09f4779eb941b860376814688a49ad22cb9248c5ddedb1bbbc3e0ad589a498",
    "schema_version": "1.0.0",
    "event_type": "agent_order",
    "source": "synthetic_agent",
    "symbol": "BTCUSDT",
    "exchange": "binance_usdm",
    "timestamp": "2024-05-01T00:00:00.008000Z",
    "sequence": 1,
    "scenario_id": "scenario-008-latency_edge",
    "agent_id": "agent-latency_edge",
    "order_id": "scenario-008-latency_edge-agent-latency_edge-1",
    "action": "new",
    "side": "buy",
    "price": 65047.004799999995,
    "quantity": 0.006,
    "remaining_quantity": 0.006
  },
  {
    "event_id": "8585294855a34d6024930127f0f1915b35d3e3ee9d5c3ac711bf61fcb0a5505b",
    "schema_version": "1.0.0",
    "event_type": "agent_order",
    "source": "synthetic_agent",
    "symbol": "BTCUSDT",
    "exchange": "binance_usdm",
    "timestamp": "2024-05-01T00:00:00.016000Z",
    "sequence": 2,
    "scenario_id": "scenario-008-latency_edge",
    "agent_id": "agent-latency_edge",
    "order_id": "scenario-008-latency_edge-agent-latency_edge-2",
    "action": "new",
    "side": "sell",
    "price": 64968.9952,
    "quantity": 0.006,
    "remaining_quantity": 0.006
  },
  {
    "event_id": "fd252cc9051f2cece39475b9b23e5786e0f46f45324af58ffd2ade6f8fbe0105",
    "schema_version": "1.0.0",
    "event_type": "agent_order",
    "source": "synthetic_agent",
    "symbol": "BTCUSDT",
    "exchange": "binance_usdm",
    "timestamp": "2024-05-01T00:00:00.024000Z",
    "sequence": 3,
    "scenario_id": "scenario-008-latency_edge",
    "agent_id": "agent-latency_edge",
    "order_id": "scenario-008-latency_edge-agent-latency_edge-3",
    "action": "new",
    "side": "sell",
    "price": 64968.9952,
    "quantity": 0.006,
    "remaining_quantity": 0.006
  },
  {
    "event_id": "e326553c176d491f4c34788f5e818f87538f1557696d5838015919048574e1e0",
    "schema_version": "1.0.0",
    "event_type": "agent_order",
    "source": "synthetic_agent",
    "symbol": "BTCUSDT",
    "exchange": "binance_usdm",
    "timestamp": "2024-05-01T00:00:00.032000Z",
    "sequence": 4,
    "scenario_id": "scenario-008-latency_edge",
    "agent_id": "agent-latency_edge",
    "order_id": "scenario-008-latency_edge-agent-latency_edge-4",
    "action": "new",
    "side": "buy",
    "price": 65047.004799999995,
    "quantity": 0.006,
    "remaining_quantity": 0.006
  },
  {
    "event_id": "171f8df30dc7e95f0d6d15124ed5ff40cd832e9d63fd26bca0d8438892df3892",
    "schema_version": "1.0.0",
    "event_type": "agent_order",
    "source": "synthetic_agent",
    "symbol": "BTCUSDT",
    "exchange": "binance_usdm",
    "timestamp": "2024-05-01T00:00:00.040000Z",
    "sequence": 5,
    "scenario_id": "scenario-008-latency_edge",
    "agent_id": "agent-latency_edge",
    "order_id": "scenario-008-latency_edge-agent-latency_edge-5",
    "action": "new",
    "side": "buy",
    "price": 65047.004799999995,
    "quantity": 0.006,
    "remaining_quantity": 0.006
  },
  {
    "event_id": "dba51e11b9f4c5d53f790070805846a5c588837610c80cf5cef60169388cbc0a",
    "schema_version": "1.0.0",
    "event_type": "agent_order",
    "source": "synthetic_agent",
    "symbol": "BTCUSDT",
    "exchange": "binance_usdm",
    "timestamp": "2024-05-01T00:00:00.048000Z",
    "sequence": 6,
    "scenario_id": "scenario-008-latency_edge",
    "agent_id": "agent-latency_edge",
    "order_id": "scenario-008-latency_edge-agent-latency_edge-6",
    "action": "new",
    "side": "sell",
    "price": 64968.9952,
    "quantity": 0.006,
    "remaining_quantity": 0.006
  },
  {
    "event_id": "b61ee3ba48ff9c17799152874293ae1b8e366535e037d4247365d4b78687a26e",
    "schema_version": "1.0.0",
    "event_type": "agent_order",
    "source": "synthetic_agent",
    "symbol": "BTCUSDT",
    "exchange": "binance_usdm",
    "timestamp": "2024-05-01T00:00:00.056000Z",
    "sequence": 7,
    "scenario_id": "scenario-008-latency_edge",
    "agent_id": "agent-latency_edge",
    "order_id": "scenario-008-latency_edge-agent-latency_edge-7",
    "action": "new",
    "side": "sell",
    "price": 64968.9952,
    "quantity": 0.006,
    "remaining_quantity": 0.006
  },
  {
    "event_id": "218ebbebbbf5d57c8c5ad64860f74ecbf0f95f7a300f01fcd2c65d8501d4403d",
    "schema_version": "1.0.0",
    "event_type": "agent_order",
    "source": "synthetic_agent",
    "symbol": "BTCUSDT",
    "exchange": "binance_usdm",
    "timestamp": "2024-05-01T00:00:00.064000Z",
    "sequence": 8,
    "scenario_id": "scenario-008-latency_edge",
    "agent_id": "agent-latency_edge",
    "order_id": "scenario-008-latency_edge-agent-latency_edge-8",
    "action": "new",
    "side": "buy",
    "price": 65047.004799999995,
    "quantity": 0.006,
    "remaining_quantity": 0.006
  },
  {
    "event_id": "7aa20c5e6d801421bcdafea3488795305d973c091af1f8abb99a28b6e4e17a83",
    "schema_version": "1.0.0",
    "event_type": "agent_order",
    "source": "synthetic_agent",
    "symbol": "BTCUSDT",
    "exchange": "binance_usdm",
    "timestamp": "2024-05-01T00:00:00.072000Z",
    "sequence": 9,
    "scenario_id": "scenario-008-latency_edge",
    "agent_id": "agent-latency_edge",
    "order_id": "scenario-008-latency_edge-agent-latency_edge-9",
    "action": "new",
    "side": "buy",
    "price": 65047.004799999995,
    "quantity": 0.006,
    "remaining_quantity": 0.006
  },
  {
    "event_id": "c5ddabad7586a634ab372623f6de286db2f9f5ed972ed80108773677bc38c125",
    "schema_version": "1.0.0",
    "event_type": "agent_order",
    "source": "synthetic_agent",
    "symbol": "BTCUSDT",
    "exchange": "binance_usdm",
    "timestamp": "2024-05-01T00:00:00.080000Z",
    "sequence": 10,
    "scenario_id": "scenario-008-latency_edge",
    "agent_id": "agent-latency_edge",
    "order_id": "scenario-008-latency_edge-agent-latency_edge-10",
    "action": "new",
    "side": "sell",
    "price": 64968.9952,
    "quantity": 0.006,
    "remaining_quantity": 0.006
  },
  {
    "event_id": "1c2cf531607a3810df38743ba062ea574483688bc3e08086dd0c4bc882762585",
    "schema_version": "1.0.0",
    "event_type": "agent_order",
    "source": "synthetic_agent",
    "symbol": "BTCUSDT",
    "exchange": "binance_usdm",
    "timestamp": "2024-05-01T00:00:00.088000Z",
    "sequence": 11,
    "scenario_id": "scenario-008-latency_edge",
    "agent_id": "agent-latency_edge",
    "order_id": "scenario-008-latency_edge-agent-latency_edge-11",
    "action": "new",
    "side": "sell",
    "price": 64968.9952,
    "quantity": 0.006,
    "remaining_quantity": 0.006
  },
  {
    "event_id": "04295a76d4ab77d9a62df14cc8340ba2b1e8ad4089fec802bddb3b4b33a5b052",
    "schema_version": "1.0.0",
    "event_type": "agent_order",
    "source": "synthetic_agent",
    "symbol": "BTCUSDT",
    "exchange": "binance_usdm",
    "timestamp": "2024-05-01T00:00:00.096000Z",
    "sequence": 12,
    "scenario_id": "scenario-008-latency_edge",
    "agent_id": "agent-latency_edge",
    "order_id": "scenario-008-latency_edge-agent-latency_edge-12",
    "action": "new",
    "side": "buy",
    "price": 65047.004799999995,
    "quantity": 0.006,
    "remaining_quantity": 0.006
  },
  {
    "event_id": "37d332ac3729f2f2a8228eb928357e71dfb442db6048d8dad72c6e209af69f8c",
    "schema_version": "1.0.0",
    "event_type": "agent_order",
    "source": "synthetic_agent",
    "symbol": "BTCUSDT",
    "exchange": "binance_usdm",
    "timestamp": "2024-05-01T00:00:00.104000Z",
    "sequence": 13,
    "scenario_id": "scenario-008-latency_edge",
    "agent_id": "agent-latency_edge",
    "order_id": "scenario-008-latency_edge-agent-latency_edge-13",
    "action": "new",
    "side": "buy",
    "price": 65047.004799999995,
    "quantity": 0.006,
    "remaining_quantity": 0.006
  },
  {
    "event_id": "bdb1b4f934cd48b9794d035ccd671450656131980ebab995897fe8bb154a3de0",
    "schema_version": "1.0.0",
    "event_type": "agent_order",
    "source": "synthetic_agent",
    "symbol": "BTCUSDT",
    "exchange": "binance_usdm",
    "timestamp": "2024-05-01T00:00:00.112000Z",
    "sequence": 14,
    "scenario_id": "scenario-008-latency_edge",
    "agent_id": "agent-latency_edge",
    "order_id": "scenario-008-latency_edge-agent-latency_edge-14",
    "action": "new",
    "side": "sell",
    "price": 64968.9952,
    "quantity": 0.006,
    "remaining_quantity": 0.006
  },
  {
    "event_id": "69bcc3acfd8a11a667af6288769583e27a45f86de0a14c158b1192614a3b4528",
    "schema_version": "1.0.0",
    "event_type": "agent_order",
    "source": "synthetic_agent",
    "symbol": "BTCUSDT",
    "exchange": "binance_usdm",
    "timestamp": "2024-05-01T00:00:00.120000Z",
    "sequence": 15,
    "scenario_id": "scenario-008-latency_edge",
    "agent_id": "agent-latency_edge",
    "order_id": "scenario-008-latency_edge-agent-latency_edge-15",
    "action": "new",
    "side": "sell",
    "price": 64968.9952,
    "quantity": 0.006,
    "remaining_quantity": 0.006
  },
  {
    "event_id": "cdc5ce992ab20b763b89cb07b316627f63a0861a733bd40f0731a99ebd3e11cf",
    "schema_version": "1.0.0",
    "event_type": "agent_order",
    "source": "synthetic_agent",
    "symbol": "BTCUSDT",
    "exchange": "binance_usdm",
    "timestamp": "2024-05-01T00:00:00.128000Z",
    "sequence": 16,
    "scenario_id": "scenario-008-latency_edge",
    "agent_id": "agent-latency_edge",
    "order_id": "scenario-008-latency_edge-agent-latency_edge-16",
    "action": "new",
    "side": "buy",
    "price": 65047.004799999995,
    "quantity": 0.006,
    "remaining_quantity": 0.006
  },
  {
    "event_id": "bc6ed5d2748d6af5d82633e122a0c926409ef858573e6a236092981607c01211",
    "schema_version": "1.0.0",
    "event_type": "agent_order",
    "source": "synthetic_agent",
    "symbol": "BTCUSDT",
    "exchange": "binance_usdm",
    "timestamp": "2024-05-01T00:00:00.136000Z",
    "sequence": 17,
    "scenario_id": "scenario-008-latency_edge",
    "agent_id": "agent-latency_edge",
    "order_id": "scenario-008-latency_edge-agent-latency_edge-17",
    "action": "new",
    "side": "buy",
    "price": 65047.004799999995,
    "quantity": 0.006,
    "remaining_quantity": 0.006
  },
  {
    "event_id": "d8ad0298759f3bf144027fb9d6fc3667aee4c8c043ea923de59bf036d8c52267",
    "schema_version": "1.0.0",
    "event_type": "agent_order",
    "source": "synthetic_agent",
    "symbol": "BTCUSDT",
    "exchange": "binance_usdm",
    "timestamp": "2024-05-01T00:00:00.144000Z",
    "sequence": 18,
    "scenario_id": "scenario-008-latency_edge",
    "agent_id": "agent-latency_edge",
    "order_id": "scenario-008-latency_edge-agent-latency_edge-18",
    "action": "new",
    "side": "sell",
    "price": 64968.9952,
    "quantity": 0.006,
    "remaining_quantity": 0.006
  },
  {
    "event_id": "77e82006049468eae823c1f0c6a9c5004329f6924f9612c23fbd1cf09d39de1a",
    "schema_version": "1.0.0",
    "event_type": "agent_order",
    "source": "synthetic_agent",
    "symbol": "BTCUSDT",
    "exchange": "binance_usdm",
    "timestamp": "2024-05-01T00:00:00.152000Z",
    "sequence": 19,
    "scenario_id": "scenario-008-latency_edge",
    "agent_id": "agent-latency_edge",
    "order_id": "scenario-008-latency_edge-agent-latency_edge-19",
    "action": "new",
    "side": "sell",
    "price": 64968.9952,
    "quantity": 0.006,
    "remaining_quantity": 0.006
  },
  {
    "event_id": "0653a545dcb0213db07333f24e892083eeaa460ac922e925fc4748c7bce93e3c",
    "schema_version": "1.0.0",
    "event_type": "agent_order",
    "source": "synthetic_agent",
    "symbol": "BTCUSDT",
    "exchange": "binance_usdm",
    "timestamp": "2024-05-01T00:00:00.160000Z",
    "sequence": 20,
    "scenario_id": "scenario-008-latency_edge",
    "agent_id": "agent-latency_edge",
    "order_id": "scenario-008-latency_edge-agent-latency_edge-20",
    "action": "new",
    "side": "buy",
    "price": 65047.004799999995,
    "quantity": 0.006,
    "remaining_quantity": 0.006
  },
  {
    "event_id": "bb8ea2fe8633dcc7c40abf79ffda26c349c1969f677e723af22c001d0d367b7f",
    "schema_version": "1.0.0",
    "event_type": "agent_order",
    "source": "synthetic_agent",
    "symbol": "BTCUSDT",
    "exchange": "binance_usdm",
    "timestamp": "2024-05-01T00:00:00.168000Z",
    "sequence": 21,
    "scenario_id": "scenario-008-latency_edge",
    "agent_id": "agent-latency_edge",
    "order_id": "scenario-008-latency_edge-agent-latency_edge-21",
    "action": "new",
    "side": "buy",
    "price": 65047.004799999995,
    "quantity": 0.006,
    "remaining_quantity": 0.006
  },
  {
    "event_id": "deeee56b0c4e21aac28d27a9daee0cb67a4760220b740e03b9377d9d6cd0f243",
    "schema_version": "1.0.0",
    "event_type": "agent_order",
    "source": "synthetic_agent",
    "symbol": "BTCUSDT",
    "exchange": "binance_usdm",
    "timestamp": "2024-05-01T00:00:00.176000Z",
    "sequence": 22,
    "scenario_id": "scenario-008-latency_edge",
    "agent_id": "agent-latency_edge",
    "order_id": "scenario-008-latency_edge-agent-latency_edge-22",
    "action": "new",
    "side": "sell",
    "price": 64968.9952,
    "quantity": 0.006,
    "remaining_quantity": 0.006
  },
  {
    "event_id": "72f6de0592567c5d9dfcc181e7a018afd68fb4ff0cd2e7e1427a14cdccb2838b",
    "schema_version": "1.0.0",
    "event_type": "agent_order",
    "source": "synthetic_agent",
    "symbol": "BTCUSDT",
    "exchange": "binance_usdm",
    "timestamp": "2024-05-01T00:00:00.184000Z",
    "sequence": 23,
    "scenario_id": "scenario-008-latency_edge",
    "agent_id": "agent-latency_edge",
    "order_id": "scenario-008-latency_edge-agent-latency_edge-23",
    "action": "new",
    "side": "sell",
    "price": 64968.9952,
    "quantity": 0.006,
    "remaining_quantity": 0.006
  },
  {
    "event_id": "310e6b9eb48484b472c7f6f1265d870dcb677a26d48c0d516087d6c24ccd3948",
    "schema_version": "1.0.0",
    "event_type": "agent_order",
    "source": "synthetic_agent",
    "symbol": "BTCUSDT",
    "exchange": "binance_usdm",
    "timestamp": "2024-05-01T00:00:00.192000Z",
    "sequence": 24,
    "scenario_id": "scenario-008-latency_edge",
    "agent_id": "agent-latency_edge",
    "order_id": "scenario-008-latency_edge-agent-latency_edge-24",
    "action": "new",
    "side": "buy",
    "price": 65047.004799999995,
    "quantity": 0.006,
    "remaining_quantity": 0.006
  },
  {
    "event_id": "b9261d240c85c0cb2d8c63f03b90918497d30db551371f4d5c442045a750815a",
    "schema_version": "1.0.0",
    "event_type": "agent_order",
    "source": "synthetic_agent",
    "symbol": "BTCUSDT",
    "exchange": "binance_usdm",
    "timestamp": "2024-05-01T00:00:00.200000Z",
    "sequence": 25,
    "scenario_id": "scenario-008-latency_edge",
    "agent_id": "agent-latency_edge",
    "order_id": "scenario-008-latency_edge-agent-latency_edge-25",
    "action": "new",
    "side": "buy",
    "price": 65047.004799999995,
    "quantity": 0.006,
    "remaining_quantity": 0.006
  },
  {
    "event_id": "36788427692f24c4633ce5950035d41e66410b3662b1cd48821b3c47c097c61b",
    "schema_version": "1.0.0",
    "event_type": "agent_order",
    "source": "synthetic_agent",
    "symbol": "BTCUSDT",
    "exchange": "binance_usdm",
    "timestamp": "2024-05-01T00:00:00.208000Z",
    "sequence": 26,
    "scenario_id": "scenario-008-latency_edge",
    "agent_id": "agent-latency_edge",
    "order_id": "scenario-008-latency_edge-agent-latency_edge-26",
    "action": "new",
    "side": "sell",
    "price": 64968.9952,
    "quantity": 0.006,
    "remaining_quantity": 0.006
  },
  {
    "event_id": "008f4932635e0e3d9153f3bc36cea3aa9dc32e7d72a64d50f875b2ca5c578da9",
    "schema_version": "1.0.0",
    "event_type": "agent_order",
    "source": "synthetic_agent",
    "symbol": "BTCUSDT",
    "exchange": "binance_usdm",
    "timestamp": "2024-05-01T00:00:00.216000Z",
    "sequence": 27,
    "scenario_id": "scenario-008-latency_edge",
    "agent_id": "agent-latency_edge",
    "order_id": "scenario-008-latency_edge-agent-latency_edge-27",
    "action": "new",
    "side": "sell",
    "price": 64968.9952,
    "quantity": 0.006,
    "remaining_quantity": 0.006
  },
  {
    "event_id": "6b5404c5dba4cd553094218cdde1d2369aa23b18fd8d55c0f265e54c990eb5d0",
    "schema_version": "1.0.0",
    "event_type": "agent_order",
    "source": "synthetic_agent",
    "symbol": "BTCUSDT",
    "exchange": "binance_usdm",
    "timestamp": "2024-05-01T00:00:00.224000Z",
    "sequence": 28,
    "scenario_id": "scenario-008-latency_edge",
    "agent_id": "agent-latency_edge",
    "order_id": "scenario-008-latency_edge-agent-latency_edge-28",
    "action": "new",
    "side": "buy",
    "price": 65047.004799999995,
    "quantity": 0.006,
    "remaining_quantity": 0.006
  },
  {
    "event_id": "c45c47663e8b6aa34ea20598533d3b688176b59064207cf98486488ab8b2c96c",
    "schema_version": "1.0.0",
    "event_type": "agent_order",
    "source": "synthetic_agent",
    "symbol": "BTCUSDT",
    "exchange": "binance_usdm",
    "timestamp": "2024-05-01T00:00:00.232000Z",
    "sequence": 29,
    "scenario_id": "scenario-008-latency_edge",
    "agent_id": "agent-latency_edge",
    "order_id": "scenario-008-latency_edge-agent-latency_edge-29",
    "action": "new",
    "side": "buy",
    "price": 65047.004799999995,
    "quantity": 0.006,
    "remaining_quantity": 0.006
  }
]