[
  {
    "event_id": "582e5df401b804fe3a8c730f595942646605863c4497341931ffba7d380ce5a1",
    "schema_version": "1.0.0",
    "event_type": "agent_order",
    "source": "synthetic_agent",
    "symbol": "BTCUSDT",
    "exchange": "binance_usdm",
    "timestamp": "2024-05-01T00:00:00Z",
    "sequence": 0,
    "scenario_id": "scenario-213-stop_run_sweep",
    "agent_id": "agent-stop_run_sweep",
    "order_id": "scenario-213-stop_run_sweep-agent-stop_run_sweep-0",
    "action": "new",
    "side": "buy",
    "price": 65278.212999999996,
    "quantity": 0.06,
    "remaining_quantity": 0.06
  },
  {
    "event_id": "4abf3c9aed4da7a737fec4f1b3354a9a3dbe1685cb4597e341ba936ed116e8dc",
    "schema_version": "1.0.0",
    "event_type": "agent_order",
    "source": "synthetic_agent",
    "symbol": "BTCUSDT",
    "exchange": "binance_usdm",
    "timestamp": "2024-05-01T00:00:00.030000Z",
    "sequence": 1,
    "scenario_id": "scenario-213-stop_run_sweep",
    "agent_id": "agent-stop_run_sweep",
    "order_id": "scenario-213-stop_run_sweep-agent-stop_run_sweep-1",
    "action": "new",
    "side": "buy",
    "price": 65281.47365,
    "quantity": 0.06,
    "remaining_quantity": 0.06
  },
  {
    "event_id": "435446f8c2c729de28934e98613d6744260723859ab6d55b5692c755f22e303d",
    "schema_version": "1.0.0",
    "event_type": "agent_order",
    "source": "synthetic_agent",
    "symbol": "BTCUSDT",
    "exchange": "binance_usdm",
    "timestamp": "2024-05-01T00:00:00.060000Z",
    "sequence": 2,
    "scenario_id": "scenario-213-stop_run_sweep",
    "agent_id": "agent-stop_run_sweep",
    "order_id": "scenario-213-stop_run_sweep-agent-stop_run_sweep-2",
    "action": "new",
    "side": "buy",
    "price": 65284.73429999999,
    "quantity": 0.06,
    "remaining_quantity": 0.06
  },
  {
    "event_id": "5088ed593e1ea69766f1ca8b9786ee190d7847758864f4681d8156bf6f993487",
    "schema_version": "1.0.0",
    "event_type": "agent_order",
    "source": "synthetic_agent",
    "symbol": "BTCUSDT",
    "exchange": "binance_usdm",
    "timestamp": "2024-05-01T00:00:00.090000Z",
    "sequence": 3,
    "scenario_id": "scenario-213-stop_run_sweep",
    "agent_id": "agent-stop_run_sweep",
    "order_id": "scenario-213-stop_run_sweep-agent-stop_run_sweep-3",
    "action": "new",
    "side": "buy",
    "price": 65287.99495,
    "quantity": 0.06,
    "remaining_quantity": 0.06
  },
  {
    "event_id": "7c1251d42ed3a0255f401b584fa6d07f8869e2d2f3d6ebbe502704ea36e15a0d",
    "schema_version": "1.0.0",
    "event_type": "agent_order",
    "source": "synthetic_agent",
    "symbol": "BTCUSDT",
    "exchange": "binance_usdm",
    "timestamp": "2024-05-01T00:00:00.120000Z",
    "sequence": 4,
    "scenario_id": "scenario-213-stop_run_sweep",
    "agent_id": "agent-stop_run_sweep",
    "order_id": "scenario-213-stop_run_sweep-agent-stop_run_sweep-4",
    "action": "new",
    "side": "buy",
    "price": 65291.25559999999,
    "quantity": 0.06,
    "remaining_quantity": 0.06
  },
  {
    "event_id": "65e822c647534007087a7dfc54cab8edcd64307dcb68cdefc9119df1d7b8843c",
    "schema_version": "1.0.0",
    "event_type": "agent_order",
    "source": "synthetic_agent",
    "symbol": "BTCUSDT",
    "exchange": "binance_usdm",
    "timestamp": "2024-05-01T00:00:00.150000Z",
    "sequence": 5,
    "scenario_id": "scenario-213-stop_run_sweep",
    "agent_id": "agent-stop_run_sweep",
    "order_id": "scenario-213-stop_run_sweep-agent-stop_run_sweep-5",
    "action": "new",
    "side": "buy",
    "price": 65294.51625,
    "quantity": 0.06,
    "remaining_quantity": 0.06
  },
  {
    "event_id": "ae67176b4f99fd6ecd8eaa0760f7d42bdb5fb147f1427e68b5c080b7ffa36337",
    "schema_version": "1.0.0",
    "event_type": "agent_order",
    "source": "synthetic_agent",
    "symbol": "BTCUSDT",
    "exchange": "binance_usdm",
    "timestamp": "2024-05-01T00:00:00.180000Z",
    "sequence": 6,
    "scenario_id": "scenario-213-stop_run_sweep",
    "agent_id": "agent-stop_run_sweep",
    "order_id": "scenario-213-stop_run_sweep-agent-stop_run_sweep-6",
    "action": "new",
    "side": "buy",
    "price": 65297.77689999999,
    "quantity": 0.06,
    "remaining_quantity": 0.06
  },
  {
    "event_id": "d34b734c4100d9f4bc89788714599554cac2da6dd8740d2d0595ffec1afee05f",
    "schema_version": "1.0.0",
    "event_type": "agent_order",
    "source": "synthetic_agent",
    "symbol": "BTCUSDT",
    "exchange": "binance_usdm",
    "timestamp": "2024-05-01T00:00:00.210000Z",
    "sequence": 7,
    "scenario_id": "scenario-213-stop_run_sweep",
    "agent_id": "agent-stop_run_sweep",
    "order_id": "scenario-213-stop_run_sweep-agent-stop_run_sweep-7",
    "action": "new",
    "side": "buy",
    "price": 65301.03755,
    "quantity": 0.06,
    "remaining_quantity": 0.06
  },
  {
    "event_id": "16528b1e06d4a1b23031003778f39ed0a764656fda871bd1eb05f8484feb886b",
    "schema_version": "1.0.0",
    "event_type": "agent_order",
    "source": "synthetic_agent",
    "symbol": "BTCUSDT",
    "exchange": "binance_usdm",
    "timestamp": "2024-05-01T00:00:00.240000Z",
    "sequence": 8,
    "scenario_id": "scenario-213-stop_run_sweep",
    "agent_id": "agent-stop_run_sweep",
    "order_id": "scenario-213-stop_run_sweep-agent-stop_run_sweep-8",
    "action": "new",
    "side": "buy",
    "price": 65304.29819999999,
    "quantity": 0.06,
    "remaining_quantity": 0.06
  },
  {
    "event_id": "61b01a89540347686e15311d2abe9cf9aeec3c35f31b8f35cc349bb9b4525be9",
    "schema_version": "1.0.0",
    "event_type": "agent_order",
    "source": "synthetic_agent",
    "symbol": "BTCUSDT",
    "exchange": "binance_usdm",
    "timestamp": "2024-05-01T00:00:00.270000Z",
    "sequence": 9,
    "scenario_id": "scenario-213-stop_run_sweep",
    "agent_id": "agent-stop_run_sweep",
    "order_id": "scenario-213-stop_run_sweep-agent-stop_run_sweep-9",
    "action": "new",
    "side": "buy",
    "price": 65307.558849999994,
    "quantity": 0.06,
    "remaining_quantity": 0.06
  },
  {
    "event_id": "95c03af0ecb38bb30ed31a6f36e13c010a66612ec84a04d46fdf18ff387fb027",
    "schema_version": "1.0.0",
    "event_type": "agent_order",
    "source": "synthetic_agent",
    "symbol": "BTCUSDT",
    "exchange": "binance_usdm",
    "timestamp": "2024-05-01T00:00:00.300000Z",
    "sequence": 10,
    "scenario_id": "scenario-213-stop_run_sweep",
    "agent_id": "agent-stop_run_sweep",
    "order_id": "scenario-213-stop_run_sweep-agent-stop_run_sweep-10",
    "action": "new",
    "side": "buy",
    "price": 65310.81949999999,
    "quantity": 0.06,
    "remaining_quantity": 0.06
  },
  {
    "event_id": "6267f8288c45d409f02a32ee25020f3098f80e46880f6e7536dbb448270dabf2",
    "schema_version": "1.0.0",
    "event_type": "agent_order",
    "source": "synthetic_agent",
    "symbol": "BTCUSDT",
    "exchange": "binance_usdm",
    "timestamp": "2024-05-01T00:00:00.330000Z",
    "sequence": 11,
    "scenario_id": "scenario-213-stop_run_sweep",
    "agent_id": "agent-stop_run_sweep",
    "order_id": "scenario-213-stop_run_sweep-agent-stop_run_sweep-11",
    "action": "new",
    "side": "buy",
    "price": 65314.080149999994,
    "quantity": 0.06,
    "remaining_quantity": 0.06
  },
  {
    "event_id": "89cb55d8ea67e11306c8ebd65febb04c825b3697a0552636a7e6bc9de5f792b9",
    "schema_version": "1.0.0",
    "event_type": "agent_order",
    "source": "synthetic_agent",
    "symbol": "BTCUSDT",
    "exchange": "binance_usdm",
    "timestamp": "2024-05-01T00:00:00.360000Z",
    "sequence": 12,
    "scenario_id": "scenario-213-stop_run_sweep",
    "agent_id": "agent-stop_run_sweep",
    "order_id": "scenario-213-stop_run_sweep-agent-stop_run_sweep-12",
    "action": "new",
    "side": "buy",
    "price": 65317.34079999999,
    "quantity": 0.06,
    "remaining_quantity": 0.06
  },
  {
    "event_id": "d5cf2f2366f5e40924ba5da28bd22d0e2c7be249a093e16de56132173407086f",
    "schema_version": "1.0.0",
    "event_type": "agent_order",
    "source": "synthetic_agent",
    "symbol": "BTCUSDT",
    "exchange": "binance_usdm",
    "timestamp": "2024-05-01T00:00:00.390000Z",
    "sequence": 13,
    "scenario_id": "scenario-213-stop_run_sweep",
    "agent_id": "agent-stop_run_sweep",
    "order_id": "scenario-213-stop_run_sweep-agent-stop_run_sweep-13",
    "action": "new",
    "side": "buy",
    "price": 65320.601449999995,
    "quantity": 0.06,
    "remaining_quantity": 0.06
  },
  {
    "event_id": "cda1dff7146a900c3f793b016c47e1769117f5f03b0bf0b8502462455841be1d",
    "schema_version": "1.0.0",
    "event_type": "agent_order",
    "source": "synthetic_agent",
    "symbol": "BTCUSDT",
    "exchange": "binance_usdm",
    "timestamp": "2024-05-01T00:00:00.420000Z",
    "sequence": 14,
    "scenario_id": "scenario-213-stop_run_sweep",
    "agent_id": "agent-stop_run_sweep",
    "order_id": "scenario-213-stop_run_sweep-agent-stop_run_sweep-14",
    "action": "new",
    "side": "buy",
    "price": 65323.86209999999,
    "quantity": 0.06,
    "remaining_quantity": 0.06
  },
  {
    "event_id": "0e62437269194bd217011f795c3b5c8731211e1d1c15727ca8913372ac54d075",
    "schema_version": "1.0.0",
    "event_type": "agent_order",
    "source": "synthetic_agent",
    "symbol": "BTCUSDT",
    "exchange": "binance_usdm",
    "timestamp": "2024-05-01T00:00:00.450000Z",
    "sequence": 15,
    "scenario_id": "scenario-213-stop_run_sweep",
    "agent_id": "agent-stop_run_sweep",
    "order_id": "scenario-213-stop_run_sweep-agent-stop_run_sweep-15",
    "action": "new",
    "side": "buy",
    "price": 65327.122749999995,
    "quantity": 0.06,
    "remaining_quantity": 0.06
  },
  {
    "event_id": "07347968efed9002185f69a1db780b5559aa53997786a977b6c99a43b1d51a3e",
    "schema_version": "1.0.0",
    "event_type": "agent_order",
    "source": "synthetic_agent",
    "symbol": "BTCUSDT",
    "exchange": "binance_usdm",
    "timestamp": "2024-05-01T00:00:00.480000Z",
    "sequence": 16,
    "scenario_id": "scenario-213-stop_run_sweep",
    "agent_id": "agent-stop_run_sweep",
    "order_id": "scenario-213-stop_run_sweep-agent-stop_run_sweep-16",
    "action": "new",
    "side": "buy",
    "price": 65330.383399999984,
    "quantity": 0.06,
    "remaining_quantity": 0.06
  },
  {
    "event_id": "d4565fd3a3d34bc0e85698c753eb9bcc53382b5647e52542a66139a69f55ea6f",
    "schema_version": "1.0.0",
    "event_type": "agent_order",
    "source": "synthetic_agent",
    "symbol": "BTCUSDT",
    "exchange": "binance_usdm",
    "timestamp": "2024-05-01T00:00:00.510000Z",
    "sequence": 17,
    "scenario_id": "scenario-213-stop_run_sweep",
    "agent_id": "agent-stop_run_sweep",
    "order_id": "scenario-213-stop_run_sweep-agent-stop_run_sweep-17",
    "action": "new",
    "side": "buy",
    "price": 65333.644049999995,
    "quantity": 0.06,
    "remaining_quantity": 0.06
  },
  {
    "event_id": "7e6ad2019644535706aaff575fff9bd4588823bd82cd1a6bface2b6d7a951e2a",
    "schema_version": "1.0.0",
    "event_type": "agent_order",
    "source": "synthetic_agent",
    "symbol": "BTCUSDT",
    "exchange": "binance_usdm",
    "timestamp": "2024-05-01T00:00:00.540000Z",
    "sequence": 18,
    "scenario_id": "scenario-213-stop_run_sweep",
    "agent_id": "agent-stop_run_sweep",
    "order_id": "scenario-213-stop_run_sweep-agent-stop_run_sweep-18",
    "action": "new",
    "side": "buy",
    "price": 65336.904699999985,
    "quantity": 0.06,
    "remaining_quantity": 0.06
  },
  {
    "event_id": "aedf772bfb23cbed1d3fe99aaa34613f8020ae636a1aa2089e72753ddf039052",
    "schema_version": "1.0.0",
    "event_type": "agent_order",
    "source": "synthetic_agent",
    "symbol": "BTCUSDT",
    "exchange": "binance_usdm",
    "timestamp": "2024-05-01T00:00:00.570000Z",
    "sequence": 19,
    "scenario_id": "scenario-213-stop_run_sweep",
    "agent_id": "agent-stop_run_sweep",
    "order_id": "scenario-213-stop_run_sweep-agent-stop_run_sweep-19",
    "action": "new",
    "side": "buy",
    "price": 65340.165349999996,
    "quantity": 0.06,
    "remaining_quantity": 0.06
  },
  {
    "event_id": "d4ee6ad63516c8e754b448ce36c22386b077b3a47decedc22083815522dc3449",
    "schema_version": "1.0.0",
    "event_type": "agent_order",
    "source": "synthetic_agent",
    "symbol": "BTCUSDT",
    "exchange": "binance_usdm",
    "timestamp": "2024-05-01T00:00:00.600000Z",
    "sequence": 20,
    "scenario_id": "scenario-213-stop_run_sweep",
    "agent_id": "agent-stop_run_sweep",
    "order_id": "scenario-213-stop_run_sweep-agent-stop_run_sweep-20",
    "action": "new",
    "side": "buy",
    "price": 65343.425999999985,
    "quantity": 0.06,
    "remaining_quantity": 0.06
  },
  {
    "event_id": "4d472773a85d493b34e01d8a2977db3ad06b6e252e13752953fe815c29dcd74c",
    "schema_version": "1.0.0",
    "event_type": "agent_order",
    "source": "synthetic_agent",
    "symbol": "BTCUSDT",
    "exchange": "binance_usdm",
    "timestamp": "2024-05-01T00:00:00.630000Z",
    "sequence": 21,
    "scenario_id": "scenario-213-stop_run_sweep",
    "agent_id": "agent-stop_run_sweep",
    "order_id": "scenario-213-stop_run_sweep-agent-stop_run_sweep-21",
    "action": "new",
    "side": "buy",
    "price": 65346.686649999996,
    "quantity": 0.06,
    "remaining_quantity": 0.06
  },
  {
    "event_id": "f1a686a4b8079c9b7b48ac951e3935a9cf857117aaf3a283c2099e14ef813f47",
    "schema_version": "1.0.0",
    "event_type": "agent_order",
    "source": "synthetic_agent",
    "symbol": "BTCUSDT",
    "exchange": "binance_usdm",
    "timestamp": "2024-05-01T00:00:00.660000Z",
    "sequence": 22,
    "scenario_id": "scenario-213-stop_run_sweep",
    "agent_id": "agent-stop_run_sweep",
    "order_id": "scenario-213-stop_run_sweep-agent-stop_run_sweep-22",
    "action": "new",
    "side": "buy",
    "price": 65349.9473,
    "quantity": 0.06,
    "remaining_quantity": 0.06
  },
  {
    "event_id": "66d1fd5f6070cfe60d35f4633b2910bef295c4fd745f31b2b25b658c4e2d4cff",
    "schema_version": "1.0.0",
    "event_type": "agent_order",
    "source": "synthetic_agent",
    "symbol": "BTCUSDT",
    "exchange": "binance_usdm",
    "timestamp": "2024-05-01T00:00:00.690000Z",
    "sequence": 23,
    "scenario_id": "scenario-213-stop_run_sweep",
    "agent_id": "agent-stop_run_sweep",
    "order_id": "scenario-213-stop_run_sweep-agent-stop_run_sweep-23",
    "action": "new",
    "side": "buy",
    "price": 65353.20794999999,
    "quantity": 0.06,
    "remaining_quantity": 0.06
  },
  {
    "event_id": "a718f53b2931bcf85e065acbc6e3f6df06688061e9b08eb553ee13f4ad041a07",
    "schema_version": "1.0.0",
    "event_type": "agent_order",
    "source": "synthetic_agent",
    "symbol": "BTCUSDT",
    "exchange": "binance_usdm",
    "timestamp": "2024-05-01T00:00:00.720000Z",
    "sequence": 24,
    "scenario_id": "scenario-213-stop_run_sweep",
    "agent_id": "agent-stop_run_sweep",
    "order_id": "scenario-213-stop_run_sweep-agent-stop_run_sweep-24",
    "action": "new",
    "side": "buy",
    "price": 65356.4686,
    "quantity": 0.06,
    "remaining_quantity": 0.06
  },
  {
    "event_id": "56d7fe5a135f198f76b444c8c5543b861457dfc64c639c4ffb4a924de79266ff",
    "schema_version": "1.0.0",
    "event_type": "agent_order",
    "source": "synthetic_agent",
    "symbol": "BTCUSDT",
    "exchange": "binance_usdm",
    "timestamp": "2024-05-01T00:00:00.750000Z",
    "sequence": 25,
    "scenario_id": "scenario-213-stop_run_sweep",
    "agent_id": "agent-stop_run_sweep",
    "order_id": "scenario-213-stop_run_sweep-agent-stop_run_sweep-25",
    "action": "new",
    "side": "buy",
    "price": 65359.72924999999,
    "quantity": 0.06,
    "remaining_quantity": 0.06
  },
  {
    "event_id": "aca3bea4d0069b8ccb152c77f133c6ba724034f9676f33249d8561d102642453",
    "schema_version": "1.0.0",
    "event_type": "agent_order",
    "source": "synthetic_agent",
    "symbol": "BTCUSDT",
    "exchange": "binance_usdm",
    "timestamp": "2024-05-01T00:00:00.780000Z",
    "sequence": 26,
    "scenario_id": "scenario-213-stop_run_sweep",
    "agent_id": "agent-stop_run_sweep",
    "order_id": "scenario-213-stop_run_sweep-agent-stop_run_sweep-26",
    "action": "new",
    "side": "buy",
    "price": 65362.9899,
    "quantity": 0.06,
    "remaining_quantity": 0.06
  },
  {
    "event_id": "a3a05d8b886229dede2aa80e37098bac65d9828ca9003f3ca71a6566b53829c7",
    "schema_version": "1.0.0",
    "event_type": "agent_order",
    "source": "synthetic_agent",
    "symbol": "BTCUSDT",
    "exchange": "binance_usdm",
    "timestamp": "2024-05-01T00:00:00.810000Z",
    "sequence": 27,
    "scenario_id": "scenario-213-stop_run_sweep",
    "agent_id": "agent-stop_run_sweep",
    "order_id": "scenario-213-stop_run_sweep-agent-stop_run_sweep-27",
    "action": "new",
    "side": "buy",
    "price": 65366.25054999999,
    "quantity": 0.06,
    "remaining_quantity": 0.06
  },
  {
    "event_id": "a0f6465a59cc14df0ae7f94cd7e5ee4f45d947c718409d21755fd9b773997362",
    "schema_version": "1.0.0",
    "event_type": "agent_order",
    "source": "synthetic_agent",
    "symbol": "BTCUSDT",
    "exchange": "binance_usdm",
    "timestamp": "2024-05-01T00:00:00.840000Z",
    "sequence": 28,
    "scenario_id": "scenario-213-stop_run_sweep",
    "agent_id": "agent-stop_run_sweep",
    "order_id": "scenario-213-stop_run_sweep-agent-stop_run_sweep-28",
    "action": "new",
    "side": "buy",
    "price": 65369.5112,
    "quantity": 0.06,
    "remaining_quantity": 0.06
  },
  {
    "event_id": "5a2419a0b476386a60b3b87c4df2606c8a68fe3a2b9b43f1c58a91f0cc885544",
    "schema_version": "1.0.0",
    "event_type": "agent_order",
    "source": "synthetic_agent",
    "symbol": "BTCUSDT",
    "exchange": "binance_usdm",
    "timestamp": "2024-05-01T00:00:00.870000Z",
    "sequence": 29,
    "scenario_id": "scenario-213-stop_run_sweep",
    "agent_id": "agent-stop_run_sweep",
    "order_id": "scenario-213-stop_run_sweep-agent-stop_run_sweep-29",
    "action": "new",
    "side": "buy",
    "price": 65372.77184999999,
    "quantity": 0.06,
    "remaining_quantity": 0.06
  }
]