[
  {
    "event_id": "728cfac2b90055c33134d996936187f41ce3eef4032ca00546be5b3b855091a2",
    "schema_version": "1.0.0",
    "event_type": "agent_order",
    "source": "synthetic_agent",
    "symbol": "BTCUSDT",
    "exchange": "binance_usdm",
    "timestamp": "2024-05-01T00:00:00Z",
    "sequence": 0,
    "scenario_id": "scenario-521-momentum_ignition",
    "agent_id": "agent-momentum_ignition",
    "order_id": "scenario-521-momentum_ignition-agent-momentum_ignition-0",
    "action": "new",
    "side": "buy",
    "price": 65586.521,
    "quantity": 0.08,
    "remaining_quantity": 0.08
  },
  {
    "event_id": "f9a81bd598b34107188f96256844e904c9e39b2b50dea26502438d7ee473b19b",
    "schema_version": "1.0.0",
    "event_type": "agent_order",
    "source": "synthetic_agent",
    "symbol": "BTCUSDT",
    "exchange": "binance_usdm",
    "timestamp": "2024-05-01T00:00:00.080000Z",
    "sequence": 1,
    "scenario_id": "scenario-521-momentum_ignition",
    "agent_id": "agent-momentum_ignition",
    "order_id": "scenario-521-momentum_ignition-agent-momentum_ignition-1",
    "action": "new",
    "side": "buy",
    "price": 65587.83141999999,
    "quantity": 0.08,
    "remaining_quantity": 0.08
  },
  {
    "event_id": "dd8a44bc3f4a148b34cb7f658b44e9d5d8009c65b14e70ee2e02ac2493dcbfe3",
    "schema_version": "1.0.0",
    "event_type": "agent_order",
    "source": "synthetic_agent",
    "symbol": "BTCUSDT",
    "exchange": "binance_usdm",
    "timestamp": "2024-05-01T00:00:00.160000Z",
    "sequence": 2,
    "scenario_id": "scenario-521-momentum_ignition",
    "agent_id": "agent-momentum_ignition",
    "order_id": "scenario-521-momentum_ignition-agent-momentum_ignition-2",
    "action": "new",
    "side": "buy",
    "price": 65589.14184,
    "quantity": 0.08,
    "remaining_quantity": 0.08
  },
  {
    "event_id": "96cd644a44d923ab0db9175deebe58ef507f73919f667c4f20bec2dfa774903e",
    "schema_version": "1.0.0",
    "event_type": "agent_order",
    "source": "synthetic_agent",
    "symbol": "BTCUSDT",
    "exchange": "binance_usdm",
    "timestamp": "2024-05-01T00:00:00.240000Z",
    "sequence": 3,
    "scenario_id": "scenario-521-momentum_ignition",
    "agent_id": "agent-momentum_ignition",
    "order_id": "scenario-521-momentum_ignition-agent-momentum_ignition-3",
    "action": "new",
    "side": "buy",
    "price": 65590.45225999999,
    "quantity": 0.08,
    "remaining_quantity": 0.08
  },
  {
    "event_id": "8697f4d988d0a943ca013fa95631769dc31785ee70fad0d2e17fa6f2186d5b07",
    "schema_version": "1.0.0",
    "event_type": "agent_order",
    "source": "synthetic_agent",
    "symbol": "BTCUSDT",
    "exchange": "binance_usdm",
    "timestamp": "2024-05-01T00:00:00.320000Z",
    "sequence": 4,
    "scenario_id": "scenario-521-momentum_ignition",
    "agent_id": "agent-momentum_ignition",
    "order_id": "scenario-521-momentum_ignition-agent-momentum_ignition-4",
    "action": "new",
    "side": "buy",
    "price": 65591.76268,
    "quantity": 0.08,
    "remaining_quantity": 0.08
  },
  {
    "event_id": "d9c104539c5034219e57d70fe97cacf2fba98675c94d362022c866381eb4d049",
    "schema_version": "1.0.0",
    "event_type": "agent_order",
    "source": "synthetic_agent",
    "symbol": "BTCUSDT",
    "exchange": "binance_usdm",
    "timestamp": "2024-05-01T00:00:00.400000Z",
    "sequence": 5,
    "scenario_id": "scenario-521-momentum_ignition",
    "agent_id": "agent-momentum_ignition",
    "order_id": "scenario-521-momentum_ignition-agent-momentum_ignition-5",
    "action": "new",
    "side": "buy",
    "price": 65593.0731,
    "quantity": 0.08,
    "remaining_quantity": 0.08
  },
  {
    "event_id": "1d7391f771b067186aeda8eeca31570ad251df94aef8b12c2946b4a83de513e8",
    "schema_version": "1.0.0",
    "event_type": "agent_order",
    "source": "synthetic_agent",
    "symbol": "BTCUSDT",
    "exchange": "binance_usdm",
    "timestamp": "2024-05-01T00:00:00.480000Z",
    "sequence": 6,
    "scenario_id": "scenario-521-momentum_ignition",
    "agent_id": "agent-momentum_ignition",
    "order_id": "scenario-521-momentum_ignition-agent-momentum_ignition-6",
    "action": "new",
    "side": "buy",
    "price": 65594.38351999999,
    "quantity": 0.08,
    "remaining_quantity": 0.08
  },
  {
    "event_id": "dd6e26139d48f3e7e60a7bd079e2070fc0a449166ab976b1dfb43271e4330f24",
    "schema_version": "1.0.0",
    "event_type": "agent_order",
    "source": "synthetic_agent",
    "symbol": "BTCUSDT",
    "exchange": "binance_usdm",
    "timestamp": "2024-05-01T00:00:00.560000Z",
    "sequence": 7,
    "scenario_id": "scenario-521-momentum_ignition",
    "agent_id": "agent-momentum_ignition",
    "order_id": "scenario-521-momentum_ignition-agent-momentum_ignition-7",
    "action": "new",
    "side": "buy",
    "price": 65595.69394,
    "quantity": 0.08,
    "remaining_quantity": 0.08
  },
  {
    "event_id": "be3ff3d4f3ef0f441b9bae70fd3cc4d240db66dc4e8b9d7da2205d5567ff23c8",
    "schema_version": "1.0.0",
    "event_type": "agent_order",
    "source": "synthetic_agent",
    "symbol": "BTCUSDT",
    "exchange": "binance_usdm",
    "timestamp": "2024-05-01T00:00:00.640000Z",
    "sequence": 8,
    "scenario_id": "scenario-521-momentum_ignition",
    "agent_id": "agent-momentum_ignition",
    "order_id": "scenario-521-momentum_ignition-agent-momentum_ignition-8",
    "action": "new",
    "side": "buy",
    "price": 65597.00435999999,
    "quantity": 0.08,
    "remaining_quantity": 0.08
  },
  {
    "event_id": "86ccae522e7cbcf8817d4de3f22a5384a5822548ac90e1885996e81b30d34538",
    "schema_version": "1.0.0",
    "event_type": "agent_order",
    "source": "synthetic_agent",
    "symbol": "BTCUSDT",
    "exchange": "binance_usdm",
    "timestamp": "2024-05-01T00:00:00.720000Z",
    "sequence": 9,
    "scenario_id": "scenario-521-momentum_ignition",
    "agent_id": "agent-momentum_ignition",
    "order_id": "scenario-521-momentum_ignition-agent-momentum_ignition-9",
    "action": "new",
    "side": "buy",
    "price": 65598.31478,
    "quantity": 0.08,
    "remaining_quantity": 0.08
  },
  {
    "event_id": "3c59d075abb755fd1c41a8d44bfd668056a2b673842b0c0ea36ea1d92980e0b1",
    "schema_version": "1.0.0",
    "event_type": "agent_order",
    "source": "synthetic_agent",
    "symbol": "BTCUSDT",
    "exchange": "binance_usdm",
    "timestamp": "2024-05-01T00:00:00.800000Z",
    "sequence": 10,
    "scenario_id": "scenario-521-momentum_ignition",
    "agent_id": "agent-momentum_ignition",
    "order_id": "scenario-521-momentum_ignition-agent-momentum_ignition-10",
    "action": "new",
    "side": "buy",
    "price": 65599.6252,
    "quantity": 0.08,
    "remaining_quantity": 0.08
  },
  {
    "event_id": "d5b3d466977440ee371ea31f76e160e54276ab06bb7bfa442e38d266bf74693d",
    "schema_version": "1.0.0",
    "event_type": "agent_order",
    "source": "synthetic_agent",
    "symbol": "BTCUSDT",
    "exchange": "binance_usdm",
    "timestamp": "2024-05-01T00:00:00.880000Z",
    "sequence": 11,
    "scenario_id": "scenario-521-momentum_ignition",
    "agent_id": "agent-momentum_ignition",
    "order_id": "scenario-521-momentum_ignition-agent-momentum_ignition-11",
    "action": "new",
    "side": "buy",
    "price": 65600.93562,
    "quantity": 0.08,
    "remaining_quantity": 0.08
  },
  {
    "event_id": "bff8f0c1b02760f0ae4bc29d9576f91e18b6033b31b380c2b36ec9a4caf26f50",
    "schema_version": "1.0.0",
    "event_type": "agent_order",
    "source": "synthetic_agent",
    "symbol": "BTCUSDT",
    "exchange": "binance_usdm",
    "timestamp": "2024-05-01T00:00:00.960000Z",
    "sequence": 12,
    "scenario_id": "scenario-521-momentum_ignition",
    "agent_id": "agent-momentum_ignition",
    "order_id": "scenario-521-momentum_ignition-agent-momentum_ignition-12",
    "action": "new",
    "side": "buy",
    "price": 65602.24604,
    "quantity": 0.08,
    "remaining_quantity": 0.08
  },
  {
    "event_id": "079e2b4de4178303523f0e7efe5032aa5c651bccf53e997b8b31a98660658dd8",
    "schema_version": "1.0.0",
    "event_type": "agent_order",
    "source": "synthetic_agent",
    "symbol": "BTCUSDT",
    "exchange": "binance_usdm",
    "timestamp": "2024-05-01T00:00:01.040000Z",
    "sequence": 13,
    "scenario_id": "scenario-521-momentum_ignition",
    "agent_id": "agent-momentum_ignition",
    "order_id": "scenario-521-momentum_ignition-agent-momentum_ignition-13",
    "action": "new",
    "side": "buy",
    "price": 65603.55645999999,
    "quantity": 0.08,
    "remaining_quantity": 0.08
  },
  {
    "event_id": "193236e0d66707a5695745f942d53a399aec80eee547b3cd9fc54058d49811c4",
    "schema_version": "1.0.0",
    "event_type": "agent_order",
    "source": "synthetic_agent",
    "symbol": "BTCUSDT",
    "exchange": "binance_usdm",
    "timestamp": "2024-05-01T00:00:01.120000Z",
    "sequence": 14,
    "scenario_id": "scenario-521-momentum_ignition",
    "agent_id": "agent-momentum_ignition",
    "order_id": "scenario-521-momentum_ignition-agent-momentum_ignition-14",
    "action": "new",
    "side": "buy",
    "price": 65604.86688,
    "quantity": 0.08,
    "remaining_quantity": 0.08
  },
  {
    "event_id": "41ab257063c958581af6e0a4b5fb9a4e922b9de0e85d673effcd4fa51c073f7f",
    "schema_version": "1.0.0",
    "event_type": "agent_order",
    "source": "synthetic_agent",
    "symbol": "BTCUSDT",
    "exchange": "binance_usdm",
    "timestamp": "2024-05-01T00:00:01.200000Z",
    "sequence": 15,
    "scenario_id": "scenario-521-momentum_ignition",
    "agent_id": "agent-momentum_ignition",
    "order_id": "scenario-521-momentum_ignition-agent-momentum_ignition-15",
    "action": "new",
    "side": "buy",
    "price": 65606.1773,
    "quantity": 0.08,
    "remaining_quantity": 0.08
  },
  {
    "event_id": "c6432e5d484a19f6b749d90d2dd1fc665e520c34c3fdb05a814deb1dcf7e1dcb",
    "schema_version": "1.0.0",
    "event_type": "agent_order",
    "source": "synthetic_agent",
    "symbol": "BTCUSDT",
    "exchange": "binance_usdm",
    "timestamp": "2024-05-01T00:00:01.280000Z",
    "sequence": 16,
    "scenario_id": "scenario-521-momentum_ignition",
    "agent_id": "agent-momentum_ignition",
    "order_id": "scenario-521-momentum_ignition-agent-momentum_ignition-16",
    "action": "new",
    "side": "buy",
    "price": 65607.48772,
    "quantity": 0.08,
    "remaining_quantity": 0.08
  },
  {
    "event_id": "917750a3f26961a846cff0cc7fd5c7815e915175e91ea7b856fdb72b2ac1e9d9",
    "schema_version": "1.0.0",
    "event_type": "agent_order",
    "source": "synthetic_agent",
    "symbol": "BTCUSDT",
    "exchange": "binance_usdm",
    "timestamp": "2024-05-01T00:00:01.360000Z",
    "sequence": 17,
    "scenario_id": "scenario-521-momentum_ignition",
    "agent_id": "agent-momentum_ignition",
    "order_id": "scenario-521-momentum_ignition-agent-momentum_ignition-17",
    "action": "new",
    "side": "buy",
    "price": 65608.79814,
    "quantity": 0.08,
    "remaining_quantity": 0.08
  },
  {
    "event_id": "6ed916c2658036bc2e16c85579935538d062c787189bb62fdab9276cc543b35c",
    "schema_version": "1.0.0",
    "event_type": "agent_order",
    "source": "synthetic_agent",
    "symbol": "BTCUSDT",
    "exchange": "binance_usdm",
    "timestamp": "2024-05-01T00:00:01.440000Z",
    "sequence": 18,
    "scenario_id": "scenario-521-momentum_ignition",
    "agent_id": "agent-momentum_ignition",
    "order_id": "scenario-521-momentum_ignition-agent-momentum_ignition-18",
    "action": "new",
    "side": "buy",
    "price": 65610.10856,
    "quantity": 0.08,
    "remaining_quantity": 0.08
  },
  {
    "event_id": "93195c59a4b8852f03c741b096e6bc8c44e2299627bb774a5ea33815cf2f7a1b",
    "schema_version": "1.0.0",
    "event_type": "agent_order",
    "source": "synthetic_agent",
    "symbol": "BTCUSDT",
    "exchange": "binance_usdm",
    "timestamp": "2024-05-01T00:00:01.520000Z",
    "sequence": 19,
    "scenario_id": "scenario-521-momentum_ignition",
    "agent_id": "agent-momentum_ignition",
    "order_id": "scenario-521-momentum_ignition-agent-momentum_ignition-19",
    "action": "new",
    "side": "buy",
    "price": 65611.41898,
    "quantity": 0.08,
    "remaining_quantity": 0.08
  },
  {
    "event_id": "a64bd1b56803c1d7b55541e96b2a2a563ca7806f03c2e8753638c01526498a5f",
    "schema_version": "1.0.0",
    "event_type": "agent_order",
    "source": "synthetic_agent",
    "symbol": "BTCUSDT",
    "exchange": "binance_usdm",
    "timestamp": "2024-05-01T00:00:01.600000Z",
    "sequence": 20,
    "scenario_id": "scenario-521-momentum_ignition",
    "agent_id": "agent-momentum_ignition",
    "order_id": "scenario-521-momentum_ignition-agent-momentum_ignition-20",
    "action": "new",
    "side": "buy",
    "price": 65612.7294,
    "quantity": 0.08,
    "remaining_quantity": 0.08
  },
  {
    "event_id": "d36b734e6317ba0fbf0f20114a08b150d8fc14ddd5afa0a72e38417dec44699e",
    "schema_version": "1.0.0",
    "event_type": "agent_order",
    "source": "synthetic_agent",
    "symbol": "BTCUSDT",
    "exchange": "binance_usdm",
    "timestamp": "2024-05-01T00:00:01.680000Z",
    "sequence": 21,
    "scenario_id": "scenario-521-momentum_ignition",
    "agent_id": "agent-momentum_ignition",
    "order_id": "scenario-521-momentum_ignition-agent-momentum_ignition-21",
    "action": "new",
    "side": "buy",
    "price": 65614.03982,
    "quantity": 0.08,
    "remaining_quantity": 0.08
  },
  {
    "event_id": "7f9522ec775b218dea097e60bdcba6cf53496cac538b998124e4c40a85934877",
    "schema_version": "1.0.0",
    "event_type": "agent_order",
    "source": "synthetic_agent",
    "symbol": "BTCUSDT",
    "exchange": "binance_usdm",
    "timestamp": "2024-05-01T00:00:01.760000Z",
    "sequence": 22,
    "scenario_id": "scenario-521-momentum_ignition",
    "agent_id": "agent-momentum_ignition",
    "order_id": "scenario-521-momentum_ignition-agent-momentum_ignition-22",
    "action": "new",
    "side": "buy",
    "price": 65615.35024,
    "quantity": 0.08,
    "remaining_quantity": 0.08
  },
  {
    "event_id": "31a3aabc6a87acf055d1c01eb706e27d64ce9a0384605b503824cb106f2d8ece",
    "schema_version": "1.0.0",
    "event_type": "agent_order",
    "source": "synthetic_agent",
    "symbol": "BTCUSDT",
    "exchange": "binance_usdm",
    "timestamp": "2024-05-01T00:00:01.840000Z",
    "sequence": 23,
    "scenario_id": "scenario-521-momentum_ignition",
    "agent_id": "agent-momentum_ignition",
    "order_id": "scenario-521-momentum_ignition-agent-momentum_ignition-23",
    "action": "new",
    "side": "buy",
    "price": 65616.66065999998,
    "quantity": 0.08,
    "remaining_quantity": 0.08
  },
  {
    "event_id": "78dc67b283f81628d89e030a448ed18ff8d38e9aad6091eec0164129e749dab7",
    "schema_version": "1.0.0",
    "event_type": "agent_order",
    "source": "synthetic_agent",
    "symbol": "BTCUSDT",
    "exchange": "binance_usdm",
    "timestamp": "2024-05-01T00:00:01.920000Z",
    "sequence": 24,
    "scenario_id": "scenario-521-momentum_ignition",
    "agent_id": "agent-momentum_ignition",
    "order_id": "scenario-521-momentum_ignition-agent-momentum_ignition-24",
    "action": "new",
    "side": "buy",
    "price": 65617.97107999999,
    "quantity": 0.08,
    "remaining_quantity": 0.08
  },
  {
    "event_id": "136e440c003be1eebe7f989c507b4fd24c78d23fa989faffafc0f5849c74c4c8",
    "schema_version": "1.0.0",
    "event_type": "agent_order",
    "source": "synthetic_agent",
    "symbol": "BTCUSDT",
    "exchange": "binance_usdm",
    "timestamp": "2024-05-01T00:00:02Z",
    "sequence": 25,
    "scenario_id": "scenario-521-momentum_ignition",
    "agent_id": "agent-momentum_ignition",
    "order_id": "scenario-521-momentum_ignition-agent-momentum_ignition-25",
    "action": "new",
    "side": "buy",
    "price": 65619.28149999998,
    "quantity": 0.08,
    "remaining_quantity": 0.08
  },
  {
    "event_id": "b0e1aae11a7f959b5932fc33ac635020af8424fe4cd47d7ea2679d0e68fe1eb5",
    "schema_version": "1.0.0",
    "event_type": "agent_order",
    "source": "synthetic_agent",
    "symbol": "BTCUSDT",
    "exchange": "binance_usdm",
    "timestamp": "2024-05-01T00:00:02.080000Z",
    "sequence": 26,
    "scenario_id": "scenario-521-momentum_ignition",
    "agent_id": "agent-momentum_ignition",
    "order_id": "scenario-521-momentum_ignition-agent-momentum_ignition-26",
    "action": "new",
    "side": "buy",
    "price": 65620.59191999999,
    "quantity": 0.08,
    "remaining_quantity": 0.08
  },
  {
    "event_id": "ac5864c218010dd4bb176d4c45a2f93d99d85f19e398f2651e48aa6448d37ce4",
    "schema_version": "1.0.0",
    "event_type": "agent_order",
    "source": "synthetic_agent",
    "symbol": "BTCUSDT",
    "exchange": "binance_usdm",
    "timestamp": "2024-05-01T00:00:02.160000Z",
    "sequence": 27,
    "scenario_id": "scenario-521-momentum_ignition",
    "agent_id": "agent-momentum_ignition",
    "order_id": "scenario-521-momentum_ignition-agent-momentum_ignition-27",
    "action": "new",
    "side": "buy",
    "price": 65621.90233999999,
    "quantity": 0.08,
    "remaining_quantity": 0.08
  },
  {
    "event_id": "e739c47fde1db8bc74b636b324e4bae7af6bdb11c4690777d2bb390c3e5336be",
    "schema_version": "1.0.0",
    "event_type": "agent_order",
    "source": "synthetic_agent",
    "symbol": "BTCUSDT",
    "exchange": "binance_usdm",
    "timestamp": "2024-05-01T00:00:02.240000Z",
    "sequence": 28,
    "scenario_id": "scenario-521-momentum_ignition",
    "agent_id": "agent-momentum_ignition",
    "order_id": "scenario-521-momentum_ignition-agent-momentum_ignition-28",
    "action": "new",
    "side": "buy",
    "price": 65623.21275999998,
    "quantity": 0.08,
    "remaining_quantity": 0.08
  },
  {
    "event_id": "361feeeb9df4aa9a40c612a6f1f0e6701f9adfb601978e31feb7e6cb881e37a8",
    "schema_version": "1.0.0",
    "event_type": "agent_order",
    "source": "synthetic_agent",
    "symbol": "BTCUSDT",
    "exchange": "binance_usdm",
    "timestamp": "2024-05-01T00:00:02.320000Z",
    "sequence": 29,
    "scenario_id": "scenario-521-momentum_ignition",
    "agent_id": "agent-momentum_ignition",
    "order_id": "scenario-521-momentum_ignition-agent-momentum_ignition-29",
    "action": "new",
    "side": "buy",
    "price": 65624.52317999999,
    "quantity": 0.08,
    "remaining_quantity": 0.08
  }
]