[
  {
    "event_id": "c5483b32f0967c76bca73ca8cf0ca544e1ad1015700dbe42fa4a2b5f0454e981",
    "schema_version": "1.0.0",
    "event_type": "agent_order",
    "source": "synthetic_agent",
    "symbol": "BTCUSDT",
    "exchange": "binance_usdm",
    "timestamp": "2024-05-01T00:00:00Z",
    "sequence": 0,
    "scenario_id": "scenario-430-runaway_inventory",
    "agent_id": "agent-runaway_inventory",
    "order_id": "scenario-430-runaway_inventory-agent-runaway_inventory-0",
    "action": "new",
    "side": "buy",
    "price": 65430.0,
    "quantity": 0.01,
    "remaining_quantity": 0.01
  },
  {
    "event_id": "dd80980159067710216285c4d19b2c5cd5b54a88bfac75b7b01b04fe549146b9",
    "schema_version": "1.0.0",
    "event_type": "agent_order",
    "source": "synthetic_agent",
    "symbol": "BTCUSDT",
    "exchange": "binance_usdm",
    "timestamp": "2024-05-01T00:00:00.070000Z",
    "sequence": 1,
    "scenario_id": "scenario-430-runaway_inventory",
    "agent_id": "agent-runaway_inventory",
    "order_id": "scenario-430-runaway_inventory-agent-runaway_inventory-1",
    "action": "new",
    "side": "buy",
    "price": 65431.9629,
    "quantity": 0.012,
    "remaining_quantity": 0.012
  },
  {
    "event_id": "40f0d1566a6f056232d6b2d80488b9bad7f667fe000241b7740261158c8c0334",
    "schema_version": "1.0.0",
    "event_type": "agent_order",
    "source": "synthetic_agent",
    "symbol": "BTCUSDT",
    "exchange": "binance_usdm",
    "timestamp": "2024-05-01T00:00:00.140000Z",
    "sequence": 2,
    "scenario_id": "scenario-430-runaway_inventory",
    "agent_id": "agent-runaway_inventory",
    "order_id": "scenario-430-runaway_inventory-agent-runaway_inventory-2",
    "action": "new",
    "side": "buy",
    "price": 65433.9258,
    "quantity": 0.014,
    "remaining_quantity": 0.014
  },
  {
    "event_id": "2cc42f644d449d0590d585c4d804a9ce747b59ceea852257f4ecf6cffa3f52e0",
    "schema_version": "1.0.0",
    "event_type": "agent_order",
    "source": "synthetic_agent",
    "symbol": "BTCUSDT",
    "exchange": "binance_usdm",
    "timestamp": "2024-05-01T00:00:00.210000Z",
    "sequence": 3,
    "scenario_id": "scenario-430-runaway_inventory",
    "agent_id": "agent-runaway_inventory",
    "order_id": "scenario-430-runaway_inventory-agent-runaway_inventory-3",
    "action": "new",
    "side": "buy",
    "price": 65435.888699999996,
    "quantity": 0.016,
    "remaining_quantity": 0.016
  },
  {
    "event_id": "ea56a73fdaf4d15271650df7e1a39228cc1f5301276b1940c73b4c9edf840009",
    "schema_version": "1.0.0",
    "event_type": "agent_order",
    "source": "synthetic_agent",
    "symbol": "BTCUSDT",
    "exchange": "binance_usdm",
    "timestamp": "2024-05-01T00:00:00.280000Z",
    "sequence": 4,
    "scenario_id": "scenario-430-runaway_inventory",
    "agent_id": "agent-runaway_inventory",
    "order_id": "scenario-430-runaway_inventory-agent-runaway_inventory-4",
    "action": "new",
    "side": "buy",
    "price": 65437.851599999995,
    "quantity": 0.018000000000000002,
    "remaining_quantity": 0.018000000000000002
  },
  {
    "event_id": "2e84831a4a9f8b8da24a290d741744daece4d092cca898279d122f9477de7810",
    "schema_version": "1.0.0",
    "event_type": "agent_order",
    "source": "synthetic_agent",
    "symbol": "BTCUSDT",
    "exchange": "binance_usdm",
    "timestamp": "2024-05-01T00:00:00.350000Z",
    "sequence": 5,
    "scenario_id": "scenario-430-runaway_inventory",
    "agent_id": "agent-runaway_inventory",
    "order_id": "scenario-430-runaway_inventory-agent-runaway_inventory-5",
    "action": "new",
    "side": "buy",
    "price": 65439.81450000001,
    "quantity": 0.02,
    "remaining_quantity": 0.02
  },
  {
    "event_id": "115008626d082aeaa9df7e90ed05dc6d679fed887728c30d61aff2dce8f04cc0",
    "schema_version": "1.0.0",
    "event_type": "agent_order",
    "source": "synthetic_agent",
    "symbol": "BTCUSDT",
    "exchange": "binance_usdm",
    "timestamp": "2024-05-01T00:00:00.420000Z",
    "sequence": 6,
    "scenario_id": "scenario-430-runaway_inventory",
    "agent_id": "agent-runaway_inventory",
    "order_id": "scenario-430-runaway_inventory-agent-runaway_inventory-6",
    "action": "new",
    "side": "buy",
    "price": 65441.777400000006,
    "quantity": 0.022,
    "remaining_quantity": 0.022
  },
  {
    "event_id": "7b3952555bf23fb3172e4ab7a95780fb8b94e063d3085d4d79ef0d3746a2f99f",
    "schema_version": "1.0.0",
    "event_type": "agent_order",
    "source": "synthetic_agent",
    "symbol": "BTCUSDT",
    "exchange": "binance_usdm",
    "timestamp": "2024-05-01T00:00:00.490000Z",
    "sequence": 7,
    "scenario_id": "scenario-430-runaway_inventory",
    "agent_id": "agent-runaway_inventory",
    "order_id": "scenario-430-runaway_inventory-agent-runaway_inventory-7",
    "action": "new",
    "side": "buy",
    "price": 65443.740300000005,
    "quantity": 0.024,
    "remaining_quantity": 0.024
  },
  {
    "event_id": "c8c41dd0a6582c9cbff08e1a4740e779fb2311de1e1524dd18816f7cfafbf067",
    "schema_version": "1.0.0",
    "event_type": "agent_order",
    "source": "synthetic_agent",
    "symbol": "BTCUSDT",
    "exchange": "binance_usdm",
    "timestamp": "2024-05-01T00:00:00.560000Z",
    "sequence": 8,
    "scenario_id": "scenario-430-runaway_inventory",
    "agent_id": "agent-runaway_inventory",
    "order_id": "scenario-430-runaway_inventory-agent-runaway_inventory-8",
    "action": "new",
    "side": "buy",
    "price": 65445.7032,
    "quantity": 0.026000000000000002,
    "remaining_quantity": 0.026000000000000002
  },
  {
    "event_id": "13d2a757dc450e12c412a6f3cc1332afcc8ce1d4cd3971d52cfe492f7f1068dd",
    "schema_version": "1.0.0",
    "event_type": "agent_order",
    "source": "synthetic_agent",
    "symbol": "BTCUSDT",
    "exchange": "binance_usdm",
    "timestamp": "2024-05-01T00:00:00.630000Z",
    "sequence": 9,
    "scenario_id": "scenario-430-runaway_inventory",
    "agent_id": "agent-runaway_inventory",
    "order_id": "scenario-430-runaway_inventory-agent-runaway_inventory-9",
    "action": "new",
    "side": "buy",
    "price": 65447.6661,
    "quantity": 0.028000000000000004,
    "remaining_quantity": 0.028000000000000004
  },
  {
    "event_id": "ca8405d452cc4c520ac9e9f8036ef7943e7365623e59b54c8ec8a1a75f73d018",
    "schema_version": "1.0.0",
    "event_type": "agent_order",
    "source": "synthetic_agent",
    "symbol": "BTCUSDT",
    "exchange": "binance_usdm",
    "timestamp": "2024-05-01T00:00:00.700000Z",
    "sequence": 10,
    "scenario_id": "scenario-430-runaway_inventory",
    "agent_id": "agent-runaway_inventory",
    "order_id": "scenario-430-runaway_inventory-agent-runaway_inventory-10",
    "action": "new",
    "side": "buy",
    "price": 65449.629,
    "quantity": 0.03,
    "remaining_quantity": 0.03
  },
  {
    "event_id": "0770354120136e923d8c39e779cdfe43ad6ceeb7f24b4baf1b3eee0e709a0acf",
    "schema_version": "1.0.0",
    "event_type": "agent_order",
    "source": "synthetic_agent",
    "symbol": "BTCUSDT",
    "exchange": "binance_usdm",
    "timestamp": "2024-05-01T00:00:00.770000Z",
    "sequence": 11,
    "scenario_id": "scenario-430-runaway_inventory",
    "agent_id": "agent-runaway_inventory",
    "order_id": "scenario-430-runaway_inventory-agent-runaway_inventory-11",
    "action": "new",
    "side": "buy",
    "price": 65451.5919,
    "quantity": 0.032,
    "remaining_quantity": 0.032
  },
  {
    "event_id": "9f87a56e0d83a708371a21049b7894d62d8a4daa6def5c7f712c30d18803c44e",
    "schema_version": "1.0.0",
    "event_type": "agent_order",
    "source": "synthetic_agent",
    "symbol": "BTCUSDT",
    "exchange": "binance_usdm",
    "timestamp": "2024-05-01T00:00:00.840000Z",
    "sequence": 12,
    "scenario_id": "scenario-430-runaway_inventory",
    "agent_id": "agent-runaway_inventory",
    "order_id": "scenario-430-runaway_inventory-agent-runaway_inventory-12",
    "action": "new",
    "side": "buy",
    "price": 65453.5548,
    "quantity": 0.034,
    "remaining_quantity": 0.034
  },
  {
    "event_id": "888abbb37077fb686717a49f38da4018b39cceeac33c430fc2f8912267284f18",
    "schema_version": "1.0.0",
    "event_type": "agent_order",
    "source": "synthetic_agent",
    "symbol": "BTCUSDT",
    "exchange": "binance_usdm",
    "timestamp": "2024-05-01T00:00:00.910000Z",
    "sequence": 13,
    "scenario_id": "scenario-430-runaway_inventory",
    "agent_id": "agent-runaway_inventory",
    "order_id": "scenario-430-runaway_inventory-agent-runaway_inventory-13",
    "action": "new",
    "side": "buy",
    "price": 65455.51769999999,
    "quantity": 0.036000000000000004,
    "remaining_quantity": 0.036000000000000004
  },
  {
    "event_id": "7a91d13d4651cf09197dfa88473f645aed9cc420bdd7c5d9d52d5f95a388914f",
    "schema_version": "1.0.0",
    "event_type": "agent_order",
    "source": "synthetic_agent",
    "symbol": "BTCUSDT",
    "exchange": "binance_usdm",
    "timestamp": "2024-05-01T00:00:00.980000Z",
    "sequence": 14,
    "scenario_id": "scenario-430-runaway_inventory",
    "agent_id": "agent-runaway_inventory",
    "order_id": "scenario-430-runaway_inventory-agent-runaway_inventory-14",
    "action": "new",
    "side": "buy",
    "price": 65457.4806,
    "quantity": 0.038,
    "remaining_quantity": 0.038
  },
  {
    "event_id": "69a6d670ed268d1a953f23a1cfa8dbd5347c61dde08eed4cc7712c70af28e072",
    "schema_version": "1.0.0",
    "event_type": "agent_order",
    "source": "synthetic_agent",
    "symbol": "BTCUSDT",
    "exchange": "binance_usdm",
    "timestamp": "2024-05-01T00:00:01.050000Z",
    "sequence": 15,
    "scenario_id": "scenario-430-runaway_inventory",
    "agent_id": "agent-runaway_inventory",
    "order_id": "scenario-430-runaway_inventory-agent-runaway_inventory-15",
    "action": "new",
    "side": "buy",
    "price": 65459.4435,
    "quantity": 0.04,
    "remaining_quantity": 0.04
  },
  {
    "event_id": "ebf08bc9a6d93d053fa864bd992de09f9bae958f76929b74bcde71520fe9bd64",
    "schema_version": "1.0.0",
    "event_type": "agent_order",
    "source": "synthetic_agent",
    "symbol": "BTCUSDT",
    "exchange": "binance_usdm",
    "timestamp": "2024-05-01T00:00:01.120000Z",
    "sequence": 16,
    "scenario_id": "scenario-430-runaway_inventory",
    "agent_id": "agent-runaway_inventory",
    "order_id": "scenario-430-runaway_inventory-agent-runaway_inventory-16",
    "action": "new",
    "side": "buy",
    "price": 65461.4064,
    "quantity": 0.042,
    "remaining_quantity": 0.042
  },
  {
    "event_id": "9aeca804ec908b774f76b3137848992a46aa662506a6f5f905736964dcdf4eb8",
    "schema_version": "1.0.0",
    "event_type": "agent_order",
    "source": "synthetic_agent",
    "symbol": "BTCUSDT",
    "exchange": "binance_usdm",
    "timestamp": "2024-05-01T00:00:01.190000Z",
    "sequence": 17,
    "scenario_id": "scenario-430-runaway_inventory",
    "agent_id": "agent-runaway_inventory",
    "order_id": "scenario-430-runaway_inventory-agent-runaway_inventory-17",
    "action": "new",
    "side": "buy",
    "price": 65463.3693,
    "quantity": 0.044000000000000004,
    "remaining_quantity": 0.044000000000000004
  },
  {
    "event_id": "31c95211810ca0025fa5f89bfa3b815427c58c1f3b1569f2d56329e256fe3261",
    "schema_version": "1.0.0",
    "event_type": "agent_order",
    "source": "synthetic_agent",
    "symbol": "BTCUSDT",
    "exchange": "binance_usdm",
    "timestamp": "2024-05-01T00:00:01.260000Z",
    "sequence": 18,
    "scenario_id": "scenario-430-runaway_inventory",
    "agent_id": "agent-runaway_inventory",
    "order_id": "scenario-430-runaway_inventory-agent-runaway_inventory-18",
    "action": "new",
    "side": "buy",
    "price": 65465.3322,
    "quantity": 0.046000000000000006,
    "remaining_quantity": 0.046000000000000006
  },
  {
    "event_id": "2b8e25c2dddc69ae40e2f6c3ee621381a3e79985dc6374c35414fbe3f371ce9e",
    "schema_version": "1.0.0",
    "event_type": "agent_order",
    "source": "synthetic_agent",
    "symbol": "BTCUSDT",
    "exchange": "binance_usdm",
    "timestamp": "2024-05-01T00:00:01.330000Z",
    "sequence": 19,
    "scenario_id": "scenario-430-runaway_inventory",
    "agent_id": "agent-runaway_inventory",
    "order_id": "scenario-430-runaway_inventory-agent-runaway_inventory-19",
    "action": "new",
    "side": "buy",
    "price": 65467.295099999996,
    "quantity": 0.048,
    "remaining_quantity": 0.048
  },
  {
    "event_id": "cd2083b05581c9a1b5882b1be851b384d8dc93878310f662160ab2e26cf5a8e6",
    "schema_version": "1.0.0",
    "event_type": "agent_order",
    "source": "synthetic_agent",
    "symbol": "BTCUSDT",
    "exchange": "binance_usdm",
    "timestamp": "2024-05-01T00:00:01.400000Z",
    "sequence": 20,
    "scenario_id": "scenario-430-runaway_inventory",
    "agent_id": "agent-runaway_inventory",
    "order_id": "scenario-430-runaway_inventory-agent-runaway_inventory-20",
    "action": "new",
    "side": "buy",
    "price": 65469.257999999994,
    "quantity": 0.05,
    "remaining_quantity": 0.05
  },
  {
    "event_id": "bb56e9b1e012c505ab656dade405094f2485e93b2f17022858110b3dd962a5e6",
    "schema_version": "1.0.0",
    "event_type": "agent_order",
    "source": "synthetic_agent",
    "symbol": "BTCUSDT",
    "exchange": "binance_usdm",
    "timestamp": "2024-05-01T00:00:01.470000Z",
    "sequence": 21,
    "scenario_id": "scenario-430-runaway_inventory",
    "agent_id": "agent-runaway_inventory",
    "order_id": "scenario-430-runaway_inventory-agent-runaway_inventory-21",
    "action": "new",
    "side": "buy",
    "price": 65471.22089999999,
    "quantity": 0.052000000000000005,
    "remaining_quantity": 0.052000000000000005
  },
  {
    "event_id": "54649c811f1ad6a0f33ddcfa6b98bfab0e6823176b3d8aa9720be285403ad758",
    "schema_version": "1.0.0",
    "event_type": "agent_order",
    "source": "synthetic_agent",
    "symbol": "BTCUSDT",
    "exchange": "binance_usdm",
    "timestamp": "2024-05-01T00:00:01.540000Z",
    "sequence": 22,
    "scenario_id": "scenario-430-runaway_inventory",
    "agent_id": "agent-runaway_inventory",
    "order_id": "scenario-430-runaway_inventory-agent-runaway_inventory-22",
    "action": "new",
    "side": "buy",
    "price": 65473.183800000006,
    "quantity": 0.054,
    "remaining_quantity": 0.054
  },
  {
    "event_id": "f80c8219d36338b84103c0f390d459ec43f28f4c383a38e0816484ef16adaa00",
    "schema_version": "1.0.0",
    "event_type": "agent_order",
    "source": "synthetic_agent",
    "symbol": "BTCUSDT",
    "exchange": "binance_usdm",
    "timestamp": "2024-05-01T00:00:01.610000Z",
    "sequence": 23,
    "scenario_id": "scenario-430-runaway_inventory",
    "agent_id": "agent-runaway_inventory",
    "order_id": "scenario-430-runaway_inventory-agent-runaway_inventory-23",
    "action": "new",
    "side": "buy",
    "price": 65475.146700000005,
    "quantity": 0.056,
    "remaining_quantity": 0.056
  },
  {
    "event_id": "cb89ea1618939ddab973ce3eb599e92c42172a90b3c8886776b7e40ed87185da",
    "schema_version": "1.0.0",
    "event_type": "agent_order",
    "source": "synthetic_agent",
    "symbol": "BTCUSDT",
    "exchange": "binance_usdm",
    "timestamp": "2024-05-01T00:00:01.680000Z",
    "sequence": 24,
    "scenario_id": "scenario-430-runaway_inventory",
    "agent_id": "agent-runaway_inventory",
    "order_id": "scenario-430-runaway_inventory-agent-runaway_inventory-24",
    "action": "new",
    "side": "buy",
    "price": 65477.1096,
    "quantity": 0.058,
    "remaining_quantity": 0.058
  },
  {
    "event_id": "cf4c8a313638766985027e169bd6bb7d13599b5c9b3ae6eee995471c79ef7658",
    "schema_version": "1.0.0",
    "event_type": "agent_order",
    "source": "synthetic_agent",
    "symbol": "BTCUSDT",
    "exchange": "binance_usdm",
    "timestamp": "2024-05-01T00:00:01.750000Z",
    "sequence": 25,
    "scenario_id": "scenario-430-runaway_inventory",
    "agent_id": "agent-runaway_inventory",
    "order_id": "scenario-430-runaway_inventory-agent-runaway_inventory-25",
    "action": "new",
    "side": "buy",
    "price": 65479.0725,
    "quantity": 0.060000000000000005,
    "remaining_quantity": 0.060000000000000005
  },
  {
    "event_id": "30bb8107eafe1265f23637e5bc45ce499626fd1602c3b7a74734c77b91950a81",
    "schema_version": "1.0.0",
    "event_type": "agent_order",
    "source": "synthetic_agent",
    "symbol": "BTCUSDT",
    "exchange": "binance_usdm",
    "timestamp": "2024-05-01T00:00:01.820000Z",
    "sequence": 26,
    "scenario_id": "scenario-430-runaway_inventory",
    "agent_id": "agent-runaway_inventory",
    "order_id": "scenario-430-runaway_inventory-agent-runaway_inventory-26",
    "action": "new",
    "side": "buy",
    "price": 65481.0354,
    "quantity": 0.062000000000000006,
    "remaining_quantity": 0.062000000000000006
  },
  {
    "event_id": "fbe317b34d1200ae2cd35353c60347d0b5e9b8bbe547b57fd3e40098169e133c",
    "schema_version": "1.0.0",
    "event_type": "agent_order",
    "source": "synthetic_agent",
    "symbol": "BTCUSDT",
    "exchange": "binance_usdm",
    "timestamp": "2024-05-01T00:00:01.890000Z",
    "sequence": 27,
    "scenario_id": "scenario-430-runaway_inventory",
    "agent_id": "agent-runaway_inventory",
    "order_id": "scenario-430-runaway_inventory-agent-runaway_inventory-27",
    "action": "new",
    "side": "buy",
    "price": 65482.9983,
    "quantity": 0.064,
    "remaining_quantity": 0.064
  },
  {
    "event_id": "cb567507507c23dc3799a5654e4ee5e7c5732a9873cd784c85b0a8feda324745",
    "schema_version": "1.0.0",
    "event_type": "agent_order",
    "source": "synthetic_agent",
    "symbol": "BTCUSDT",
    "exchange": "binance_usdm",
    "timestamp": "2024-05-01T00:00:01.960000Z",
    "sequence": 28,
    "scenario_id": "scenario-430-runaway_inventory",
    "agent_id": "agent-runaway_inventory",
    "order_id": "scenario-430-runaway_inventory-agent-runaway_inventory-28",
    "action": "new",
    "side": "buy",
    "price": 65484.9612,
    "quantity": 0.066,
    "remaining_quantity": 0.066
  },
  {
    "event_id": "e42afe4da27f36ec1edd2efb4b8be4cc78044f88312a9ae5455b11a8a6774577",
    "schema_version": "1.0.0",
    "event_type": "agent_order",
    "source": "synthetic_agent",
    "symbol": "BTCUSDT",
    "exchange": "binance_usdm",
    "timestamp": "2024-05-01T00:00:02.030000Z",
    "sequence": 29,
    "scenario_id": "scenario-430-runaway_inventory",
    "agent_id": "agent-runaway_inventory",
    "order_id": "scenario-430-runaway_inventory-agent-runaway_inventory-29",
    "action": "new",
    "side": "buy",
    "price": 65486.9241,
    "quantity": 0.068,
    "remaining_quantity": 0.068
  }
]