[
  {
    "event_id": "d40828ec4be37251e70ebfaf7b4da6b0738d2b6d58c5b5c5b0ac553448297f3d",
    "schema_version": "1.0.0",
    "event_type": "agent_order",
    "source": "synthetic_agent",
    "symbol": "BTCUSDT",
    "exchange": "binance_usdm",
    "timestamp": "2024-05-01T00:00:00Z",
    "sequence": 0,
    "scenario_id": "scenario-312-passive_market_maker",
    "agent_id": "agent-passive_market_maker",
    "order_id": "scenario-312-passive_market_maker-agent-passive_market_maker-0",
    "action": "new",
    "side": "buy",
    "price": 65246.688,
    "quantity": 0.01,
    "remaining_quantity": 0.01
  },
  {
    "event_id": "b192afa7e2b685c071c3588b490a7218c209465931a8ab97c9a773c50533202e",
    "schema_version": "1.0.0",
    "event_type": "agent_order",
    "source": "synthetic_agent",
    "symbol": "BTCUSDT",
    "exchange": "binance_usdm",
    "timestamp": "2024-05-01T00:00:00.100000Z",
    "sequence": 1,
    "scenario_id": "scenario-312-passive_market_maker",
    "agent_id": "agent-passive_market_maker",
    "order_id": "scenario-312-passive_market_maker-agent-passive_market_maker-1",
    "action": "new",
    "side": "sell",
    "price": 65377.31199999999,
    "quantity": 0.01,
    "remaining_quantity": 0.01
  },
  {
    "event_id": "45e68af4c0fae5f28aeaa3f7d1783358ef370a8530f63c3f8d74ff9b87b36f07",
    "schema_version": "1.0.0",
    "event_type": "agent_order",
    "source": "synthetic_agent",
    "symbol": "BTCUSDT",
    "exchange": "binance_usdm",
    "timestamp": "2024-05-01T00:00:00.200000Z",
    "sequence": 2,
    "scenario_id": "scenario-312-passive_market_maker",
    "agent_id": "agent-passive_market_maker",
    "order_id": "scenario-312-passive_market_maker-agent-passive_market_maker-2",
    "action": "new",
    "side": "buy",
    "price": 65246.688,
    "quantity": 0.01,
    "remaining_quantity": 0.01
  },
  {
    "event_id": "f035369e3e5a9f193f0e3be490737e616a521d80da2d9fad9d2451f956a46968",
    "schema_version": "1.0.0",
    "event_type": "agent_order",
    "source": "synthetic_agent",
    "symbol": "BTCUSDT",
    "exchange": "binance_usdm",
    "timestamp": "2024-05-01T00:00:00.300000Z",
    "sequence": 3,
    "scenario_id": "scenario-312-passive_market_maker",
    "agent_id": "agent-passive_market_maker",
    "order_id": "scenario-312-passive_market_maker-agent-passive_market_maker-3",
    "action": "new",
    "side": "sell",
    "price": 65377.31199999999,
    "quantity": 0.01,
    "remaining_quantity": 0.01
  },
  {
    "event_id": "bb4f8ca5c796a71949bad4c77b792118a6a3734ab667a162e932506d386df024",
    "schema_version": "1.0.0",
    "event_type": "agent_order",
    "source": "synthetic_agent",
    "symbol": "BTCUSDT",
    "exchange": "binance_usdm",
    "timestamp": "2024-05-01T00:00:00.400000Z",
    "sequence": 4,
    "scenario_id": "scenario-312-passive_market_maker",
    "agent_id": "agent-passive_market_maker",
    "order_id": "scenario-312-passive_market_maker-agent-passive_market_maker-4",
    "action": "new",
    "side": "buy",
    "price": 65246.688,
    "quantity": 0.01,
    "remaining_quantity": 0.01
  },
  {
    "event_id": "4fca3e1448598e24ae1e496583ed8edbbec77ca67c6133073828ed2ce7af2f7b",
    "schema_version": "1.0.0",
    "event_type": "agent_order",
    "source": "synthetic_agent",
    "symbol": "BTCUSDT",
    "exchange": "binance_usdm",
    "timestamp": "2024-05-01T00:00:00.500000Z",
    "sequence": 5,
    "scenario_id": "scenario-312-passive_market_maker",
    "agent_id": "agent-passive_market_maker",
    "order_id": "scenario-312-passive_market_maker-agent-passive_market_maker-5",
    "action": "new",
    "side": "sell",
    "price": 65377.31199999999,
    "quantity": 0.01,
    "remaining_quantity": 0.01
  },
  {
    "event_id": "f2a441639f7b18159eb3859cc060acd1b28cba92249934fab1266ba0d6381a28",
    "schema_version": "1.0.0",
    "event_type": "agent_order",
    "source": "synthetic_agent",
    "symbol": "BTCUSDT",
    "exchange": "binance_usdm",
    "timestamp": "2024-05-01T00:00:00.600000Z",
    "sequence": 6,
    "scenario_id": "scenario-312-passive_market_maker",
    "agent_id": "agent-passive_market_maker",
    "order_id": "scenario-312-passive_market_maker-agent-passive_market_maker-6",
    "action": "new",
    "side": "buy",
    "price": 65246.688,
    "quantity": 0.01,
    "remaining_quantity": 0.01
  },
  {
    "event_id": "94a4ffb83669119de1bd16e07188e1cbe5dd16c60806db6558f3545b154d902d",
    "schema_version": "1.0.0",
    "event_type": "agent_order",
    "source": "synthetic_agent",
    "symbol": "BTCUSDT",
    "exchange": "binance_usdm",
    "timestamp": "2024-05-01T00:00:00.700000Z",
    "sequence": 7,
    "scenario_id": "scenario-312-passive_market_maker",
    "agent_id": "agent-passive_market_maker",
    "order_id": "scenario-312-passive_market_maker-agent-passive_market_maker-7",
    "action": "new",
    "side": "sell",
    "price": 65377.31199999999,
    "quantity": 0.01,
    "remaining_quantity": 0.01
  },
  {
    "event_id": "f5a06f6441daeed49bc712e4d3c5f7a77d13556b26d023d2ca9ce402d8a381cd",
    "schema_version": "1.0.0",
    "event_type": "agent_order",
    "source": "synthetic_agent",
    "symbol": "BTCUSDT",
    "exchange": "binance_usdm",
    "timestamp": "2024-05-01T00:00:00.800000Z",
    "sequence": 8,
    "scenario_id": "scenario-312-passive_market_maker",
    "agent_id": "agent-passive_market_maker",
    "order_id": "scenario-312-passive_market_maker-agent-passive_market_maker-8",
    "action": "new",
    "side": "buy",
    "price": 65246.688,
    "quantity": 0.01,
    "remaining_quantity": 0.01
  },
  {
    "event_id": "7bd77ce942146fec0d9cdd0c6a3b2b6a0f7a1a1a7c90fb63eaf1bbf51a528bdc",
    "schema_version": "1.0.0",
    "event_type": "agent_order",
    "source": "synthetic_agent",
    "symbol": "BTCUSDT",
    "exchange": "binance_usdm",
    "timestamp": "2024-05-01T00:00:00.900000Z",
    "sequence": 9,
    "scenario_id": "scenario-312-passive_market_maker",
    "agent_id": "agent-passive_market_maker",
    "order_id": "scenario-312-passive_market_maker-agent-passive_market_maker-9",
    "action": "new",
    "side": "sell",
    "price": 65377.31199999999,
    "quantity": 0.01,
    "remaining_quantity": 0.01
  },
  {
    "event_id": "37a8961fb78d47963e99571eaa184308eb4d0837c3cac80f1aa60507ea182e0c",
    "schema_version": "1.0.0",
    "event_type": "agent_order",
    "source": "synthetic_agent",
    "symbol": "BTCUSDT",
    "exchange": "binance_usdm",
    "timestamp": "2024-05-01T00:00:01Z",
    "sequence": 10,
    "scenario_id": "scenario-312-passive_market_maker",
    "agent_id": "agent-passive_market_maker",
    "order_id": "scenario-312-passive_market_maker-agent-passive_market_maker-10",
    "action": "new",
    "side": "buy",
    "price": 65246.688,
    "quantity": 0.01,
    "remaining_quantity": 0.01
  },
  {
    "event_id": "24044f9c2a22962f2831465e55d149302990cb65935322da08b4e76abe041c87",
    "schema_version": "1.0.0",
    "event_type": "agent_order",
    "source": "synthetic_agent",
    "symbol": "BTCUSDT",
    "exchange": "binance_usdm",
    "timestamp": "2024-05-01T00:00:01.100000Z",
    "sequence": 11,
    "scenario_id": "scenario-312-passive_market_maker",
    "agent_id": "agent-passive_market_maker",
    "order_id": "scenario-312-passive_market_maker-agent-passive_market_maker-11",
    "action": "new",
    "side": "sell",
    "price": 65377.31199999999,
    "quantity": 0.01,
    "remaining_quantity": 0.01
  },
  {
    "event_id": "950e48d3a20e1eb618b9e7aff22dffaf0d6503805c8210cbf9fa9a144b95d3c9",
    "schema_version": "1.0.0",
    "event_type": "agent_order",
    "source": "synthetic_agent",
    "symbol": "BTCUSDT",
    "exchange": "binance_usdm",
    "timestamp": "2024-05-01T00:00:01.200000Z",
    "sequence": 12,
    "scenario_id": "scenario-312-passive_market_maker",
    "agent_id": "agent-passive_market_maker",
    "order_id": "scenario-312-passive_market_maker-agent-passive_market_maker-12",
    "action": "new",
    "side": "buy",
    "price": 65246.688,
    "quantity": 0.01,
    "remaining_quantity": 0.01
  },
  {
    "event_id": "e39d449c36517891bfba1aefb064272a548be55d41a9df6091ae49dbeb9cf809",
    "schema_version": "1.0.0",
    "event_type": "agent_order",
    "source": "synthetic_agent",
    "symbol": "BTCUSDT",
    "exchange": "binance_usdm",
    "timestamp": "2024-05-01T00:00:01.300000Z",
    "sequence": 13,
    "scenario_id": "scenario-312-passive_market_maker",
    "agent_id": "agent-passive_market_maker",
    "order_id": "scenario-312-passive_market_maker-agent-passive_market_maker-13",
    "action": "new",
    "side": "sell",
    "price": 65377.31199999999,
    "quantity": 0.01,
    "remaining_quantity": 0.01
  },
  {
    "event_id": "343e16d41e032c157376acd299e56c7094067a2f875589ae898d2cc18b55baa1",
    "schema_version": "1.0.0",
    "event_type": "agent_order",
    "source": "synthetic_agent",
    "symbol": "BTCUSDT",
    "exchange": "binance_usdm",
    "timestamp": "2024-05-01T00:00:01.400000Z",
    "sequence": 14,
    "scenario_id": "scenario-312-passive_market_maker",
    "agent_id": "agent-passive_market_maker",
    "order_id": "scenario-312-passive_market_maker-agent-passive_market_maker-14",
    "action": "new",
    "side": "buy",
    "price": 65246.688,
    "quantity": 0.01,
    "remaining_quantity": 0.01
  },
  {
    "event_id": "f5ab27ad1b3ebc77cf084db60db2df597e15fcd5d6d50713c6ab2268a5177e7d",
    "schema_version": "1.0.0",
    "event_type": "agent_order",
    "source": "synthetic_agent",
    "symbol": "BTCUSDT",
    "exchange": "binance_usdm",
    "timestamp": "2024-05-01T00:00:01.500000Z",
    "sequence": 15,
    "scenario_id": "scenario-312-passive_market_maker",
    "agent_id": "agent-passive_market_maker",
    "order_id": "scenario-312-passive_market_maker-agent-passive_market_maker-15",
    "action": "new",
    "side": "sell",
    "price": 65377.31199999999,
    "quantity": 0.01,
    "remaining_quantity": 0.01
  },
  {
    "event_id": "cac7677963aead184d9a91dc6edf372052a41e6d706250731855b67d9ce55558",
    "schema_version": "1.0.0",
    "event_type": "agent_order",
    "source": "synthetic_agent",
    "symbol": "BTCUSDT",
    "exchange": "binance_usdm",
    "timestamp": "2024-05-01T00:00:01.600000Z",
    "sequence": 16,
    "scenario_id": "scenario-312-passive_market_maker",
    "agent_id": "agent-passive_market_maker",
    "order_id": "scenario-312-passive_market_maker-agent-passive_market_maker-16",
    "action": "new",
    "side": "buy",
    "price": 65246.688,
    "quantity": 0.01,
    "remaining_quantity": 0.01
  },
  {
    "event_id": "0256d8f2c5dafc7af664b37c7eb41bae9dc1d804bb7956209c573ef9afe7dde9",
    "schema_version": "1.0.0",
    "event_type": "agent_order",
    "source": "synthetic_agent",
    "symbol": "BTCUSDT",
    "exchange": "binance_usdm",
    "timestamp": "2024-05-01T00:00:01.700000Z",
    "sequence": 17,
    "scenario_id": "scenario-312-passive_market_maker",
    "agent_id": "agent-passive_market_maker",
    "order_id": "scenario-312-passive_market_maker-agent-passive_market_maker-17",
    "action": "new",
    "side": "sell",
    "price": 65377.31199999999,
    "quantity": 0.01,
    "remaining_quantity": 0.01
  },
  {
    "event_id": "388d216a8ad0a919e61f671a11b6443474a9723d2332f5684950b0e5849db1b3",
    "schema_version": "1.0.0",
    "event_type": "agent_order",
    "source": "synthetic_agent",
    "symbol": "BTCUSDT",
    "exchange": "binance_usdm",
    "timestamp": "2024-05-01T00:00:01.800000Z",
    "sequence": 18,
    "scenario_id": "scenario-312-passive_market_maker",
    "agent_id": "agent-passive_market_maker",
    "order_id": "scenario-312-passive_market_maker-agent-passive_market_maker-18",
    "action": "new",
    "side": "buy",
    "price": 65246.688,
    "quantity": 0.01,
    "remaining_quantity": 0.01
  },
  {
    "event_id": "2a9e9e4a12349ad64f9898a21ae7f708b0dc3625af5d753c2319656d041e6847",
    "schema_version": "1.0.0",
    "event_type": "agent_order",
    "source": "synthetic_agent",
    "symbol": "BTCUSDT",
    "exchange": "binance_usdm",
    "timestamp": "2024-05-01T00:00:01.900000Z",
    "sequence": 19,
    "scenario_id": "scenario-312-passive_market_maker",
    "agent_id": "agent-passive_market_maker",
    "order_id": "scenario-312-passive_market_maker-agent-passive_market_maker-19",
    "action": "new",
    "side": "sell",
    "price": 65377.31199999999,
    "quantity": 0.01,
    "remaining_quantity": 0.01
  },
  {
    "event_id": "3e25e53f9e207b7e4ccfd6accc78a8ebf2083e5038c00e7dd444acb8a704822f",
    "schema_version": "1.0.0",
    "event_type": "agent_order",
    "source": "synthetic_agent",
    "symbol": "BTCUSDT",
    "exchange": "binance_usdm",
    "timestamp": "2024-05-01T00:00:02Z",
    "sequence": 20,
    "scenario_id": "scenario-312-passive_market_maker",
    "agent_id": "agent-passive_market_maker",
    "order_id": "scenario-312-passive_market_maker-agent-passive_market_maker-20",
    "action": "new",
    "side": "buy",
    "price": 65246.688,
    "quantity": 0.01,
    "remaining_quantity": 0.01
  },
  {
    "event_id": "a7c6ad8a091d60b66533404cb600eb9ad61fa8ef5bdbd816a477d26dae30a0c6",
    "schema_version": "1.0.0",
    "event_type": "agent_order",
    "source": "synthetic_agent",
    "symbol": "BTCUSDT",
    "exchange": "binance_usdm",
    "timestamp": "2024-05-01T00:00:02.100000Z",
    "sequence": 21,
    "scenario_id": "scenario-312-passive_market_maker",
    "agent_id": "agent-passive_market_maker",
    "order_id": "scenario-312-passive_market_maker-agent-passive_market_maker-21",
    "action": "new",
    "side": "sell",
    "price": 65377.31199999999,
    "quantity": 0.01,
    "remaining_quantity": 0.01
  },
  {
    "event_id": "86c81dd49b0204bd1b948aae81df500718d3a6587e61a7a3c4b9ee447dd91701",
    "schema_version": "1.0.0",
    "event_type": "agent_order",
    "source": "synthetic_agent",
    "symbol": "BTCUSDT",
    "exchange": "binance_usdm",
    "timestamp": "2024-05-01T00:00:02.200000Z",
    "sequence": 22,
    "scenario_id": "scenario-312-passive_market_maker",
    "agent_id": "agent-passive_market_maker",
    "order_id": "scenario-312-passive_market_maker-agent-passive_market_maker-22",
    "action": "new",
    "side": "buy",
    "price": 65246.688,
    "quantity": 0.01,
    "remaining_quantity": 0.01
  },
  {
    "event_id": "ff2a71c1ae5bda53270e6900addbddf052e93a2b3892eb739ea890635b1cd0ad",
    "schema_version": "1.0.0",
    "event_type": "agent_order",
    "source": "synthetic_agent",
    "symbol": "BTCUSDT",
    "exchange": "binance_usdm",
    "timestamp": "2024-05-01T00:00:02.300000Z",
    "sequence": 23,
    "scenario_id": "scenario-312-passive_market_maker",
    "agent_id": "agent-passive_market_maker",
    "order_id": "scenario-312-passive_market_maker-agent-passive_market_maker-23",
    "action": "new",
    "side": "sell",
    "price": 65377.31199999999,
    "quantity": 0.01,
    "remaining_quantity": 0.01
  },
  {
    "event_id": "031d5eacd9962bad7d6d6b6820384497001c5b00887a9bb641f3affe2df326e9",
    "schema_version": "1.0.0",
    "event_type": "agent_order",
    "source": "synthetic_agent",
    "symbol": "BTCUSDT",
    "exchange": "binance_usdm",
    "timestamp": "2024-05-01T00:00:02.400000Z",
    "sequence": 24,
    "scenario_id": "scenario-312-passive_market_maker",
    "agent_id": "agent-passive_market_maker",
    "order_id": "scenario-312-passive_market_maker-agent-passive_market_maker-24",
    "action": "new",
    "side": "buy",
    "price": 65246.688,
    "quantity": 0.01,
    "remaining_quantity": 0.01
  },
  {
    "event_id": "023263ee2c8093ad5f9e1b2fe195a3c2bf5efea1a4335828bc476d7172cf8f31",
    "schema_version": "1.0.0",
    "event_type": "agent_order",
    "source": "synthetic_agent",
    "symbol": "BTCUSDT",
    "exchange": "binance_usdm",
    "timestamp": "2024-05-01T00:00:02.500000Z",
    "sequence": 25,
    "scenario_id": "scenario-312-passive_market_maker",
    "agent_id": "agent-passive_market_maker",
    "order_id": "scenario-312-passive_market_maker-agent-passive_market_maker-25",
    "action": "new",
    "side": "sell",
    "price": 65377.31199999999,
    "quantity": 0.01,
    "remaining_quantity": 0.01
  },
  {
    "event_id": "7af50cc1595c7e32516d0173bb454a3c0e9471bc7711864f530fccf3c5c5ec69",
    "schema_version": "1.0.0",
    "event_type": "agent_order",
    "source": "synthetic_agent",
    "symbol": "BTCUSDT",
    "exchange": "binance_usdm",
    "timestamp": "2024-05-01T00:00:02.600000Z",
    "sequence": 26,
    "scenario_id": "scenario-312-passive_market_maker",
    "agent_id": "agent-passive_market_maker",
    "order_id": "scenario-312-passive_market_maker-agent-passive_market_maker-26",
    "action": "new",
    "side": "buy",
    "price": 65246.688,
    "quantity": 0.01,
    "remaining_quantity": 0.01
  },
  {
    "event_id": "be44b2e0200576b41d69a501edafaf4ae3d4fc05647ac8cbb6b4819a3fccb6d3",
    "schema_version": "1.0.0",
    "event_type": "agent_order",
    "source": "synthetic_agent",
    "symbol": "BTCUSDT",
    "exchange": "binance_usdm",
    "timestamp": "2024-05-01T00:00:02.700000Z",
    "sequence": 27,
    "scenario_id": "scenario-312-passive_market_maker",
    "agent_id": "agent-passive_market_maker",
    "order_id": "scenario-312-passive_market_maker-agent-passive_market_maker-27",
    "action": "new",
    "side": "sell",
    "price": 65377.31199999999,
    "quantity": 0.01,
    "remaining_quantity": 0.01
  },
  {
    "event_id": "580f121bf770a5fb3123d8a90dc48b11552c7c4f48a9c1753f06d9206ddb005e",
    "schema_version": "1.0.0",
    "event_type": "agent_order",
    "source": "synthetic_agent",
    "symbol": "BTCUSDT",
    "exchange": "binance_usdm",
    "timestamp": "2024-05-01T00:00:02.800000Z",
    "sequence": 28,
    "scenario_id": "scenario-312-passive_market_maker",
    "agent_id": "agent-passive_market_maker",
    "order_id": "scenario-312-passive_market_maker-agent-passive_market_maker-28",
    "action": "new",
    "side": "buy",
    "price": 65246.688,
    "quantity": 0.01,
    "remaining_quantity": 0.01
  },
  {
    "event_id": "7a290a44547697a4b23cbfd12bcd2e9a88ea6ca00819efc033d24159a986682e",
    "schema_version": "1.0.0",
    "event_type": "agent_order",
    "source": "synthetic_agent",
    "symbol": "BTCUSDT",
    "exchange": "binance_usdm",
    "timestamp": "2024-05-01T00:00:02.900000Z",
    "sequence": 29,
    "scenario_id": "scenario-312-passive_market_maker",
    "agent_id": "agent-passive_market_maker",
    "order_id": "scenario-312-passive_market_maker-agent-passive_market_maker-29",
    "action": "new",
    "side": "sell",
    "price": 65377.31199999999,
    "quantity": 0.01,
    "remaining_quantity": 0.01
  }
]