[
  {
    "event_id": "709ca85f84fe712855064e1b359832f26850b6b82e91f7ee7fc3dc79cab2752d",
    "schema_version": "1.0.0",
    "event_type": "agent_order",
    "source": "synthetic_agent",
    "symbol": "BTCUSDT",
    "exchange": "binance_usdm",
    "timestamp": "2024-05-01T00:00:00Z",
    "sequence": 0,
    "scenario_id": "scenario-231-spoofing_layering",
    "agent_id": "agent-spoofing_layering",
    "order_id": "scenario-231-spoofing_layering-agent-spoofing_layering-0",
    "action": "new",
    "side": "sell",
    "price": 65263.6155,
    "quantity": 0.5,
    "remaining_quantity": 0.5
  },
  {
    "event_id": "71d0aef2d94aeb335de3ab5fe4812230a5d7910e44954d0cd14718ad72128111",
    "schema_version": "1.0.0",
    "event_type": "agent_order",
    "source": "synthetic_agent",
    "symbol": "BTCUSDT",
    "exchange": "binance_usdm",
    "timestamp": "2024-05-01T00:00:00.050000Z",
    "sequence": 1,
    "scenario_id": "scenario-231-spoofing_layering",
    "agent_id": "agent-spoofing_layering",
    "order_id": "scenario-231-spoofing_layering-agent-spoofing_layering-1",
    "action": "new",
    "side": "sell",
    "price": 65264.26781,
    "quantity": 0.5,
    "remaining_quantity": 0.5
  },
  {
    "event_id": "d5f65c9a414e0295c9890792ee2be5d6e6bce8d52d77bdfed44209af06bca048",
    "schema_version": "1.0.0",
    "event_type": "agent_order",
    "source": "synthetic_agent",
    "symbol": "BTCUSDT",
    "exchange": "binance_usdm",
    "timestamp": "2024-05-01T00:00:00.100000Z",
    "sequence": 2,
    "scenario_id": "scenario-231-spoofing_layering",
    "agent_id": "agent-spoofing_layering",
    "order_id": "scenario-231-spoofing_layering-agent-spoofing_layering-2",
    "action": "new",
    "side": "sell",
    "price": 65264.92011999999,
    "quantity": 0.5,
    "remaining_quantity": 0.5
  },
  {
    "event_id": "25a71c0e8fc9830b01a905c1698df2ac6d403476d3ff849715df13798b428547",
    "schema_version": "1.0.0",
    "event_type": "agent_order",
    "source": "synthetic_agent",
    "symbol": "BTCUSDT",
    "exchange": "binance_usdm",
    "timestamp": "2024-05-01T00:00:00.150000Z",
    "sequence": 3,
    "scenario_id": "scenario-231-spoofing_layering",
    "agent_id": "agent-spoofing_layering",
    "order_id": "scenario-231-spoofing_layering-agent-spoofing_layering-3",
    "action": "new",
    "side": "sell",
    "price": 65265.57242999999,
    "quantity": 0.5,
    "remaining_quantity": 0.5
  },
  {
    "event_id": "e12f5526e6587bcaae7fe20e932bb2f95de9a35b323080723d36d801f4c7a081",
    "schema_version": "1.0.0",
    "event_type": "agent_order",
    "source": "synthetic_agent",
    "symbol": "BTCUSDT",
    "exchange": "binance_usdm",
    "timestamp": "2024-05-01T00:00:00.200000Z",
    "sequence": 4,
    "scenario_id": "scenario-231-spoofing_layering",
    "agent_id": "agent-spoofing_layering",
    "order_id": "scenario-231-spoofing_layering-agent-spoofing_layering-4",
    "action": "new",
    "side": "sell",
    "price": 65266.22474,
    "quantity": 0.5,
    "remaining_quantity": 0.5
  },
  {
    "event_id": "944ce61b5b3a4de9302fd60fa0a3d71b1bf69e94832efdd37c197cd0d49f8bae",
    "schema_version": "1.0.0",
    "event_type": "agent_order",
    "source": "synthetic_agent",
    "symbol": "BTCUSDT",
    "exchange": "binance_usdm",
    "timestamp": "2024-05-01T00:00:00.250000Z",
    "sequence": 5,
    "scenario_id": "scenario-231-spoofing_layering",
    "agent_id": "agent-spoofing_layering",
    "order_id": "scenario-231-spoofing_layering-agent-spoofing_layering-5",
    "action": "new",
    "side": "sell",
    "price": 65266.87705,
    "quantity": 0.5,
    "remaining_quantity": 0.5
  },
  {
    "event_id": "097254357cb5e943e106a1ee257ece9c68b0c683293ae0eecd7ffdaeb2e29800",
    "schema_version": "1.0.0",
    "event_type": "agent_order",
    "source": "synthetic_agent",
    "symbol": "BTCUSDT",
    "exchange": "binance_usdm",
    "timestamp": "2024-05-01T00:00:00.300000Z",
    "sequence": 6,
    "scenario_id": "scenario-231-spoofing_layering",
    "agent_id": "agent-spoofing_layering",
    "order_id": "scenario-231-spoofing_layering-agent-spoofing_layering-6",
    "action": "new",
    "side": "sell",
    "price": 65267.52935999999,
    "quantity": 0.5,
    "remaining_quantity": 0.5
  },
  {
    "event_id": "2efb4f366a08f86774659c0ff9dd5f4588158e2b41d21663492cda057410962a",
    "schema_version": "1.0.0",
    "event_type": "agent_order",
    "source": "synthetic_agent",
    "symbol": "BTCUSDT",
    "exchange": "binance_usdm",
    "timestamp": "2024-05-01T00:00:00.350000Z",
    "sequence": 7,
    "scenario_id": "scenario-231-spoofing_layering",
    "agent_id": "agent-spoofing_layering",
    "order_id": "scenario-231-spoofing_layering-agent-spoofing_layering-7",
    "action": "new",
    "side": "sell",
    "price": 65268.18167,
    "quantity": 0.5,
    "remaining_quantity": 0.5
  },
  {
    "event_id": "5486ded265b1fa8726b865fbdb79ef067d6500fde7251f4c164a1403afa76fa9",
    "schema_version": "1.0.0",
    "event_type": "agent_order",
    "source": "synthetic_agent",
    "symbol": "BTCUSDT",
    "exchange": "binance_usdm",
    "timestamp": "2024-05-01T00:00:00.400000Z",
    "sequence": 8,
    "scenario_id": "scenario-231-spoofing_layering",
    "agent_id": "agent-spoofing_layering",
    "order_id": "scenario-231-spoofing_layering-agent-spoofing_layering-8",
    "action": "new",
    "side": "sell",
    "price": 65268.83398,
    "quantity": 0.5,
    "remaining_quantity": 0.5
  },
  {
    "event_id": "c22403c861d1648cc683de239604e4338e79fdcb8b9a9d68e6407e9be8f6261b",
    "schema_version": "1.0.0",
    "event_type": "agent_order",
    "source": "synthetic_agent",
    "symbol": "BTCUSDT",
    "exchange": "binance_usdm",
    "timestamp": "2024-05-01T00:00:00.450000Z",
    "sequence": 9,
    "scenario_id": "scenario-231-spoofing_layering",
    "agent_id": "agent-spoofing_layering",
    "order_id": "scenario-231-spoofing_layering-agent-spoofing_layering-9",
    "action": "new",
    "side": "sell",
    "price": 65269.48628999999,
    "quantity": 0.5,
    "remaining_quantity": 0.5
  },
  {
    "event_id": "5614cf720347ca2d6e688da69080a11d3923400752b3aefdb448f704e5327c20",
    "schema_version": "1.0.0",
    "event_type": "agent_order",
    "source": "synthetic_agent",
    "symbol": "BTCUSDT",
    "exchange": "binance_usdm",
    "timestamp": "2024-05-01T00:00:00.500000Z",
    "sequence": 10,
    "scenario_id": "scenario-231-spoofing_layering",
    "agent_id": "agent-spoofing_layering",
    "order_id": "scenario-231-spoofing_layering-agent-spoofing_layering-10",
    "action": "new",
    "side": "sell",
    "price": 65270.1386,
    "quantity": 0.5,
    "remaining_quantity": 0.5
  },
  {
    "event_id": "12ca84ba286fa97907e7ecf03a32c179ddc2946c25cba091c265cfb80ca38607",
    "schema_version": "1.0.0",
    "event_type": "agent_order",
    "source": "synthetic_agent",
    "symbol": "BTCUSDT",
    "exchange": "binance_usdm",
    "timestamp": "2024-05-01T00:00:00.550000Z",
    "sequence": 11,
    "scenario_id": "scenario-231-spoofing_layering",
    "agent_id": "agent-spoofing_layering",
    "order_id": "scenario-231-spoofing_layering-agent-spoofing_layering-11",
    "action": "new",
    "side": "sell",
    "price": 65270.79091,
    "quantity": 0.5,
    "remaining_quantity": 0.5
  },
  {
    "event_id": "007ab2c76779a5ccd098d1b1f0b8282c3d7ff8aab751c46d4e440367d3f6de65",
    "schema_version": "1.0.0",
    "event_type": "agent_order",
    "source": "synthetic_agent",
    "symbol": "BTCUSDT",
    "exchange": "binance_usdm",
    "timestamp": "2024-05-01T00:00:00.600000Z",
    "sequence": 12,
    "scenario_id": "scenario-231-spoofing_layering",
    "agent_id": "agent-spoofing_layering",
    "order_id": "scenario-231-spoofing_layering-agent-spoofing_layering-12",
    "action": "new",
    "side": "sell",
    "price": 65271.44321999999,
    "quantity": 0.5,
    "remaining_quantity": 0.5
  },
  {
    "event_id": "74c0b059b26de4874659cc91498d25c6f4e5e82478ee556309b10a16f971d902",
    "schema_version": "1.0.0",
    "event_type": "agent_order",
    "source": "synthetic_agent",
    "symbol": "BTCUSDT",
    "exchange": "binance_usdm",
    "timestamp": "2024-05-01T00:00:00.650000Z",
    "sequence": 13,
    "scenario_id": "scenario-231-spoofing_layering",
    "agent_id": "agent-spoofing_layering",
    "order_id": "scenario-231-spoofing_layering-agent-spoofing_layering-13",
    "action": "new",
    "side": "sell",
    "price": 65272.09552999999,
    "quantity": 0.5,
    "remaining_quantity": 0.5
  },
  {
    "event_id": "7ebb0377f99a0d2c38e0129475a9b5c484a6dea8ef1ea8df3284d10dbcc8bdf0",
    "schema_version": "1.0.0",
    "event_type": "agent_order",
    "source": "synthetic_agent",
    "symbol": "BTCUSDT",
    "exchange": "binance_usdm",
    "timestamp": "2024-05-01T00:00:00.700000Z",
    "sequence": 14,
    "scenario_id": "scenario-231-spoofing_layering",
    "agent_id": "agent-spoofing_layering",
    "order_id": "scenario-231-spoofing_layering-agent-spoofing_layering-14",
    "action": "new",
    "side": "sell",
    "price": 65272.747839999996,
    "quantity": 0.5,
    "remaining_quantity": 0.5
  },
  {
    "event_id": "f4c6c5fcdc66bb6de260eaf98624050316ec998bb3d068ea2b8aa0ffd7280eab",
    "schema_version": "1.0.0",
    "event_type": "agent_order",
    "source": "synthetic_agent",
    "symbol": "BTCUSDT",
    "exchange": "binance_usdm",
    "timestamp": "2024-05-01T00:00:00.750000Z",
    "sequence": 15,
    "scenario_id": "scenario-231-spoofing_layering",
    "agent_id": "agent-spoofing_layering",
    "order_id": "scenario-231-spoofing_layering-agent-spoofing_layering-15",
    "action": "new",
    "side": "sell",
    "price": 65273.40015,
    "quantity": 0.5,
    "remaining_quantity": 0.5
  },
  {
    "event_id": "ac89209f1c4a98c3622dd3f192487102a3c4b4b3a24619c9d656a70b4a2040fb",
    "schema_version": "1.0.0",
    "event_type": "agent_order",
    "source": "synthetic_agent",
    "symbol": "BTCUSDT",
    "exchange": "binance_usdm",
    "timestamp": "2024-05-01T00:00:00.800000Z",
    "sequence": 16,
    "scenario_id": "scenario-231-spoofing_layering",
    "agent_id": "agent-spoofing_layering",
    "order_id": "scenario-231-spoofing_layering-agent-spoofing_layering-16",
    "action": "new",
    "side": "sell",
    "price": 65274.05245999999,
    "quantity": 0.5,
    "remaining_quantity": 0.5
  },
  {
    "event_id": "d9b06143f53cd96eaf6282b47bed1bb3d61b671cd5882f43b1b841e4c72dea16",
    "schema_version": "1.0.0",
    "event_type": "agent_order",
    "source": "synthetic_agent",
    "symbol": "BTCUSDT",
    "exchange": "binance_usdm",
    "timestamp": "2024-05-01T00:00:00.850000Z",
    "sequence": 17,
    "scenario_id": "scenario-231-spoofing_layering",
    "agent_id": "agent-spoofing_layering",
    "order_id": "scenario-231-spoofing_layering-agent-spoofing_layering-17",
    "action": "new",
    "side": "sell",
    "price": 65274.70477,
    "quantity": 0.5,
    "remaining_quantity": 0.5
  },
  {
    "event_id": "0a2b2b26401c96762cf7146918f1e2fad270ea456a0c0cde257133f31f334b69",
    "schema_version": "1.0.0",
    "event_type": "agent_order",
    "source": "synthetic_agent",
    "symbol": "BTCUSDT",
    "exchange": "binance_usdm",
    "timestamp": "2024-05-01T00:00:00.900000Z",
    "sequence": 18,
    "scenario_id": "scenario-231-spoofing_layering",
    "agent_id": "agent-spoofing_layering",
    "order_id": "scenario-231-spoofing_layering-agent-spoofing_layering-18",
    "action": "new",
    "side": "sell",
    "price": 65275.35708,
    "quantity": 0.5,
    "remaining_quantity": 0.5
  },
  {
    "event_id": "721432e62f453b02ce25d319eedb409b70315109be0cf2c5dddee1541c381e96",
    "schema_version": "1.0.0",
    "event_type": "agent_order",
    "source": "synthetic_agent",
    "symbol": "BTCUSDT",
    "exchange": "binance_usdm",
    "timestamp": "2024-05-01T00:00:00.950000Z",
    "sequence": 19,
    "scenario_id": "scenario-231-spoofing_layering",
    "agent_id": "agent-spoofing_layering",
    "order_id": "scenario-231-spoofing_layering-agent-spoofing_layering-19",
    "action": "new",
    "side": "sell",
    "price": 65276.00938999999,
    "quantity": 0.5,
    "remaining_quantity": 0.5
  },
  {
    "event_id": "e7ac3bf686afb0feecb4a53909d4e989753bb67a7a9fe077489f2285fabe76f6",
    "schema_version": "1.0.0",
    "event_type": "agent_order",
    "source": "synthetic_agent",
    "symbol": "BTCUSDT",
    "exchange": "binance_usdm",
    "timestamp": "2024-05-01T00:00:01Z",
    "sequence": 20,
    "scenario_id": "scenario-231-spoofing_layering",
    "agent_id": "agent-spoofing_layering",
    "order_id": "scenario-231-spoofing_layering-agent-spoofing_layering-20",
    "action": "new",
    "side": "sell",
    "price": 65276.6617,
    "quantity": 0.5,
    "remaining_quantity": 0.5
  },
  {
    "event_id": "241963771e9f92837720f3b2a16949f74884b5d38cf547c367bdcec4af693ee9",
    "schema_version": "1.0.0",
    "event_type": "agent_order",
    "source": "synthetic_agent",
    "symbol": "BTCUSDT",
    "exchange": "binance_usdm",
    "timestamp": "2024-05-01T00:00:01.050000Z",
    "sequence": 21,
    "scenario_id": "scenario-231-spoofing_layering",
    "agent_id": "agent-spoofing_layering",
    "order_id": "scenario-231-spoofing_layering-agent-spoofing_layering-21",
    "action": "new",
    "side": "sell",
    "price": 65277.31401,
    "quantity": 0.5,
    "remaining_quantity": 0.5
  },
  {
    "event_id": "2f4624f549e91b0197706478cb6e9ec7eb3e3c6aa1b8df04eaaa055637343182",
    "schema_version": "1.0.0",
    "event_type": "agent_order",
    "source": "synthetic_agent",
    "symbol": "BTCUSDT",
    "exchange": "binance_usdm",
    "timestamp": "2024-05-01T00:00:01.100000Z",
    "sequence": 22,
    "scenario_id": "scenario-231-spoofing_layering",
    "agent_id": "agent-spoofing_layering",
    "order_id": "scenario-231-spoofing_layering-agent-spoofing_layering-22",
    "action": "new",
    "side": "sell",
    "price": 65277.96632000001,
    "quantity": 0.5,
    "remaining_quantity": 0.5
  },
  {
    "event_id": "0c3cc053662a96f04148afdeb043b1014615aaaa241fb57b5f1cf49c9c312b00",
    "schema_version": "1.0.0",
    "event_type": "agent_order",
    "source": "synthetic_agent",
    "symbol": "BTCUSDT",
    "exchange": "binance_usdm",
    "timestamp": "2024-05-01T00:00:01.150000Z",
    "sequence": 23,
    "scenario_id": "scenario-231-spoofing_layering",
    "agent_id": "agent-spoofing_layering",
    "order_id": "scenario-231-spoofing_layering-agent-spoofing_layering-23",
    "action": "new",
    "side": "sell",
    "price": 65278.61862999999,
    "quantity": 0.5,
    "remaining_quantity": 0.5
  },
  {
    "event_id": "9c364ffde4f81b1e4f7d10d1ccb5fc02bc78cb9449d55601bc13ab2f6b5617eb",
    "schema_version": "1.0.0",
    "event_type": "agent_order",
    "source": "synthetic_agent",
    "symbol": "BTCUSDT",
    "exchange": "binance_usdm",
    "timestamp": "2024-05-01T00:00:01.200000Z",
    "sequence": 24,
    "scenario_id": "scenario-231-spoofing_layering",
    "agent_id": "agent-spoofing_layering",
    "order_id": "scenario-231-spoofing_layering-agent-spoofing_layering-24",
    "action": "new",
    "side": "sell",
    "price": 65279.270939999995,
    "quantity": 0.5,
    "remaining_quantity": 0.5
  },
  {
    "event_id": "5b9d8be35a0b68d2cf17f42b335899b0fc4b6c3d0152c164e190c0298524b9b2",
    "schema_version": "1.0.0",
    "event_type": "agent_order",
    "source": "synthetic_agent",
    "symbol": "BTCUSDT",
    "exchange": "binance_usdm",
    "timestamp": "2024-05-01T00:00:01.250000Z",
    "sequence": 25,
    "scenario_id": "scenario-231-spoofing_layering",
    "agent_id": "agent-spoofing_layering",
    "order_id": "scenario-231-spoofing_layering-agent-spoofing_layering-25",
    "action": "new",
    "side": "sell",
    "price": 65279.92325,
    "quantity": 0.5,
    "remaining_quantity": 0.5
  },
  {
    "event_id": "6f2572cd088e8b44297a3fa2d0ca2fcffce762d4cbe63e4af0f3ef73b9556108",
    "schema_version": "1.0.0",
    "event_type": "agent_order",
    "source": "synthetic_agent",
    "symbol": "BTCUSDT",
    "exchange": "binance_usdm",
    "timestamp": "2024-05-01T00:00:01.300000Z",
    "sequence": 26,
    "scenario_id": "scenario-231-spoofing_layering",
    "agent_id": "agent-spoofing_layering",
    "order_id": "scenario-231-spoofing_layering-agent-spoofing_layering-26",
    "action": "new",
    "side": "sell",
    "price": 65280.57555999999,
    "quantity": 0.5,
    "remaining_quantity": 0.5
  },
  {
    "event_id": "4a5339da0b293ee54c689a737c270af85a8e29a16d523b18e6f58a4455588aa1",
    "schema_version": "1.0.0",
    "event_type": "agent_order",
    "source": "synthetic_agent",
    "symbol": "BTCUSDT",
    "exchange": "binance_usdm",
    "timestamp": "2024-05-01T00:00:01.350000Z",
    "sequence": 27,
    "scenario_id": "scenario-231-spoofing_layering",
    "agent_id": "agent-spoofing_layering",
    "order_id": "scenario-231-spoofing_layering-agent-spoofing_layering-27",
    "action": "new",
    "side": "sell",
    "price": 65281.227869999995,
    "quantity": 0.5,
    "remaining_quantity": 0.5
  },
  {
    "event_id": "24eb28550dfe02a8d2738d549f1fea0e116f8df17dd2fe53ae93525857fa17fe",
    "schema_version": "1.0.0",
    "event_type": "agent_order",
    "source": "synthetic_agent",
    "symbol": "BTCUSDT",
    "exchange": "binance_usdm",
    "timestamp": "2024-05-01T00:00:01.400000Z",
    "sequence": 28,
    "scenario_id": "scenario-231-spoofing_layering",
    "agent_id": "agent-spoofing_layering",
    "order_id": "scenario-231-spoofing_layering-agent-spoofing_layering-28",
    "action": "new",
    "side": "sell",
    "price": 65281.88018,
    "quantity": 0.5,
    "remaining_quantity": 0.5
  },
  {
    "event_id": "8c6f9743b0c24f7e9dc87276fbe294ff8f3a69ce57bc870c963599660d9d4819",
    "schema_version": "1.0.0",
    "event_type": "agent_order",
    "source": "synthetic_agent",
    "symbol": "BTCUSDT",
    "exchange": "binance_usdm",
    "timestamp": "2024-05-01T00:00:01.450000Z",
    "sequence": 29,
    "scenario_id": "scenario-231-spoofing_layering",
    "agent_id": "agent-spoofing_layering",
    "order_id": "scenario-231-spoofing_layering-agent-spoofing_layering-29",
    "action": "new",
    "side": "sell",
    "price": 65282.53248999999,
    "quantity": 0.5,
    "remaining_quantity": 0.5
  }
]