[
  {
    "event_id": "8641732512e65310f8bf789d273040d9e22734a376f130265b30daeb85964ec1",
    "schema_version": "1.0.0",
    "event_type": "agent_order",
    "source": "synthetic_agent",
    "symbol": "BTCUSDT",
    "exchange": "binance_usdm",
    "timestamp": "2024-05-01T00:00:00Z",
    "sequence": 0,
    "scenario_id": "scenario-004-quote_stuffing",
    "agent_id": "agent-quote_stuffing",
    "order_id": "scenario-004-quote_stuffing-agent-quote_stuffing-0",
    "action": "new",
    "side": "buy",
    "price": 64997.4996,
    "quantity": 0.001,
    "remaining_quantity": 0.001
  },
  {
    "event_id": "696b32c280e47af3a592d3f7701d136dd01db477b7c42f23c601b1feaeeb9094",
    "schema_version": "1.0.0",
    "event_type": "agent_order",
    "source": "synthetic_agent",
    "symbol": "BTCUSDT",
    "exchange": "binance_usdm",
    "timestamp": "2024-05-01T00:00:00.005000Z",
    "sequence": 1,
    "scenario_id": "scenario-004-quote_stuffing",
    "agent_id": "agent-quote_stuffing",
    "order_id": "scenario-004-quote_stuffing-agent-quote_stuffing-1",
    "action": "new",
    "side": "sell",
    "price": 65010.5004,
    "quantity": 0.001,
    "remaining_quantity": 0.001
  },
  {
    "event_id": "339566e6a6301c7b8b11268949072e92fe900d4ea399cb1fed11656b419d8c97",
    "schema_version": "1.0.0",
    "event_type": "agent_order",
    "source": "synthetic_agent",
    "symbol": "BTCUSDT",
    "exchange": "binance_usdm",
    "timestamp": "2024-05-01T00:00:00.010000Z",
    "sequence": 2,
    "scenario_id": "scenario-004-quote_stuffing",
    "agent_id": "agent-quote_stuffing",
    "order_id": "scenario-004-quote_stuffing-agent-quote_stuffing-2",
    "action": "new",
    "side": "buy",
    "price": 64997.4996,
    "quantity": 0.001,
    "remaining_quantity": 0.001
  },
  {
    "event_id": "af57ad8fb4b5ee7ab32e6681d158b38c729a32a1bb58401786a034a0481bf74e",
    "schema_version": "1.0.0",
    "event_type": "agent_order",
    "source": "synthetic_agent",
    "symbol": "BTCUSDT",
    "exchange": "binance_usdm",
    "timestamp": "2024-05-01T00:00:00.015000Z",
    "sequence": 3,
    "scenario_id": "scenario-004-quote_stuffing",
    "agent_id": "agent-quote_stuffing",
    "order_id": "scenario-004-quote_stuffing-agent-quote_stuffing-3",
    "action": "new",
    "side": "sell",
    "price": 65010.5004,
    "quantity": 0.001,
    "remaining_quantity": 0.001
  },
  {
    "event_id": "a2a902d372a3061e53626f7cdabf030e4b553749a763ecfeda83da3de13e3e73",
    "schema_version": "1.0.0",
    "event_type": "agent_order",
    "source": "synthetic_agent",
    "symbol": "BTCUSDT",
    "exchange": "binance_usdm",
    "timestamp": "2024-05-01T00:00:00.020000Z",
    "sequence": 4,
    "scenario_id": "scenario-004-quote_stuffing",
    "agent_id": "agent-quote_stuffing",
    "order_id": "scenario-004-quote_stuffing-agent-quote_stuffing-4",
    "action": "new",
    "side": "buy",
    "price": 64997.4996,
    "quantity": 0.001,
    "remaining_quantity": 0.001
  },
  {
    "event_id": "28e33d7ecbe9f4f73209d4637b69da2790ae51e1e1beab5ba8f55e7169148c8a",
    "schema_version": "1.0.0",
    "event_type": "agent_order",
    "source": "synthetic_agent",
    "symbol": "BTCUSDT",
    "exchange": "binance_usdm",
    "timestamp": "2024-05-01T00:00:00.025000Z",
    "sequence": 5,
    "scenario_id": "scenario-004-quote_stuffing",
    "agent_id": "agent-quote_stuffing",
    "order_id": "scenario-004-quote_stuffing-agent-quote_stuffing-5",
    "action": "new",
    "side": "sell",
    "price": 65010.5004,
    "quantity": 0.001,
    "remaining_quantity": 0.001
  },
  {
    "event_id": "aab1955b686bf3a71a490512563dfda651a2a12c9d0207da776ae661d6d83614",
    "schema_version": "1.0.0",
    "event_type": "agent_order",
    "source": "synthetic_agent",
    "symbol": "BTCUSDT",
    "exchange": "binance_usdm",
    "timestamp": "2024-05-01T00:00:00.030000Z",
    "sequence": 6,
    "scenario_id": "scenario-004-quote_stuffing",
    "agent_id": "agent-quote_stuffing",
    "order_id": "scenario-004-quote_stuffing-agent-quote_stuffing-6",
    "action": "new",
    "side": "buy",
    "price": 64997.4996,
    "quantity": 0.001,
    "remaining_quantity": 0.001
  },
  {
    "event_id": "a2cad0bf6b91c1a97e08e52a77287232c9a126f2aff1f075ad868929e207e955",
    "schema_version": "1.0.0",
    "event_type": "agent_order",
    "source": "synthetic_agent",
    "symbol": "BTCUSDT",
    "exchange": "binance_usdm",
    "timestamp": "2024-05-01T00:00:00.035000Z",
    "sequence": 7,
    "scenario_id": "scenario-004-quote_stuffing",
    "agent_id": "agent-quote_stuffing",
    "order_id": "scenario-004-quote_stuffing-agent-quote_stuffing-7",
    "action": "new",
    "side": "sell",
    "price": 65010.5004,
    "quantity": 0.001,
    "remaining_quantity": 0.001
  },
  {
    "event_id": "84470a11333d4ba89aba7cbc666bc1b405798c0dfe2f6ed26ae27e6cae3d0435",
    "schema_version": "1.0.0",
    "event_type": "agent_order",
    "source": "synthetic_agent",
    "symbol": "BTCUSDT",
    "exchange": "binance_usdm",
    "timestamp": "2024-05-01T00:00:00.040000Z",
    "sequence": 8,
    "scenario_id": "scenario-004-quote_stuffing",
    "agent_id": "agent-quote_stuffing",
    "order_id": "scenario-004-quote_stuffing-agent-quote_stuffing-8",
    "action": "new",
    "side": "buy",
    "price": 64997.4996,
    "quantity": 0.001,
    "remaining_quantity": 0.001
  },
  {
    "event_id": "f2c06d2fa8fe316041853d88d059b7f1d9aac2ff1a70731643d5ae77f6a28340",
    "schema_version": "1.0.0",
    "event_type": "agent_order",
    "source": "synthetic_agent",
    "symbol": "BTCUSDT",
    "exchange": "binance_usdm",
    "timestamp": "2024-05-01T00:00:00.045000Z",
    "sequence": 9,
    "scenario_id": "scenario-004-quote_stuffing",
    "agent_id": "agent-quote_stuffing",
    "order_id": "scenario-004-quote_stuffing-agent-quote_stuffing-9",
    "action": "new",
    "side": "sell",
    "price": 65010.5004,
    "quantity": 0.001,
    "remaining_quantity": 0.001
  },
  {
    "event_id": "6b9a912d71b9e0cade5c0046073118ebd499c33c043bb5f3e07aa662666d9f01",
    "schema_version": "1.0.0",
    "event_type": "agent_order",
    "source": "synthetic_agent",
    "symbol": "BTCUSDT",
    "exchange": "binance_usdm",
    "timestamp": "2024-05-01T00:00:00.050000Z",
    "sequence": 10,
    "scenario_id": "scenario-004-quote_stuffing",
    "agent_id": "agent-quote_stuffing",
    "order_id": "scenario-004-quote_stuffing-agent-quote_stuffing-10",
    "action": "new",
    "side": "buy",
    "price": 64997.4996,
    "quantity": 0.001,
    "remaining_quantity": 0.001
  },
  {
    "event_id": "2f2906eb7a5b757c4cb5093f78cc19edfd7a7104757f908e59fbbd30a261f0ba",
    "schema_version": "1.0.0",
    "event_type": "agent_order",
    "source": "synthetic_agent",
    "symbol": "BTCUSDT",
    "exchange": "binance_usdm",
    "timestamp": "2024-05-01T00:00:00.055000Z",
    "sequence": 11,
    "scenario_id": "scenario-004-quote_stuffing",
    "agent_id": "agent-quote_stuffing",
    "order_id": "scenario-004-quote_stuffing-agent-quote_stuffing-11",
    "action": "new",
    "side": "sell",
    "price": 65010.5004,
    "quantity": 0.001,
    "remaining_quantity": 0.001
  },
  {
    "event_id": "9780046362d38551b7a81554ac139bbdf3a335ae4f131269533ac70d903ba08e",
    "schema_version": "1.0.0",
    "event_type": "agent_order",
    "source": "synthetic_agent",
    "symbol": "BTCUSDT",
    "exchange": "binance_usdm",
    "timestamp": "2024-05-01T00:00:00.060000Z",
    "sequence": 12,
    "scenario_id": "scenario-004-quote_stuffing",
    "agent_id": "agent-quote_stuffing",
    "order_id": "scenario-004-quote_stuffing-agent-quote_stuffing-12",
    "action": "new",
    "side": "buy",
    "price": 64997.4996,
    "quantity": 0.001,
    "remaining_quantity": 0.001
  },
  {
    "event_id": "1ff1857fdf37c5692c2a3bd748c90c536772bd2742fc69da84a6a69c8c43c177",
    "schema_version": "1.0.0",
    "event_type": "agent_order",
    "source": "synthetic_agent",
    "symbol": "BTCUSDT",
    "exchange": "binance_usdm",
    "timestamp": "2024-05-01T00:00:00.065000Z",
    "sequence": 13,
    "scenario_id": "scenario-004-quote_stuffing",
    "agent_id": "agent-quote_stuffing",
    "order_id": "scenario-004-quote_stuffing-agent-quote_stuffing-13",
    "action": "new",
    "side": "sell",
    "price": 65010.5004,
    "quantity": 0.001,
    "remaining_quantity": 0.001
  },
  {
    "event_id": "7f8b1f6334c24fd1be9f0ed2fc974552a685996377df22ce984def1c3d72314e",
    "schema_version": "1.0.0",
    "event_type": "agent_order",
    "source": "synthetic_agent",
    "symbol": "BTCUSDT",
    "exchange": "binance_usdm",
    "timestamp": "2024-05-01T00:00:00.070000Z",
    "sequence": 14,
    "scenario_id": "scenario-004-quote_stuffing",
    "agent_id": "agent-quote_stuffing",
    "order_id": "scenario-004-quote_stuffing-agent-quote_stuffing-14",
    "action": "new",
    "side": "buy",
    "price": 64997.4996,
    "quantity": 0.001,
    "remaining_quantity": 0.001
  },
  {
    "event_id": "2dfee5f766f84f6a5d1fb4f50a62e67c45cce888a365c5b38e0861e39bcb940f",
    "schema_version": "1.0.0",
    "event_type": "agent_order",
    "source": "synthetic_agent",
    "symbol": "BTCUSDT",
    "exchange": "binance_usdm",
    "timestamp": "2024-05-01T00:00:00.075000Z",
    "sequence": 15,
    "scenario_id": "scenario-004-quote_stuffing",
    "agent_id": "agent-quote_stuffing",
    "order_id": "scenario-004-quote_stuffing-agent-quote_stuffing-15",
    "action": "new",
    "side": "sell",
    "price": 65010.5004,
    "quantity": 0.001,
    "remaining_quantity": 0.001
  },
  {
    "event_id": "9dde95192e2c39a9840d710ab0f8b84c9282b89d23e00369731cc23af7de8a56",
    "schema_version": "1.0.0",
    "event_type": "agent_order",
    "source": "synthetic_agent",
    "symbol": "BTCUSDT",
    "exchange": "binance_usdm",
    "timestamp": "2024-05-01T00:00:00.080000Z",
    "sequence": 16,
    "scenario_id": "scenario-004-quote_stuffing",
    "agent_id": "agent-quote_stuffing",
    "order_id": "scenario-004-quote_stuffing-agent-quote_stuffing-16",
    "action": "new",
    "side": "buy",
    "price": 64997.4996,
    "quantity": 0.001,
    "remaining_quantity": 0.001
  },
  {
    "event_id": "97b2ac5fc9e9d7ee2c96a747e35cf3a68de00ed25b8ab652820d682a6c74a1b5",
    "schema_version": "1.0.0",
    "event_type": "agent_order",
    "source": "synthetic_agent",
    "symbol": "BTCUSDT",
    "exchange": "binance_usdm",
    "timestamp": "2024-05-01T00:00:00.085000Z",
    "sequence": 17,
    "scenario_id": "scenario-004-quote_stuffing",
    "agent_id": "agent-quote_stuffing",
    "order_id": "scenario-004-quote_stuffing-agent-quote_stuffing-17",
    "action": "new",
    "side": "sell",
    "price": 65010.5004,
    "quantity": 0.001,
    "remaining_quantity": 0.001
  },
  {
    "event_id": "65e2851a686c7116cd1706dfa04b72f29aa3a0878ce56dca17e3448537c0c628",
    "schema_version": "1.0.0",
    "event_type": "agent_order",
    "source": "synthetic_agent",
    "symbol": "BTCUSDT",
    "exchange": "binance_usdm",
    "timestamp": "2024-05-01T00:00:00.090000Z",
    "sequence": 18,
    "scenario_id": "scenario-004-quote_stuffing",
    "agent_id": "agent-quote_stuffing",
    "order_id": "scenario-004-quote_stuffing-agent-quote_stuffing-18",
    "action": "new",
    "side": "buy",
    "price": 64997.4996,
    "quantity": 0.001,
    "remaining_quantity": 0.001
  },
  {
    "event_id": "3c6bdb0bc94f85079f4ca91f2d7cc14b457c1cad0857b25288645d442b104aa7",
    "schema_version": "1.0.0",
    "event_type": "agent_order",
    "source": "synthetic_agent",
    "symbol": "BTCUSDT",
    "exchange": "binance_usdm",
    "timestamp": "2024-05-01T00:00:00.095000Z",
    "sequence": 19,
    "scenario_id": "scenario-004-quote_stuffing",
    "agent_id": "agent-quote_stuffing",
    "order_id": "scenario-004-quote_stuffing-agent-quote_stuffing-19",
    "action": "new",
    "side": "sell",
    "price": 65010.5004,
    "quantity": 0.001,
    "remaining_quantity": 0.001
  },
  {
    "event_id": "6a7f4f0e7ad0d42146c13236cb5e32e4ad44c3af50c0382e079054ebcf67a6e8",
    "schema_version": "1.0.0",
    "event_type": "agent_order",
    "source": "synthetic_agent",
    "symbol": "BTCUSDT",
    "exchange": "binance_usdm",
    "timestamp": "2024-05-01T00:00:00.100000Z",
    "sequence": 20,
    "scenario_id": "scenario-004-quote_stuffing",
    "agent_id": "agent-quote_stuffing",
    "order_id": "scenario-004-quote_stuffing-agent-quote_stuffing-20",
    "action": "new",
    "side": "buy",
    "price": 64997.4996,
    "quantity": 0.001,
    "remaining_quantity": 0.001
  },
  {
    "event_id": "627fd456928a88ab0465fc0da2a5b4b2a8f7ad8235801a04567506c51ca4b212",
    "schema_version": "1.0.0",
    "event_type": "agent_order",
    "source": "synthetic_agent",
    "symbol": "BTCUSDT",
    "exchange": "binance_usdm",
    "timestamp": "2024-05-01T00:00:00.105000Z",
    "sequence": 21,
    "scenario_id": "scenario-004-quote_stuffing",
    "agent_id": "agent-quote_stuffing",
    "order_id": "scenario-004-quote_stuffing-agent-quote_stuffing-21",
    "action": "new",
    "side": "sell",
    "price": 65010.5004,
    "quantity": 0.001,
    "remaining_quantity": 0.001
  },
  {
    "event_id": "9a82d5ebff4bbd387c5d25c85b604dce5123987e827c200848c35437f98454ac",
    "schema_version": "1.0.0",
    "event_type": "agent_order",
    "source": "synthetic_agent",
    "symbol": "BTCUSDT",
    "exchange": "binance_usdm",
    "timestamp": "2024-05-01T00:00:00.110000Z",
    "sequence": 22,
    "scenario_id": "scenario-004-quote_stuffing",
    "agent_id": "agent-quote_stuffing",
    "order_id": "scenario-004-quote_stuffing-agent-quote_stuffing-22",
    "action": "new",
    "side": "buy",
    "price": 64997.4996,
    "quantity": 0.001,
    "remaining_quantity": 0.001
  },
  {
    "event_id": "f1941b8453f36229cd56bdc11bc0cfd3dad0c8454b3e5722dd544c41e8a8d188",
    "schema_version": "1.0.0",
    "event_type": "agent_order",
    "source": "synthetic_agent",
    "symbol": "BTCUSDT",
    "exchange": "binance_usdm",
    "timestamp": "2024-05-01T00:00:00.115000Z",
    "sequence": 23,
    "scenario_id": "scenario-004-quote_stuffing",
    "agent_id": "agent-quote_stuffing",
    "order_id": "scenario-004-quote_stuffing-agent-quote_stuffing-23",
    "action": "new",
    "side": "sell",
    "price": 65010.5004,
    "quantity": 0.001,
    "remaining_quantity": 0.001
  },
  {
    "event_id": "6aebc28fa7c70813110affeca82738364fbee8ef93a696f35f9a3cdb40c7021c",
    "schema_version": "1.0.0",
    "event_type": "agent_order",
    "source": "synthetic_agent",
    "symbol": "BTCUSDT",
    "exchange": "binance_usdm",
    "timestamp": "2024-05-01T00:00:00.120000Z",
    "sequence": 24,
    "scenario_id": "scenario-004-quote_stuffing",
    "agent_id": "agent-quote_stuffing",
    "order_id": "scenario-004-quote_stuffing-agent-quote_stuffing-24",
    "action": "new",
    "side": "buy",
    "price": 64997.4996,
    "quantity": 0.001,
    "remaining_quantity": 0.001
  },
  {
    "event_id": "5ef363ece8cc92b7dfe23b6e4ddbffbaf3eb68285579f90847988f2811d7b7d9",
    "schema_version": "1.0.0",
    "event_type": "agent_order",
    "source": "synthetic_agent",
    "symbol": "BTCUSDT",
    "exchange": "binance_usdm",
    "timestamp": "2024-05-01T00:00:00.125000Z",
    "sequence": 25,
    "scenario_id": "scenario-004-quote_stuffing",
    "agent_id": "agent-quote_stuffing",
    "order_id": "scenario-004-quote_stuffing-agent-quote_stuffing-25",
    "action": "new",
    "side": "sell",
    "price": 65010.5004,
    "quantity": 0.001,
    "remaining_quantity": 0.001
  },
  {
    "event_id": "b111c29cd84c0609e6867e59c0c79f27219b6632307e8f0ee1656f6414c7c390",
    "schema_version": "1.0.0",
    "event_type": "agent_order",
    "source": "synthetic_agent",
    "symbol": "BTCUSDT",
    "exchange": "binance_usdm",
    "timestamp": "2024-05-01T00:00:00.130000Z",
    "sequence": 26,
    "scenario_id": "scenario-004-quote_stuffing",
    "agent_id": "agent-quote_stuffing",
    "order_id": "scenario-004-quote_stuffing-agent-quote_stuffing-26",
    "action": "new",
    "side": "buy",
    "price": 64997.4996,
    "quantity": 0.001,
    "remaining_quantity": 0.001
  },
  {
    "event_id": "5ab461ddb0ed93f459bcdaddcf95fe212611e2a4ef7e4914a1a121e5fb6b404c",
    "schema_version": "1.0.0",
    "event_type": "agent_order",
    "source": "synthetic_agent",
    "symbol": "BTCUSDT",
    "exchange": "binance_usdm",
    "timestamp": "2024-05-01T00:00:00.135000Z",
    "sequence": 27,
    "scenario_id": "scenario-004-quote_stuffing",
    "agent_id": "agent-quote_stuffing",
    "order_id": "scenario-004-quote_stuffing-agent-quote_stuffing-27",
    "action": "new",
    "side": "sell",
    "price": 65010.5004,
    "quantity": 0.001,
    "remaining_quantity": 0.001
  },
  {
    "event_id": "678f4df8bf0859b0251d92e02b0ea1bda77cbf615efa8ff3ba566403632b44e3",
    "schema_version": "1.0.0",
    "event_type": "agent_order",
    "source": "synthetic_agent",
    "symbol": "BTCUSDT",
    "exchange": "binance_usdm",
    "timestamp": "2024-05-01T00:00:00.140000Z",
    "sequence": 28,
    "scenario_id": "scenario-004-quote_stuffing",
    "agent_id": "agent-quote_stuffing",
    "order_id": "scenario-004-quote_stuffing-agent-quote_stuffing-28",
    "action": "new",
    "side": "buy",
    "price": 64997.4996,
    "quantity": 0.001,
    "remaining_quantity": 0.001
  },
  {
    "event_id": "bdca031805ce0f2fa80954600e661e298be3628b0ba1f76a27c73cf69af6af57",
    "schema_version": "1.0.0",
    "event_type": "agent_order",
    "source": "synthetic_agent",
    "symbol": "BTCUSDT",
    "exchange": "binance_usdm",
    "timestamp": "2024-05-01T00:00:00.145000Z",
    "sequence": 29,
    "scenario_id": "scenario-004-quote_stuffing",
    "agent_id": "agent-quote_stuffing",
    "order_id": "scenario-004-quote_stuffing-agent-quote_stuffing-29",
    "action": "new",
    "side": "sell",
    "price": 65010.5004,
    "quantity": 0.001,
    "remaining_quantity": 0.001
  }
]