[
  {
    "event_id": "a65b63d68146932407c10e142c3c89f372c1347522e4d7e1f5f7e0f1e6509c28",
    "schema_version": "1.0.0",
    "event_type": "agent_order",
    "source": "synthetic_agent",
    "symbol": "BTCUSDT",
    "exchange": "binance_usdm",
    "timestamp": "2024-05-01T00:00:00Z",
    "sequence": 0,
    "scenario_id": "scenario-578-inventory_rebalancer",
    "agent_id": "agent-inventory_rebalancer",
    "order_id": "scenario-578-inventory_rebalancer-agent-inventory_rebalancer-0",
    "action": "new",
    "side": "sell",
    "price": 65578.0,
    "quantity": 0.004,
    "remaining_quantity": 0.004
  },
  {
    "event_id": "a336c6ec8add70243fdbb8e8712907630b518fb8c6eea1525ed65ebfc910f65a",
    "schema_version": "1.0.0",
    "event_type": "agent_order",
    "source": "synthetic_agent",
    "symbol": "BTCUSDT",
    "exchange": "binance_usdm",
    "timestamp": "2024-05-01T00:00:00.750000Z",
    "sequence": 1,
    "scenario_id": "scenario-578-inventory_rebalancer",
    "agent_id": "agent-inventory_rebalancer",
    "order_id": "scenario-578-inventory_rebalancer-agent-inventory_rebalancer-1",
    "action": "new",
    "side": "buy",
    "price": 65578.0,
    "quantity": 0.004,
    "remaining_quantity": 0.004
  },
  {
    "event_id": "335c294d9443d725de652d2a5c2360981e3f65c645b2d2680211866feddedc2e",
    "schema_version": "1.0.0",
    "event_type": "agent_order",
    "source": "synthetic_agent",
    "symbol": "BTCUSDT",
    "exchange": "binance_usdm",
    "timestamp": "2024-05-01T00:00:01.500000Z",
    "sequence": 2,
    "scenario_id": "scenario-578-inventory_rebalancer",
    "agent_id": "agent-inventory_rebalancer",
    "order_id": "scenario-578-inventory_rebalancer-agent-inventory_rebalancer-2",
    "action": "new",
    "side": "buy",
    "price": 65578.0,
    "quantity": 0.004,
    "remaining_quantity": 0.004
  },
  {
    "event_id": "769682cf7c2dd1ea6d157048932720068ee7e2ea94426a8c3d56d5ef68c14f7c",
    "schema_version": "1.0.0",
    "event_type": "agent_order",
    "source": "synthetic_agent",
    "symbol": "BTCUSDT",
    "exchange": "binance_usdm",
    "timestamp": "2024-05-01T00:00:02.250000Z",
    "sequence": 3,
    "scenario_id": "scenario-578-inventory_rebalancer",
    "agent_id": "agent-inventory_rebalancer",
    "order_id": "scenario-578-inventory_rebalancer-agent-inventory_rebalancer-3",
    "action": "new",
    "side": "sell",
    "price": 65578.0,
    "quantity": 0.004,
    "remaining_quantity": 0.004
  },
  {
    "event_id": "cfd7c6691752ea846c8dd88f8ad24af61bdfb30cea55dd56a48bdfdeef0c0d9c",
    "schema_version": "1.0.0",
    "event_type": "agent_order",
    "source": "synthetic_agent",
    "symbol": "BTCUSDT",
    "exchange": "binance_usdm",
    "timestamp": "2024-05-01T00:00:03Z",
    "sequence": 4,
    "scenario_id": "scenario-578-inventory_rebalancer",
    "agent_id": "agent-inventory_rebalancer",
    "order_id": "scenario-578-inventory_rebalancer-agent-inventory_rebalancer-4",
    "action": "new",
    "side": "buy",
    "price": 65578.0,
    "quantity": 0.004,
    "remaining_quantity": 0.004
  },
  {
    "event_id": "913a27008036709d45154e43ec01ba7fe95dbac73982250db1d33ab1be126e06",
    "schema_version": "1.0.0",
    "event_type": "agent_order",
    "source": "synthetic_agent",
    "symbol": "BTCUSDT",
    "exchange": "binance_usdm",
    "timestamp": "2024-05-01T00:00:03.750000Z",
    "sequence": 5,
    "scenario_id": "scenario-578-inventory_rebalancer",
    "agent_id": "agent-inventory_rebalancer",
    "order_id": "scenario-578-inventory_rebalancer-agent-inventory_rebalancer-5",
    "action": "new",
    "side": "buy",
    "price": 65578.0,
    "quantity": 0.004,
    "remaining_quantity": 0.004
  },
  {
    "event_id": "625683da284b8f653159fc90a89511bb097576c04144a54fcc192b313d07a8d6",
    "schema_version": "1.0.0",
    "event_type": "agent_order",
    "source": "synthetic_agent",
    "symbol": "BTCUSDT",
    "exchange": "binance_usdm",
    "timestamp": "2024-05-01T00:00:04.500000Z",
    "sequence": 6,
    "scenario_id": "scenario-578-inventory_rebalancer",
    "agent_id": "agent-inventory_rebalancer",
    "order_id": "scenario-578-inventory_rebalancer-agent-inventory_rebalancer-6",
    "action": "new",
    "side": "sell",
    "price": 65578.0,
    "quantity": 0.004,
    "remaining_quantity": 0.004
  },
  {
    "event_id": "2918fa8a91dc5eaaed9cfb39e716371bc862f301703756653a4342a5ad20e73b",
    "schema_version": "1.0.0",
    "event_type": "agent_order",
    "source": "synthetic_agent",
    "symbol": "BTCUSDT",
    "exchange": "binance_usdm",
    "timestamp": "2024-05-01T00:00:05.250000Z",
    "sequence": 7,
    "scenario_id": "scenario-578-inventory_rebalancer",
    "agent_id": "agent-inventory_rebalancer",
    "order_id": "scenario-578-inventory_rebalancer-agent-inventory_rebalancer-7",
    "action": "new",
    "side": "buy",
    "price": 65578.0,
    "quantity": 0.004,
    "remaining_quantity": 0.004
  },
  {
    "event_id": "92d0f8685b7f79a2317161dca9485f2ffebc7f4d8cd52b68891a43a27d332129",
    "schema_version": "1.0.0",
    "event_type": "agent_order",
    "source": "synthetic_agent",
    "symbol": "BTCUSDT",
    "exchange": "binance_usdm",
    "timestamp": "2024-05-01T00:00:06Z",
    "sequence": 8,
    "scenario_id": "scenario-578-inventory_rebalancer",
    "agent_id": "agent-inventory_rebalancer",
    "order_id": "scenario-578-inventory_rebalancer-agent-inventory_rebalancer-8",
    "action": "new",
    "side": "buy",
    "price": 65578.0,
    "quantity": 0.004,
    "remaining_quantity": 0.004
  },
  {
    "event_id": "86c1fb29ccf2d151d2d76b87f9e687dfef7b495d0b613f707388e6b3fac13998",
    "schema_version": "1.0.0",
    "event_type": "agent_order",
    "source": "synthetic_agent",
    "symbol": "BTCUSDT",
    "exchange": "binance_usdm",
    "timestamp": "2024-05-01T00:00:06.750000Z",
    "sequence": 9,
    "scenario_id": "scenario-578-inventory_rebalancer",
    "agent_id": "agent-inventory_rebalancer",
    "order_id": "scenario-578-inventory_rebalancer-agent-inventory_rebalancer-9",
    "action": "new",
    "side": "sell",
    "price": 65578.0,
    "quantity": 0.004,
    "remaining_quantity": 0.004
  },
  {
    "event_id": "49f1d2caceb49fbe769b1859cdca2aecd635a5db66da4e48e30168d074f4befd",
    "schema_version": "1.0.0",
    "event_type": "agent_order",
    "source": "synthetic_agent",
    "symbol": "BTCUSDT",
    "exchange": "binance_usdm",
    "timestamp": "2024-05-01T00:00:07.500000Z",
    "sequence": 10,
    "scenario_id": "scenario-578-inventory_rebalancer",
    "agent_id": "agent-inventory_rebalancer",
    "order_id": "scenario-578-inventory_rebalancer-agent-inventory_rebalancer-10",
    "action": "new",
    "side": "buy",
    "price": 65578.0,
    "quantity": 0.004,
    "remaining_quantity": 0.004
  },
  {
    "event_id": "283723b192c02713ec093fbff87d26c3feca0dec2a7eb299f21fe9744f9657fb",
    "schema_version": "1.0.0",
    "event_type": "agent_order",
    "source": "synthetic_agent",
    "symbol": "BTCUSDT",
    "exchange": "binance_usdm",
    "timestamp": "2024-05-01T00:00:08.250000Z",
    "sequence": 11,
    "scenario_id": "scenario-578-inventory_rebalancer",
    "agent_id": "agent-inventory_rebalancer",
    "order_id": "scenario-578-inventory_rebalancer-agent-inventory_rebalancer-11",
    "action": "new",
    "side": "buy",
    "price": 65578.0,
    "quantity": 0.004,
    "remaining_quantity": 0.004
  },
  {
    "event_id": "43fbfac866b64d5b1d1e6e99e8631371c5f1306127f44b0e897a863060b9bc6d",
    "schema_version": "1.0.0",
    "event_type": "agent_order",
    "source": "synthetic_agent",
    "symbol": "BTCUSDT",
    "exchange": "binance_usdm",
    "timestamp": "2024-05-01T00:00:09Z",
    "sequence": 12,
    "scenario_id": "scenario-578-inventory_rebalancer",
    "agent_id": "agent-inventory_rebalancer",
    "order_id": "scenario-578-inventory_rebalancer-agent-inventory_rebalancer-12",
    "action": "new",
    "side": "sell",
    "price": 65578.0,
    "quantity": 0.004,
    "remaining_quantity": 0.004
  },
  {
    "event_id": "c2f228ecf41c31d2c4f9555bcccb8f66e2b462439d68a01f9059cdbf0f24bfa8",
    "schema_version": "1.0.0",
    "event_type": "agent_order",
    "source": "synthetic_agent",
    "symbol": "BTCUSDT",
    "exchange": "binance_usdm",
    "timestamp": "2024-05-01T00:00:09.750000Z",
    "sequence": 13,
    "scenario_id": "scenario-578-inventory_rebalancer",
    "agent_id": "agent-inventory_rebalancer",
    "order_id": "scenario-578-inventory_rebalancer-agent-inventory_rebalancer-13",
    "action": "new",
    "side": "buy",
    "price": 65578.0,
    "quantity": 0.004,
    "remaining_quantity": 0.004
  },
  {
    "event_id": "93091987ce7645ce4f99626f37344cd29aeb6b4b471722f94a316e5fa35b0e13",
    "schema_version": "1.0.0",
    "event_type": "agent_order",
    "source": "synthetic_agent",
    "symbol": "BTCUSDT",
    "exchange": "binance_usdm",
    "timestamp": "2024-05-01T00:00:10.500000Z",
    "sequence": 14,
    "scenario_id": "scenario-578-inventory_rebalancer",
    "agent_id": "agent-inventory_rebalancer",
    "order_id": "scenario-578-inventory_rebalancer-agent-inventory_rebalancer-14",
    "action": "new",
    "side": "buy",
    "price": 65578.0,
    "quantity": 0.004,
    "remaining_quantity": 0.004
  },
  {
    "event_id": "79ad74a7e9cd014c59131c37c4a1b98bdabaa4ea2401bc5de189eb95cb7b1f75",
    "schema_version": "1.0.0",
    "event_type": "agent_order",
    "source": "synthetic_agent",
    "symbol": "BTCUSDT",
    "exchange": "binance_usdm",
    "timestamp": "2024-05-01T00:00:11.250000Z",
    "sequence": 15,
    "scenario_id": "scenario-578-inventory_rebalancer",
    "agent_id": "agent-inventory_rebalancer",
    "order_id": "scenario-578-inventory_rebalancer-agent-inventory_rebalancer-15",
    "action": "new",
    "side": "sell",
    "price": 65578.0,
    "quantity": 0.004,
    "remaining_quantity": 0.004
  },
  {
    "event_id": "059c5b129e436450ff7f032a818ee25e8ac0dd391ff177e33c83e1cc3dea3b2f",
    "schema_version": "1.0.0",
    "event_type": "agent_order",
    "source": "synthetic_agent",
    "symbol": "BTCUSDT",
    "exchange": "binance_usdm",
    "timestamp": "2024-05-01T00:00:12Z",
    "sequence": 16,
    "scenario_id": "scenario-578-inventory_rebalancer",
    "agent_id": "agent-inventory_rebalancer",
    "order_id": "scenario-578-inventory_rebalancer-agent-inventory_rebalancer-16",
    "action": "new",
    "side": "buy",
    "price": 65578.0,
    "quantity": 0.004,
    "remaining_quantity": 0.004
  },
  {
    "event_id": "5779d2903525860b8fe7c50611f93b3633215daec981956a322df4a681e13602",
    "schema_version": "1.0.0",
    "event_type": "agent_order",
    "source": "synthetic_agent",
    "symbol": "BTCUSDT",
    "exchange": "binance_usdm",
    "timestamp": "2024-05-01T00:00:12.750000Z",
    "sequence": 17,
    "scenario_id": "scenario-578-inventory_rebalancer",
    "agent_id": "agent-inventory_rebalancer",
    "order_id": "scenario-578-inventory_rebalancer-agent-inventory_rebalancer-17",
    "action": "new",
    "side": "buy",
    "price": 65578.0,
    "quantity": 0.004,
    "remaining_quantity": 0.004
  },
  {
    "event_id": "be670aa63fb0f16184ad773daa98f83a7c3fa8d0d855fcac236163213e47e654",
    "schema_version": "1.0.0",
    "event_type": "agent_order",
    "source": "synthetic_agent",
    "symbol": "BTCUSDT",
    "exchange": "binance_usdm",
    "timestamp": "2024-05-01T00:00:13.500000Z",
    "sequence": 18,
    "scenario_id": "scenario-578-inventory_rebalancer",
    "agent_id": "agent-inventory_rebalancer",
    "order_id": "scenario-578-inventory_rebalancer-agent-inventory_rebalancer-18",
    "action": "new",
    "side": "sell",
    "price": 65578.0,
    "quantity": 0.004,
    "remaining_quantity": 0.004
  },
  {
    "event_id": "26a6f6c9dc34d3b38d49dc7c727dbed0e33cd4e19935e170f89c495accdb6b7a",
    "schema_version": "1.0.0",
    "event_type": "agent_order",
    "source": "synthetic_agent",
    "symbol": "BTCUSDT",
    "exchange": "binance_usdm",
    "timestamp": "2024-05-01T00:00:14.250000Z",
    "sequence": 19,
    "scenario_id": "scenario-578-inventory_rebalancer",
    "agent_id": "agent-inventory_rebalancer",
    "order_id": "scenario-578-inventory_rebalancer-agent-inventory_rebalancer-19",
    "action": "new",
    "side": "buy",
    "price": 65578.0,
    "quantity": 0.004,
    "remaining_quantity": 0.004
  },
  {
    "event_id": "8431404fcd9802f3b49acec06fbc546c481dd0164934ae2f14a121348b2123e1",
    "schema_version": "1.0.0",
    "event_type": "agent_order",
    "source": "synthetic_agent",
    "symbol": "BTCUSDT",
    "exchange": "binance_usdm",
    "timestamp": "2024-05-01T00:00:15Z",
    "sequence": 20,
    "scenario_id": "scenario-578-inventory_rebalancer",
    "agent_id": "agent-inventory_rebalancer",
    "order_id": "scenario-578-inventory_rebalancer-agent-inventory_rebalancer-20",
    "action": "new",
    "side": "buy",
    "price": 65578.0,
    "quantity": 0.004,
    "remaining_quantity": 0.004
  },
  {
    "event_id": "5df63b6f6a33c1e54f02f68210f26c77dfeab101b05f0be68aa6d887626f0974",
    "schema_version": "1.0.0",
    "event_type": "agent_order",
    "source": "synthetic_agent",
    "symbol": "BTCUSDT",
    "exchange": "binance_usdm",
    "timestamp": "2024-05-01T00:00:15.750000Z",
    "sequence": 21,
    "scenario_id": "scenario-578-inventory_rebalancer",
    "agent_id": "agent-inventory_rebalancer",
    "order_id": "scenario-578-inventory_rebalancer-agent-inventory_rebalancer-21",
    "action": "new",
    "side": "sell",
    "price": 65578.0,
    "quantity": 0.004,
    "remaining_quantity": 0.004
  },
  {
    "event_id": "07b33c907120bb2e27a6e5291bd320a0d4d2037b38c3642eab1d272cd60c31cc",
    "schema_version": "1.0.0",
    "event_type": "agent_order",
    "source": "synthetic_agent",
    "symbol": "BTCUSDT",
    "exchange": "binance_usdm",
    "timestamp": "2024-05-01T00:00:16.500000Z",
    "sequence": 22,
    "scenario_id": "scenario-578-inventory_rebalancer",
    "agent_id": "agent-inventory_rebalancer",
    "order_id": "scenario-578-inventory_rebalancer-agent-inventory_rebalancer-22",
    "action": "new",
    "side": "buy",
    "price": 65578.0,
    "quantity": 0.004,
    "remaining_quantity": 0.004
  },
  {
    "event_id": "849d8d3b0ed885a6f8232e645988197c7594798f1374a2732963e10967de5525",
    "schema_version": "1.0.0",
    "event_type": "agent_order",
    "source": "synthetic_agent",
    "symbol": "BTCUSDT",
    "exchange": "binance_usdm",
    "timestamp": "2024-05-01T00:00:17.250000Z",
    "sequence": 23,
    "scenario_id": "scenario-578-inventory_rebalancer",
    "agent_id": "agent-inventory_rebalancer",
    "order_id": "scenario-578-inventory_rebalancer-agent-inventory_rebalancer-23",
    "action": "new",
    "side": "buy",
    "price": 65578.0,
    "quantity": 0.004,
    "remaining_quantity": 0.004
  },
  {
    "event_id": "ea171c970d36c45c140be95473fd88fa6eeaa3538db0d4a4850e05cd23b6ab40",
    "schema_version": "1.0.0",
    "event_type": "agent_order",
    "source": "synthetic_agent",
    "symbol": "BTCUSDT",
    "exchange": "binance_usdm",
    "timestamp": "2024-05-01T00:00:18Z",
    "sequence": 24,
    "scenario_id": "scenario-578-inventory_rebalancer",
    "agent_id": "agent-inventory_rebalancer",
    "order_id": "scenario-578-inventory_rebalancer-agent-inventory_rebalancer-24",
    "action": "new",
    "side": "sell",
    "price": 65578.0,
    "quantity": 0.004,
    "remaining_quantity": 0.004
  },
  {
    "event_id": "a38f49de4701c8e1a7468e08cbfd05577207021baddb693d7e1e094017279bd0",
    "schema_version": "1.0.0",
    "event_type": "agent_order",
    "source": "synthetic_agent",
    "symbol": "BTCUSDT",
    "exchange": "binance_usdm",
    "timestamp": "2024-05-01T00:00:18.750000Z",
    "sequence": 25,
    "scenario_id": "scenario-578-inventory_rebalancer",
    "agent_id": "agent-inventory_rebalancer",
    "order_id": "scenario-578-inventory_rebalancer-agent-inventory_rebalancer-25",
    "action": "new",
    "side": "buy",
    "price": 65578.0,
    "quantity": 0.004,
    "remaining_quantity": 0.004
  },
  {
    "event_id": "5624217fb9c3926d201becbe5c09981e8fe64d7d114585c17d9b9232bbdd071e",
    "schema_version": "1.0.0",
    "event_type": "agent_order",
    "source": "synthetic_agent",
    "symbol": "BTCUSDT",
    "exchange": "binance_usdm",
    "timestamp": "2024-05-01T00:00:19.500000Z",
    "sequence": 26,
    "scenario_id": "scenario-578-inventory_rebalancer",
    "agent_id": "agent-inventory_rebalancer",
    "order_id": "scenario-578-inventory_rebalancer-agent-inventory_rebalancer-26",
    "action": "new",
    "side": "buy",
    "price": 65578.0,
    "quantity": 0.004,
    "remaining_quantity": 0.004
  },
  {
    "event_id": "9d244995910c855dd4d4ac2301bb0041640bc41c99652a1fb876e3ba633eccbd",
    "schema_version": "1.0.0",
    "event_type": "agent_order",
    "source": "synthetic_agent",
    "symbol": "BTCUSDT",
    "exchange": "binance_usdm",
    "timestamp": "2024-05-01T00:00:20.250000Z",
    "sequence": 27,
    "scenario_id": "scenario-578-inventory_rebalancer",
    "agent_id": "agent-inventory_rebalancer",
    "order_id": "scenario-578-inventory_rebalancer-agent-inventory_rebalancer-27",
    "action": "new",
    "side": "sell",
    "price": 65578.0,
    "quantity": 0.004,
    "remaining_quantity": 0.004
  },
  {
    "event_id": "f638a830f6b45caf1da4dd595f2cef4a5e567b9bbbcb071309efc1c7d13e0167",
    "schema_version": "1.0.0",
    "event_type": "agent_order",
    "source": "synthetic_agent",
    "symbol": "BTCUSDT",
    "exchange": "binance_usdm",
    "timestamp": "2024-05-01T00:00:21Z",
    "sequence": 28,
    "scenario_id": "scenario-578-inventory_rebalancer",
    "agent_id": "agent-inventory_rebalancer",
    "order_id": "scenario-578-inventory_rebalancer-agent-inventory_rebalancer-28",
    "action": "new",
    "side": "buy",
    "price": 65578.0,
    "quantity": 0.004,
    "remaining_quantity": 0.004
  },
  {
    "event_id": "da6ba5238402a678bb2d994d3996899879e1874a55c0e14f36225b0890c4e56f",
    "schema_version": "1.0.0",
    "event_type": "agent_order",
    "source": "synthetic_agent",
    "symbol": "BTCUSDT",
    "exchange": "binance_usdm",
    "timestamp": "2024-05-01T00:00:21.750000Z",
    "sequence": 29,
    "scenario_id": "scenario-578-inventory_rebalancer",
    "agent_id": "agent-inventory_rebalancer",
    "order_id": "scenario-578-inventory_rebalancer-agent-inventory_rebalancer-29",
    "action": "new",
    "side": "buy",
    "price": 65578.0,
    "quantity": 0.004,
    "remaining_quantity": 0.004
  }
]