[
  {
    "event_id": "c0b8c99dd3b964c3f70bf3abb7bcbb9e9d38e2fa4eded6ebac84205ab61ecc7e",
    "schema_version": "1.0.0",
    "event_type": "agent_order",
    "source": "synthetic_agent",
    "symbol": "BTCUSDT",
    "exchange": "binance_usdm",
    "timestamp": "2024-05-01T00:00:00Z",
    "sequence": 0,
    "scenario_id": "scenario-016-quote_stuffing",
    "agent_id": "agent-quote_stuffing",
    "order_id": "scenario-016-quote_stuffing-agent-quote_stuffing-0",
    "action": "new",
    "side": "buy",
    "price": 65009.498400000004,
    "quantity": 0.001,
    "remaining_quantity": 0.001
  },
  {
    "event_id": "bfb75684c534f60b87ad483b6d30d54acc96930f223ee6207477802b70908679",
    "schema_version": "1.0.0",
    "event_type": "agent_order",
    "source": "synthetic_agent",
    "symbol": "BTCUSDT",
    "exchange": "binance_usdm",
    "timestamp": "2024-05-01T00:00:00.005000Z",
    "sequence": 1,
    "scenario_id": "scenario-016-quote_stuffing",
    "agent_id": "agent-quote_stuffing",
    "order_id": "scenario-016-quote_stuffing-agent-quote_stuffing-1",
    "action": "new",
    "side": "sell",
    "price": 65022.501599999996,
    "quantity": 0.001,
    "remaining_quantity": 0.001
  },
  {
    "event_id": "a8a906b9a470aa775599f95e26558b02509dff1915ebab0111f8c8b1005b254c",
    "schema_version": "1.0.0",
    "event_type": "agent_order",
    "source": "synthetic_agent",
    "symbol": "BTCUSDT",
    "exchange": "binance_usdm",
    "timestamp": "2024-05-01T00:00:00.010000Z",
    "sequence": 2,
    "scenario_id": "scenario-016-quote_stuffing",
    "agent_id": "agent-quote_stuffing",
    "order_id": "scenario-016-quote_stuffing-agent-quote_stuffing-2",
    "action": "new",
    "side": "buy",
    "price": 65009.498400000004,
    "quantity": 0.001,
    "remaining_quantity": 0.001
  },
  {
    "event_id": "6f13d7166fdda070e3b1d7a9bc2e0260d16ede6d9110317566533ee546fbd1dd",
    "schema_version": "1.0.0",
    "event_type": "agent_order",
    "source": "synthetic_agent",
    "symbol": "BTCUSDT",
    "exchange": "binance_usdm",
    "timestamp": "2024-05-01T00:00:00.015000Z",
    "sequence": 3,
    "scenario_id": "scenario-016-quote_stuffing",
    "agent_id": "agent-quote_stuffing",
    "order_id": "scenario-016-quote_stuffing-agent-quote_stuffing-3",
    "action": "new",
    "side": "sell",
    "price": 65022.501599999996,
    "quantity": 0.001,
    "remaining_quantity": 0.001
  },
  {
    "event_id": "8bed651a6ea2bfac523ede71182e1fea7f7057108ce663f30fbf69e0d7e7844c",
    "schema_version": "1.0.0",
    "event_type": "agent_order",
    "source": "synthetic_agent",
    "symbol": "BTCUSDT",
    "exchange": "binance_usdm",
    "timestamp": "2024-05-01T00:00:00.020000Z",
    "sequence": 4,
    "scenario_id": "scenario-016-quote_stuffing",
    "agent_id": "agent-quote_stuffing",
    "order_id": "scenario-016-quote_stuffing-agent-quote_stuffing-4",
    "action": "new",
    "side": "buy",
    "price": 65009.498400000004,
    "quantity": 0.001,
    "remaining_quantity": 0.001
  },
  {
    "event_id": "b88b867820790f2464d926471f61097fb27fd3a37c67461fb689cb7e6638f7bf",
    "schema_version": "1.0.0",
    "event_type": "agent_order",
    "source": "synthetic_agent",
    "symbol": "BTCUSDT",
    "exchange": "binance_usdm",
    "timestamp": "2024-05-01T00:00:00.025000Z",
    "sequence": 5,
    "scenario_id": "scenario-016-quote_stuffing",
    "agent_id": "agent-quote_stuffing",
    "order_id": "scenario-016-quote_stuffing-agent-quote_stuffing-5",
    "action": "new",
    "side": "sell",
    "price": 65022.501599999996,
    "quantity": 0.001,
    "remaining_quantity": 0.001
  },
  {
    "event_id": "0b6e80a9c79442681b0b01617a5b67cada088146d70699c787ca639cf31991a2",
    "schema_version": "1.0.0",
    "event_type": "agent_order",
    "source": "synthetic_agent",
    "symbol": "BTCUSDT",
    "exchange": "binance_usdm",
    "timestamp": "2024-05-01T00:00:00.030000Z",
    "sequence": 6,
    "scenario_id": "scenario-016-quote_stuffing",
    "agent_id": "agent-quote_stuffing",
    "order_id": "scenario-016-quote_stuffing-agent-quote_stuffing-6",
    "action": "new",
    "side": "buy",
    "price": 65009.498400000004,
    "quantity": 0.001,
    "remaining_quantity": 0.001
  },
  {
    "event_id": "f6955ec5a080c055454cd7b94ea7dd10370081416405cbae8e1be482505cc6ef",
    "schema_version": "1.0.0",
    "event_type": "agent_order",
    "source": "synthetic_agent",
    "symbol": "BTCUSDT",
    "exchange": "binance_usdm",
    "timestamp": "2024-05-01T00:00:00.035000Z",
    "sequence": 7,
    "scenario_id": "scenario-016-quote_stuffing",
    "agent_id": "agent-quote_stuffing",
    "order_id": "scenario-016-quote_stuffing-agent-quote_stuffing-7",
    "action": "new",
    "side": "sell",
    "price": 65022.501599999996,
    "quantity": 0.001,
    "remaining_quantity": 0.001
  },
  {
    "event_id": "2e80cfa7a5d0af3489b1d65c76e53997ad89dad9896cf7cbbcd69faeb04d1b53",
    "schema_version": "1.0.0",
    "event_type": "agent_order",
    "source": "synthetic_agent",
    "symbol": "BTCUSDT",
    "exchange": "binance_usdm",
    "timestamp": "2024-05-01T00:00:00.040000Z",
    "sequence": 8,
    "scenario_id": "scenario-016-quote_stuffing",
    "agent_id": "agent-quote_stuffing",
    "order_id": "scenario-016-quote_stuffing-agent-quote_stuffing-8",
    "action": "new",
    "side": "buy",
    "price": 65009.498400000004,
    "quantity": 0.001,
    "remaining_quantity": 0.001
  },
  {
    "event_id": "d89a75d4648a037dc37dc984fe48e0ef3f38a8fc020948c39582dd153e779ad9",
    "schema_version": "1.0.0",
    "event_type": "agent_order",
    "source": "synthetic_agent",
    "symbol": "BTCUSDT",
    "exchange": "binance_usdm",
    "timestamp": "2024-05-01T00:00:00.045000Z",
    "sequence": 9,
    "scenario_id": "scenario-016-quote_stuffing",
    "agent_id": "agent-quote_stuffing",
    "order_id": "scenario-016-quote_stuffing-agent-quote_stuffing-9",
    "action": "new",
    "side": "sell",
    "price": 65022.501599999996,
    "quantity": 0.001,
    "remaining_quantity": 0.001
  },
  {
    "event_id": "80ab32c010ebe2d26907e7a9c44fae86cfe8ac9cca57d2bcd657e241d127fb0d",
    "schema_version": "1.0.0",
    "event_type": "agent_order",
    "source": "synthetic_agent",
    "symbol": "BTCUSDT",
    "exchange": "binance_usdm",
    "timestamp": "2024-05-01T00:00:00.050000Z",
    "sequence": 10,
    "scenario_id": "scenario-016-quote_stuffing",
    "agent_id": "agent-quote_stuffing",
    "order_id": "scenario-016-quote_stuffing-agent-quote_stuffing-10",
    "action": "new",
    "side": "buy",
    "price": 65009.498400000004,
    "quantity": 0.001,
    "remaining_quantity": 0.001
  },
  {
    "event_id": "417f56973b7c42b3f6e12544461687beffdfa1a065d94dfa51213ac377940187",
    "schema_version": "1.0.0",
    "event_type": "agent_order",
    "source": "synthetic_agent",
    "symbol": "BTCUSDT",
    "exchange": "binance_usdm",
    "timestamp": "2024-05-01T00:00:00.055000Z",
    "sequence": 11,
    "scenario_id": "scenario-016-quote_stuffing",
    "agent_id": "agent-quote_stuffing",
    "order_id": "scenario-016-quote_stuffing-agent-quote_stuffing-11",
    "action": "new",
    "side": "sell",
    "price": 65022.501599999996,
    "quantity": 0.001,
    "remaining_quantity": 0.001
  },
  {
    "event_id": "a0b1614d9cb3dc90091f0afbdfe7c7622e9618887dcec35311e03bc68f9ed657",
    "schema_version": "1.0.0",
    "event_type": "agent_order",
    "source": "synthetic_agent",
    "symbol": "BTCUSDT",
    "exchange": "binance_usdm",
    "timestamp": "2024-05-01T00:00:00.060000Z",
    "sequence": 12,
    "scenario_id": "scenario-016-quote_stuffing",
    "agent_id": "agent-quote_stuffing",
    "order_id": "scenario-016-quote_stuffing-agent-quote_stuffing-12",
    "action": "new",
    "side": "buy",
    "price": 65009.498400000004,
    "quantity": 0.001,
    "remaining_quantity": 0.001
  },
  {
    "event_id": "b48c134144cb7be3fd8dc4e9e9663ab67b1a83088b52d0c369dd990e0133b5e3",
    "schema_version": "1.0.0",
    "event_type": "agent_order",
    "source": "synthetic_agent",
    "symbol": "BTCUSDT",
    "exchange": "binance_usdm",
    "timestamp": "2024-05-01T00:00:00.065000Z",
    "sequence": 13,
    "scenario_id": "scenario-016-quote_stuffing",
    "agent_id": "agent-quote_stuffing",
    "order_id": "scenario-016-quote_stuffing-agent-quote_stuffing-13",
    "action": "new",
    "side": "sell",
    "price": 65022.501599999996,
    "quantity": 0.001,
    "remaining_quantity": 0.001
  },
  {
    "event_id": "1590cb5412f4b1e940973d7909fba1280afe8eb2f0e4e68ecd7d84038b13e95e",
    "schema_version": "1.0.0",
    "event_type": "agent_order",
    "source": "synthetic_agent",
    "symbol": "BTCUSDT",
    "exchange": "binance_usdm",
    "timestamp": "2024-05-01T00:00:00.070000Z",
    "sequence": 14,
    "scenario_id": "scenario-016-quote_stuffing",
    "agent_id": "agent-quote_stuffing",
    "order_id": "scenario-016-quote_stuffing-agent-quote_stuffing-14",
    "action": "new",
    "side": "buy",
    "price": 65009.498400000004,
    "quantity": 0.001,
    "remaining_quantity": 0.001
  },
  {
    "event_id": "e4ef3af780b22ed59b246e94ef072295e88a4a1ef7f61e27e01566c946b502fc",
    "schema_version": "1.0.0",
    "event_type": "agent_order",
    "source": "synthetic_agent",
    "symbol": "BTCUSDT",
    "exchange": "binance_usdm",
    "timestamp": "2024-05-01T00:00:00.075000Z",
    "sequence": 15,
    "scenario_id": "scenario-016-quote_stuffing",
    "agent_id": "agent-quote_stuffing",
    "order_id": "scenario-016-quote_stuffing-agent-quote_stuffing-15",
    "action": "new",
    "side": "sell",
    "price": 65022.501599999996,
    "quantity": 0.001,
    "remaining_quantity": 0.001
  },
  {
    "event_id": "8c33d400a0b4928582dadd406fae6c0ddef73c5f251841c865b4c643503277ba",
    "schema_version": "1.0.0",
    "event_type": "agent_order",
    "source": "synthetic_agent",
    "symbol": "BTCUSDT",
    "exchange": "binance_usdm",
    "timestamp": "2024-05-01T00:00:00.080000Z",
    "sequence": 16,
    "scenario_id": "scenario-016-quote_stuffing",
    "agent_id": "agent-quote_stuffing",
    "order_id": "scenario-016-quote_stuffing-agent-quote_stuffing-16",
    "action": "new",
    "side": "buy",
    "price": 65009.498400000004,
    "quantity": 0.001,
    "remaining_quantity": 0.001
  },
  {
    "event_id": "b4b69505cedc76d1c4a77441b950492f6d48d0bc22cb6033299cb92bf34e8f96",
    "schema_version": "1.0.0",
    "event_type": "agent_order",
    "source": "synthetic_agent",
    "symbol": "BTCUSDT",
    "exchange": "binance_usdm",
    "timestamp": "2024-05-01T00:00:00.085000Z",
    "sequence": 17,
    "scenario_id": "scenario-016-quote_stuffing",
    "agent_id": "agent-quote_stuffing",
    "order_id": "scenario-016-quote_stuffing-agent-quote_stuffing-17",
    "action": "new",
    "side": "sell",
    "price": 65022.501599999996,
    "quantity": 0.001,
    "remaining_quantity": 0.001
  },
  {
    "event_id": "162507069d753a4be12fe36d37b6ad29786da4e2a917f7cb94ddf78d42a69e18",
    "schema_version": "1.0.0",
    "event_type": "agent_order",
    "source": "synthetic_agent",
    "symbol": "BTCUSDT",
    "exchange": "binance_usdm",
    "timestamp": "2024-05-01T00:00:00.090000Z",
    "sequence": 18,
    "scenario_id": "scenario-016-quote_stuffing",
    "agent_id": "agent-quote_stuffing",
    "order_id": "scenario-016-quote_stuffing-agent-quote_stuffing-18",
    "action": "new",
    "side": "buy",
    "price": 65009.498400000004,
    "quantity": 0.001,
    "remaining_quantity": 0.001
  },
  {
    "event_id": "7e22d4c2011a1d9cd496728c827d030681e8ad03e4cb7a9532bff515aa65e161",
    "schema_version": "1.0.0",
    "event_type": "agent_order",
    "source": "synthetic_agent",
    "symbol": "BTCUSDT",
    "exchange": "binance_usdm",
    "timestamp": "2024-05-01T00:00:00.095000Z",
    "sequence": 19,
    "scenario_id": "scenario-016-quote_stuffing",
    "agent_id": "agent-quote_stuffing",
    "order_id": "scenario-016-quote_stuffing-agent-quote_stuffing-19",
    "action": "new",
    "side": "sell",
    "price": 65022.501599999996,
    "quantity": 0.001,
    "remaining_quantity": 0.001
  },
  {
    "event_id": "8535093ed367a826913e0bf266df36ed32ef5b47d3a8a94160a469455d7b4758",
    "schema_version": "1.0.0",
    "event_type": "agent_order",
    "source": "synthetic_agent",
    "symbol": "BTCUSDT",
    "exchange": "binance_usdm",
    "timestamp": "2024-05-01T00:00:00.100000Z",
    "sequence": 20,
    "scenario_id": "scenario-016-quote_stuffing",
    "agent_id": "agent-quote_stuffing",
    "order_id": "scenario-016-quote_stuffing-agent-quote_stuffing-20",
    "action": "new",
    "side": "buy",
    "price": 65009.498400000004,
    "quantity": 0.001,
    "remaining_quantity": 0.001
  },
  {
    "event_id": "9b5c84d5119ac5931483fc67068fed38a919892d29faaaf9418bd65e447b93ce",
    "schema_version": "1.0.0",
    "event_type": "agent_order",
    "source": "synthetic_agent",
    "symbol": "BTCUSDT",
    "exchange": "binance_usdm",
    "timestamp": "2024-05-01T00:00:00.105000Z",
    "sequence": 21,
    "scenario_id": "scenario-016-quote_stuffing",
    "agent_id": "agent-quote_stuffing",
    "order_id": "scenario-016-quote_stuffing-agent-quote_stuffing-21",
    "action": "new",
    "side": "sell",
    "price": 65022.501599999996,
    "quantity": 0.001,
    "remaining_quantity": 0.001
  },
  {
    "event_id": "b70f260e80729802b96bcdc9f977401488478c285d57e1acaeb096c795f2711a",
    "schema_version": "1.0.0",
    "event_type": "agent_order",
    "source": "synthetic_agent",
    "symbol": "BTCUSDT",
    "exchange": "binance_usdm",
    "timestamp": "2024-05-01T00:00:00.110000Z",
    "sequence": 22,
    "scenario_id": "scenario-016-quote_stuffing",
    "agent_id": "agent-quote_stuffing",
    "order_id": "scenario-016-quote_stuffing-agent-quote_stuffing-22",
    "action": "new",
    "side": "buy",
    "price": 65009.498400000004,
    "quantity": 0.001,
    "remaining_quantity": 0.001
  },
  {
    "event_id": "fe6bed5a9335bbc158d11d658a6aa52855a090580849da9de17be0a71f3e00bc",
    "schema_version": "1.0.0",
    "event_type": "agent_order",
    "source": "synthetic_agent",
    "symbol": "BTCUSDT",
    "exchange": "binance_usdm",
    "timestamp": "2024-05-01T00:00:00.115000Z",
    "sequence": 23,
    "scenario_id": "scenario-016-quote_stuffing",
    "agent_id": "agent-quote_stuffing",
    "order_id": "scenario-016-quote_stuffing-agent-quote_stuffing-23",
    "action": "new",
    "side": "sell",
    "price": 65022.501599999996,
    "quantity": 0.001,
    "remaining_quantity": 0.001
  },
  {
    "event_id": "60bd065c91a404a24c745d4b322a24c6f3771b471cd6ac1aa90667521842dbad",
    "schema_version": "1.0.0",
    "event_type": "agent_order",
    "source": "synthetic_agent",
    "symbol": "BTCUSDT",
    "exchange": "binance_usdm",
    "timestamp": "2024-05-01T00:00:00.120000Z",
    "sequence": 24,
    "scenario_id": "scenario-016-quote_stuffing",
    "agent_id": "agent-quote_stuffing",
    "order_id": "scenario-016-quote_stuffing-agent-quote_stuffing-24",
    "action": "new",
    "side": "buy",
    "price": 65009.498400000004,
    "quantity": 0.001,
    "remaining_quantity": 0.001
  },
  {
    "event_id": "f153b0f58913ff8aecb901c5b6b15e57bdd99bdc4d37b598897283ddd803bc95",
    "schema_version": "1.0.0",
    "event_type": "agent_order",
    "source": "synthetic_agent",
    "symbol": "BTCUSDT",
    "exchange": "binance_usdm",
    "timestamp": "2024-05-01T00:00:00.125000Z",
    "sequence": 25,
    "scenario_id": "scenario-016-quote_stuffing",
    "agent_id": "agent-quote_stuffing",
    "order_id": "scenario-016-quote_stuffing-agent-quote_stuffing-25",
    "action": "new",
    "side": "sell",
    "price": 65022.501599999996,
    "quantity": 0.001,
    "remaining_quantity": 0.001
  },
  {
    "event_id": "1e933dc963db8a8dc3ab2a3af2122d604466cd13de0f4c3795d0118e59049340",
    "schema_version": "1.0.0",
    "event_type": "agent_order",
    "source": "synthetic_agent",
    "symbol": "BTCUSDT",
    "exchange": "binance_usdm",
    "timestamp": "2024-05-01T00:00:00.130000Z",
    "sequence": 26,
    "scenario_id": "scenario-016-quote_stuffing",
    "agent_id": "agent-quote_stuffing",
    "order_id": "scenario-016-quote_stuffing-agent-quote_stuffing-26",
    "action": "new",
    "side": "buy",
    "price": 65009.498400000004,
    "quantity": 0.001,
    "remaining_quantity": 0.001
  },
  {
    "event_id": "bce67e8e487751d066d660c954dc7b41c8d2d94c2511c719f894816f7df8aa38",
    "schema_version": "1.0.0",
    "event_type": "agent_order",
    "source": "synthetic_agent",
    "symbol": "BTCUSDT",
    "exchange": "binance_usdm",
    "timestamp": "2024-05-01T00:00:00.135000Z",
    "sequence": 27,
    "scenario_id": "scenario-016-quote_stuffing",
    "agent_id": "agent-quote_stuffing",
    "order_id": "scenario-016-quote_stuffing-agent-quote_stuffing-27",
    "action": "new",
    "side": "sell",
    "price": 65022.501599999996,
    "quantity": 0.001,
    "remaining_quantity": 0.001
  },
  {
    "event_id": "f93199b9b3aab568faa4fafb47bba469c9da9a292eb866184d1c3444fbca3d1a",
    "schema_version": "1.0.0",
    "event_type": "agent_order",
    "source": "synthetic_agent",
    "symbol": "BTCUSDT",
    "exchange": "binance_usdm",
    "timestamp": "2024-05-01T00:00:00.140000Z",
    "sequence": 28,
    "scenario_id": "scenario-016-quote_stuffing",
    "agent_id": "agent-quote_stuffing",
    "order_id": "scenario-016-quote_stuffing-agent-quote_stuffing-28",
    "action": "new",
    "side": "buy",
    "price": 65009.498400000004,
    "quantity": 0.001,
    "remaining_quantity": 0.001
  },
  {
    "event_id": "9cf07309d830953264117060707028612ac3f1dae31dd0be993f870851b488ed",
    "schema_version": "1.0.0",
    "event_type": "agent_order",
    "source": "synthetic_agent",
    "symbol": "BTCUSDT",
    "exchange": "binance_usdm",
    "timestamp": "2024-05-01T00:00:00.145000Z",
    "sequence": 29,
    "scenario_id": "scenario-016-quote_stuffing",
    "agent_id": "agent-quote_stuffing",
    "order_id": "scenario-016-quote_stuffing-agent-quote_stuffing-29",
    "action": "new",
    "side": "sell",
    "price": 65022.501599999996,
    "quantity": 0.001,
    "remaining_quantity": 0.001
  }
]