[
  {
    "event_id": "cc4aa1d5dd701a16b927e5503c5715453ecb0368cfef84bba8c704cd2b210e23",
    "schema_version": "1.0.0",
    "event_type": "agent_order",
    "source": "synthetic_agent",
    "symbol": "BTCUSDT",
    "exchange": "binance_usdm",
    "timestamp": "2024-05-01T00:00:00Z",
    "sequence": 0,
    "scenario_id": "scenario-112-quote_stuffing",
    "agent_id": "agent-quote_stuffing",
    "order_id": "scenario-112-quote_stuffing-agent-quote_stuffing-0",
    "action": "new",
    "side": "buy",
    "price": 65105.4888,
    "quantity": 0.001,
    "remaining_quantity": 0.001
  },
  {
    "event_id": "be31713f88685121a346c9790336ca28ce94b84a333c1c0062b92773f05912cf",
    "schema_version": "1.0.0",
    "event_type": "agent_order",
    "source": "synthetic_agent",
    "symbol": "BTCUSDT",
    "exchange": "binance_usdm",
    "timestamp": "2024-05-01T00:00:00.005000Z",
    "sequence": 1,
    "scenario_id": "scenario-112-quote_stuffing",
    "agent_id": "agent-quote_stuffing",
    "order_id": "scenario-112-quote_stuffing-agent-quote_stuffing-1",
    "action": "new",
    "side": "sell",
    "price": 65118.5112,
    "quantity": 0.001,
    "remaining_quantity": 0.001
  },
  {
    "event_id": "0aa94f7e69992f27ba227251eaf732f980a7f4600cbcbdf429d3c75262f6a101",
    "schema_version": "1.0.0",
    "event_type": "agent_order",
    "source": "synthetic_agent",
    "symbol": "BTCUSDT",
    "exchange": "binance_usdm",
    "timestamp": "2024-05-01T00:00:00.010000Z",
    "sequence": 2,
    "scenario_id": "scenario-112-quote_stuffing",
    "agent_id": "agent-quote_stuffing",
    "order_id": "scenario-112-quote_stuffing-agent-quote_stuffing-2",
    "action": "new",
    "side": "buy",
    "price": 65105.4888,
    "quantity": 0.001,
    "remaining_quantity": 0.001
  },
  {
    "event_id": "3c2cd5f2ef49a302f01127098f42dc4ea2e6088d4e61c3c3da4a0362d241e58b",
    "schema_version": "1.0.0",
    "event_type": "agent_order",
    "source": "synthetic_agent",
    "symbol": "BTCUSDT",
    "exchange": "binance_usdm",
    "timestamp": "2024-05-01T00:00:00.015000Z",
    "sequence": 3,
    "scenario_id": "scenario-112-quote_stuffing",
    "agent_id": "agent-quote_stuffing",
    "order_id": "scenario-112-quote_stuffing-agent-quote_stuffing-3",
    "action": "new",
    "side": "sell",
    "price": 65118.5112,
    "quantity": 0.001,
    "remaining_quantity": 0.001
  },
  {
    "event_id": "6e70d0294e06f1b899d7c7b6659fb73bade92bcf410b5166685851ee326f2226",
    "schema_version": "1.0.0",
    "event_type": "agent_order",
    "source": "synthetic_agent",
    "symbol": "BTCUSDT",
    "exchange": "binance_usdm",
    "timestamp": "2024-05-01T00:00:00.020000Z",
    "sequence": 4,
    "scenario_id": "scenario-112-quote_stuffing",
    "agent_id": "agent-quote_stuffing",
    "order_id": "scenario-112-quote_stuffing-agent-quote_stuffing-4",
    "action": "new",
    "side": "buy",
    "price": 65105.4888,
    "quantity": 0.001,
    "remaining_quantity": 0.001
  },
  {
    "event_id": "d85762df37500495427c41a8d3424f603f6d5bdcc995461f11166c1bcd365975",
    "schema_version": "1.0.0",
    "event_type": "agent_order",
    "source": "synthetic_agent",
    "symbol": "BTCUSDT",
    "exchange": "binance_usdm",
    "timestamp": "2024-05-01T00:00:00.025000Z",
    "sequence": 5,
    "scenario_id": "scenario-112-quote_stuffing",
    "agent_id": "agent-quote_stuffing",
    "order_id": "scenario-112-quote_stuffing-agent-quote_stuffing-5",
    "action": "new",
    "side": "sell",
    "price": 65118.5112,
    "quantity": 0.001,
    "remaining_quantity": 0.001
  },
  {
    "event_id": "44751b50b4f9a7dc85727f911a45bf5608cedeef6f1e2b24935498c4fd6b7b07",
    "schema_version": "1.0.0",
    "event_type": "agent_order",
    "source": "synthetic_agent",
    "symbol": "BTCUSDT",
    "exchange": "binance_usdm",
    "timestamp": "2024-05-01T00:00:00.030000Z",
    "sequence": 6,
    "scenario_id": "scenario-112-quote_stuffing",
    "agent_id": "agent-quote_stuffing",
    "order_id": "scenario-112-quote_stuffing-agent-quote_stuffing-6",
    "action": "new",
    "side": "buy",
    "price": 65105.4888,
    "quantity": 0.001,
    "remaining_quantity": 0.001
  },
  {
    "event_id": "65d1efc1cf4b3d6ce1f2a679722122b27d7474bd86f1979c278bded18957720f",
    "schema_version": "1.0.0",
    "event_type": "agent_order",
    "source": "synthetic_agent",
    "symbol": "BTCUSDT",
    "exchange": "binance_usdm",
    "timestamp": "2024-05-01T00:00:00.035000Z",
    "sequence": 7,
    "scenario_id": "scenario-112-quote_stuffing",
    "agent_id": "agent-quote_stuffing",
    "order_id": "scenario-112-quote_stuffing-agent-quote_stuffing-7",
    "action": "new",
    "side": "sell",
    "price": 65118.5112,
    "quantity": 0.001,
    "remaining_quantity": 0.001
  },
  {
    "event_id": "80e6472a8eed01c3271dc91246d3b9546ed0a5b0d5218717fa347148f69894bf",
    "schema_version": "1.0.0",
    "event_type": "agent_order",
    "source": "synthetic_agent",
    "symbol": "BTCUSDT",
    "exchange": "binance_usdm",
    "timestamp": "2024-05-01T00:00:00.040000Z",
    "sequence": 8,
    "scenario_id": "scenario-112-quote_stuffing",
    "agent_id": "agent-quote_stuffing",
    "order_id": "scenario-112-quote_stuffing-agent-quote_stuffing-8",
    "action": "new",
    "side": "buy",
    "price": 65105.4888,
    "quantity": 0.001,
    "remaining_quantity": 0.001
  },
  {
    "event_id": "9c3c05ed4dea083de7d955d702be51a658ff9d5417a292fd27e2a0d82ed6060a",
    "schema_version": "1.0.0",
    "event_type": "agent_order",
    "source": "synthetic_agent",
    "symbol": "BTCUSDT",
    "exchange": "binance_usdm",
    "timestamp": "2024-05-01T00:00:00.045000Z",
    "sequence": 9,
    "scenario_id": "scenario-112-quote_stuffing",
    "agent_id": "agent-quote_stuffing",
    "order_id": "scenario-112-quote_stuffing-agent-quote_stuffing-9",
    "action": "new",
    "side": "sell",
    "price": 65118.5112,
    "quantity": 0.001,
    "remaining_quantity": 0.001
  },
  {
    "event_id": "598e6ed11181a45f55d4e38320f2d9d376fbcab1000ccb73819a4ad9fe463d9b",
    "schema_version": "1.0.0",
    "event_type": "agent_order",
    "source": "synthetic_agent",
    "symbol": "BTCUSDT",
    "exchange": "binance_usdm",
    "timestamp": "2024-05-01T00:00:00.050000Z",
    "sequence": 10,
    "scenario_id": "scenario-112-quote_stuffing",
    "agent_id": "agent-quote_stuffing",
    "order_id": "scenario-112-quote_stuffing-agent-quote_stuffing-10",
    "action": "new",
    "side": "buy",
    "price": 65105.4888,
    "quantity": 0.001,
    "remaining_quantity": 0.001
  },
  {
    "event_id": "f4b694ddf16d23ed7985b4093b0c45be63fb9681bf749e6d31ecfb6e42858e18",
    "schema_version": "1.0.0",
    "event_type": "agent_order",
    "source": "synthetic_agent",
    "symbol": "BTCUSDT",
    "exchange": "binance_usdm",
    "timestamp": "2024-05-01T00:00:00.055000Z",
    "sequence": 11,
    "scenario_id": "scenario-112-quote_stuffing",
    "agent_id": "agent-quote_stuffing",
    "order_id": "scenario-112-quote_stuffing-agent-quote_stuffing-11",
    "action": "new",
    "side": "sell",
    "price": 65118.5112,
    "quantity": 0.001,
    "remaining_quantity": 0.001
  },
  {
    "event_id": "1e31ac55c068bb81aa0f27e982f40e2492be24e923642647c946bdee8ad486ff",
    "schema_version": "1.0.0",
    "event_type": "agent_order",
    "source": "synthetic_agent",
    "symbol": "BTCUSDT",
    "exchange": "binance_usdm",
    "timestamp": "2024-05-01T00:00:00.060000Z",
    "sequence": 12,
    "scenario_id": "scenario-112-quote_stuffing",
    "agent_id": "agent-quote_stuffing",
    "order_id": "scenario-112-quote_stuffing-agent-quote_stuffing-12",
    "action": "new",
    "side": "buy",
    "price": 65105.4888,
    "quantity": 0.001,
    "remaining_quantity": 0.001
  },
  {
    "event_id": "119677dcfdcd9160b216461178f00c9c762854c246fcecbd299f49d92ce9d3fd",
    "schema_version": "1.0.0",
    "event_type": "agent_order",
    "source": "synthetic_agent",
    "symbol": "BTCUSDT",
    "exchange": "binance_usdm",
    "timestamp": "2024-05-01T00:00:00.065000Z",
    "sequence": 13,
    "scenario_id": "scenario-112-quote_stuffing",
    "agent_id": "agent-quote_stuffing",
    "order_id": "scenario-112-quote_stuffing-agent-quote_stuffing-13",
    "action": "new",
    "side": "sell",
    "price": 65118.5112,
    "quantity": 0.001,
    "remaining_quantity": 0.001
  },
  {
    "event_id": "06e49ae58baf54752faaa53252fbaca1585313a873fb16d9c8a8bafc2d5dc39e",
    "schema_version": "1.0.0",
    "event_type": "agent_order",
    "source": "synthetic_agent",
    "symbol": "BTCUSDT",
    "exchange": "binance_usdm",
    "timestamp": "2024-05-01T00:00:00.070000Z",
    "sequence": 14,
    "scenario_id": "scenario-112-quote_stuffing",
    "agent_id": "agent-quote_stuffing",
    "order_id": "scenario-112-quote_stuffing-agent-quote_stuffing-14",
    "action": "new",
    "side": "buy",
    "price": 65105.4888,
    "quantity": 0.001,
    "remaining_quantity": 0.001
  },
  {
    "event_id": "f15e37f9ff1a75d1dfcc178defd3239a245fe1480cff288770f0d0aeee34e304",
    "schema_version": "1.0.0",
    "event_type": "agent_order",
    "source": "synthetic_agent",
    "symbol": "BTCUSDT",
    "exchange": "binance_usdm",
    "timestamp": "2024-05-01T00:00:00.075000Z",
    "sequence": 15,
    "scenario_id": "scenario-112-quote_stuffing",
    "agent_id": "agent-quote_stuffing",
    "order_id": "scenario-112-quote_stuffing-agent-quote_stuffing-15",
    "action": "new",
    "side": "sell",
    "price": 65118.5112,
    "quantity": 0.001,
    "remaining_quantity": 0.001
  },
  {
    "event_id": "1aa0b82eea747d3c75dcea0850b4075d733e2d32d8082c5ec43446863bb7492b",
    "schema_version": "1.0.0",
    "event_type": "agent_order",
    "source": "synthetic_agent",
    "symbol": "BTCUSDT",
    "exchange": "binance_usdm",
    "timestamp": "2024-05-01T00:00:00.080000Z",
    "sequence": 16,
    "scenario_id": "scenario-112-quote_stuffing",
    "agent_id": "agent-quote_stuffing",
    "order_id": "scenario-112-quote_stuffing-agent-quote_stuffing-16",
    "action": "new",
    "side": "buy",
    "price": 65105.4888,
    "quantity": 0.001,
    "remaining_quantity": 0.001
  },
  {
    "event_id": "fd11fde49841a5961688b2e043e1c20592db0c5c0eef7cffd5810b6bd153884d",
    "schema_version": "1.0.0",
    "event_type": "agent_order",
    "source": "synthetic_agent",
    "symbol": "BTCUSDT",
    "exchange": "binance_usdm",
    "timestamp": "2024-05-01T00:00:00.085000Z",
    "sequence": 17,
    "scenario_id": "scenario-112-quote_stuffing",
    "agent_id": "agent-quote_stuffing",
    "order_id": "scenario-112-quote_stuffing-agent-quote_stuffing-17",
    "action": "new",
    "side": "sell",
    "price": 65118.5112,
    "quantity": 0.001,
    "remaining_quantity": 0.001
  },
  {
    "event_id": "aa97290f41ab0eec8d86ab9b200127fff895e67285269a1219491f6e7335a224",
    "schema_version": "1.0.0",
    "event_type": "agent_order",
    "source": "synthetic_agent",
    "symbol": "BTCUSDT",
    "exchange": "binance_usdm",
    "timestamp": "2024-05-01T00:00:00.090000Z",
    "sequence": 18,
    "scenario_id": "scenario-112-quote_stuffing",
    "agent_id": "agent-quote_stuffing",
    "order_id": "scenario-112-quote_stuffing-agent-quote_stuffing-18",
    "action": "new",
    "side": "buy",
    "price": 65105.4888,
    "quantity": 0.001,
    "remaining_quantity": 0.001
  },
  {
    "event_id": "1471fdb0b94176bc43a661eb484884864dcc1a01ed67a905a64e1a6d4177aab6",
    "schema_version": "1.0.0",
    "event_type": "agent_order",
    "source": "synthetic_agent",
    "symbol": "BTCUSDT",
    "exchange": "binance_usdm",
    "timestamp": "2024-05-01T00:00:00.095000Z",
    "sequence": 19,
    "scenario_id": "scenario-112-quote_stuffing",
    "agent_id": "agent-quote_stuffing",
    "order_id": "scenario-112-quote_stuffing-agent-quote_stuffing-19",
    "action": "new",
    "side": "sell",
    "price": 65118.5112,
    "quantity": 0.001,
    "remaining_quantity": 0.001
  },
  {
    "event_id": "b28b1e503edf7d785daa468eb0fead7cf94eddca5728d4aea106933129f339a7",
    "schema_version": "1.0.0",
    "event_type": "agent_order",
    "source": "synthetic_agent",
    "symbol": "BTCUSDT",
    "exchange": "binance_usdm",
    "timestamp": "2024-05-01T00:00:00.100000Z",
    "sequence": 20,
    "scenario_id": "scenario-112-quote_stuffing",
    "agent_id": "agent-quote_stuffing",
    "order_id": "scenario-112-quote_stuffing-agent-quote_stuffing-20",
    "action": "new",
    "side": "buy",
    "price": 65105.4888,
    "quantity": 0.001,
    "remaining_quantity": 0.001
  },
  {
    "event_id": "56a4efb738058ab792c7937673aac854dd970b4bc9277b71268610b2cb884c13",
    "schema_version": "1.0.0",
    "event_type": "agent_order",
    "source": "synthetic_agent",
    "symbol": "BTCUSDT",
    "exchange": "binance_usdm",
    "timestamp": "2024-05-01T00:00:00.105000Z",
    "sequence": 21,
    "scenario_id": "scenario-112-quote_stuffing",
    "agent_id": "agent-quote_stuffing",
    "order_id": "scenario-112-quote_stuffing-agent-quote_stuffing-21",
    "action": "new",
    "side": "sell",
    "price": 65118.5112,
    "quantity": 0.001,
    "remaining_quantity": 0.001
  },
  {
    "event_id": "1acbca15ace04753f2a81dc7effbe706fb2fd060f8c943b0cc9df1ae34796c5c",
    "schema_version": "1.0.0",
    "event_type": "agent_order",
    "source": "synthetic_agent",
    "symbol": "BTCUSDT",
    "exchange": "binance_usdm",
    "timestamp": "2024-05-01T00:00:00.110000Z",
    "sequence": 22,
    "scenario_id": "scenario-112-quote_stuffing",
    "agent_id": "agent-quote_stuffing",
    "order_id": "scenario-112-quote_stuffing-agent-quote_stuffing-22",
    "action": "new",
    "side": "buy",
    "price": 65105.4888,
    "quantity": 0.001,
    "remaining_quantity": 0.001
  },
  {
    "event_id": "33e8c441dab1167173697328bf7dd6a03744d97a7b9f1663b76333095c0f3d6d",
    "schema_version": "1.0.0",
    "event_type": "agent_order",
    "source": "synthetic_agent",
    "symbol": "BTCUSDT",
    "exchange": "binance_usdm",
    "timestamp": "2024-05-01T00:00:00.115000Z",
    "sequence": 23,
    "scenario_id": "scenario-112-quote_stuffing",
    "agent_id": "agent-quote_stuffing",
    "order_id": "scenario-112-quote_stuffing-agent-quote_stuffing-23",
    "action": "new",
    "side": "sell",
    "price": 65118.5112,
    "quantity": 0.001,
    "remaining_quantity": 0.001
  },
  {
    "event_id": "76343043e4eaed0b7bba89736e93c9113d9dc15153ec614b886d02e714e47bfe",
    "schema_version": "1.0.0",
    "event_type": "agent_order",
    "source": "synthetic_agent",
    "symbol": "BTCUSDT",
    "exchange": "binance_usdm",
    "timestamp": "2024-05-01T00:00:00.120000Z",
    "sequence": 24,
    "scenario_id": "scenario-112-quote_stuffing",
    "agent_id": "agent-quote_stuffing",
    "order_id": "scenario-112-quote_stuffing-agent-quote_stuffing-24",
    "action": "new",
    "side": "buy",
    "price": 65105.4888,
    "quantity": 0.001,
    "remaining_quantity": 0.001
  },
  {
    "event_id": "95d8310999f0038e41facb578ee84e1dd2011a6c32e2df4e6f3be7cf56c95b18",
    "schema_version": "1.0.0",
    "event_type": "agent_order",
    "source": "synthetic_agent",
    "symbol": "BTCUSDT",
    "exchange": "binance_usdm",
    "timestamp": "2024-05-01T00:00:00.125000Z",
    "sequence": 25,
    "scenario_id": "scenario-112-quote_stuffing",
    "agent_id": "agent-quote_stuffing",
    "order_id": "scenario-112-quote_stuffing-agent-quote_stuffing-25",
    "action": "new",
    "side": "sell",
    "price": 65118.5112,
    "quantity": 0.001,
    "remaining_quantity": 0.001
  },
  {
    "event_id": "abd9b44493223ad427d647a42bec9e8900fcf4de5371cdf022b9475a783e1583",
    "schema_version": "1.0.0",
    "event_type": "agent_order",
    "source": "synthetic_agent",
    "symbol": "BTCUSDT",
    "exchange": "binance_usdm",
    "timestamp": "2024-05-01T00:00:00.130000Z",
    "sequence": 26,
    "scenario_id": "scenario-112-quote_stuffing",
    "agent_id": "agent-quote_stuffing",
    "order_id": "scenario-112-quote_stuffing-agent-quote_stuffing-26",
    "action": "new",
    "side": "buy",
    "price": 65105.4888,
    "quantity": 0.001,
    "remaining_quantity": 0.001
  },
  {
    "event_id": "47a92e92c257d90b97d62c430f0184b76086427f827a07f93524c9512a4f9d45",
    "schema_version": "1.0.0",
    "event_type": "agent_order",
    "source": "synthetic_agent",
    "symbol": "BTCUSDT",
    "exchange": "binance_usdm",
    "timestamp": "2024-05-01T00:00:00.135000Z",
    "sequence": 27,
    "scenario_id": "scenario-112-quote_stuffing",
    "agent_id": "agent-quote_stuffing",
    "order_id": "scenario-112-quote_stuffing-agent-quote_stuffing-27",
    "action": "new",
    "side": "sell",
    "price": 65118.5112,
    "quantity": 0.001,
    "remaining_quantity": 0.001
  },
  {
    "event_id": "36fe1689f89a93b78d13bd52217f3d6bc7bae4c99ec4c25662570e4b65526a97",
    "schema_version": "1.0.0",
    "event_type": "agent_order",
    "source": "synthetic_agent",
    "symbol": "BTCUSDT",
    "exchange": "binance_usdm",
    "timestamp": "2024-05-01T00:00:00.140000Z",
    "sequence": 28,
    "scenario_id": "scenario-112-quote_stuffing",
    "agent_id": "agent-quote_stuffing",
    "order_id": "scenario-112-quote_stuffing-agent-quote_stuffing-28",
    "action": "new",
    "side": "buy",
    "price": 65105.4888,
    "quantity": 0.001,
    "remaining_quantity": 0.001
  },
  {
    "event_id": "86f726b4deb3e1f5a87193886cdf01e40af0101468ccf6311d1d7c45b6b144dd",
    "schema_version": "1.0.0",
    "event_type": "agent_order",
    "source": "synthetic_agent",
    "symbol": "BTCUSDT",
    "exchange": "binance_usdm",
    "timestamp": "2024-05-01T00:00:00.145000Z",
    "sequence": 29,
    "scenario_id": "scenario-112-quote_stuffing",
    "agent_id": "agent-quote_stuffing",
    "order_id": "scenario-112-quote_stuffing-agent-quote_stuffing-29",
    "action": "new",
    "side": "sell",
    "price": 65118.5112,
    "quantity": 0.001,
    "remaining_quantity": 0.001
  }
]