[
  {
    "event_id": "30dedef04984980b5588c0c6b844ad5e48f3d1a709a09b924063b22b3cb96728",
    "schema_version": "1.0.0",
    "event_type": "agent_order",
    "source": "synthetic_agent",
    "symbol": "BTCUSDT",
    "exchange": "binance_usdm",
    "timestamp": "2024-05-01T00:00:00Z",
    "sequence": 0,
    "scenario_id": "scenario-396-passive_market_maker",
    "agent_id": "agent-passive_market_maker",
    "order_id": "scenario-396-passive_market_maker-agent-passive_market_maker-0",
    "action": "new",
    "side": "buy",
    "price": 65330.604,
    "quantity": 0.01,
    "remaining_quantity": 0.01
  },
  {
    "event_id": "6d34c5442c7128eede1251feb7dc2f8ebdbd11f2130886673bc3b7483a89f335",
    "schema_version": "1.0.0",
    "event_type": "agent_order",
    "source": "synthetic_agent",
    "symbol": "BTCUSDT",
    "exchange": "binance_usdm",
    "timestamp": "2024-05-01T00:00:00.100000Z",
    "sequence": 1,
    "scenario_id": "scenario-396-passive_market_maker",
    "agent_id": "agent-passive_market_maker",
    "order_id": "scenario-396-passive_market_maker-agent-passive_market_maker-1",
    "action": "new",
    "side": "sell",
    "price": 65461.39599999999,
    "quantity": 0.01,
    "remaining_quantity": 0.01
  },
  {
    "event_id": "8cf2ea3bdb73a408adf9701ba5eaaed419d5372505af3602253717cbd6983f43",
    "schema_version": "1.0.0",
    "event_type": "agent_order",
    "source": "synthetic_agent",
    "symbol": "BTCUSDT",
    "exchange": "binance_usdm",
    "timestamp": "2024-05-01T00:00:00.200000Z",
    "sequence": 2,
    "scenario_id": "scenario-396-passive_market_maker",
    "agent_id": "agent-passive_market_maker",
    "order_id": "scenario-396-passive_market_maker-agent-passive_market_maker-2",
    "action": "new",
    "side": "buy",
    "price": 65330.604,
    "quantity": 0.01,
    "remaining_quantity": 0.01
  },
  {
    "event_id": "cb6f1ecdbe032fb77c227410f721bcaf8d3698a825234d59d192c7e375e12b94",
    "schema_version": "1.0.0",
    "event_type": "agent_order",
    "source": "synthetic_agent",
    "symbol": "BTCUSDT",
    "exchange": "binance_usdm",
    "timestamp": "2024-05-01T00:00:00.300000Z",
    "sequence": 3,
    "scenario_id": "scenario-396-passive_market_maker",
    "agent_id": "agent-passive_market_maker",
    "order_id": "scenario-396-passive_market_maker-agent-passive_market_maker-3",
    "action": "new",
    "side": "sell",
    "price": 65461.39599999999,
    "quantity": 0.01,
    "remaining_quantity": 0.01
  },
  {
    "event_id": "5913970cbbbbf08272f0518fff6bf3e6c796f86c9b639fd66b2a62651f65ae9b",
    "schema_version": "1.0.0",
    "event_type": "agent_order",
    "source": "synthetic_agent",
    "symbol": "BTCUSDT",
    "exchange": "binance_usdm",
    "timestamp": "2024-05-01T00:00:00.400000Z",
    "sequence": 4,
    "scenario_id": "scenario-396-passive_market_maker",
    "agent_id": "agent-passive_market_maker",
    "order_id": "scenario-396-passive_market_maker-agent-passive_market_maker-4",
    "action": "new",
    "side": "buy",
    "price": 65330.604,
    "quantity": 0.01,
    "remaining_quantity": 0.01
  },
  {
    "event_id": "a56b94a605a79ade79867b1983db100cd499b8b4f6b2c908beffe7f53a677899",
    "schema_version": "1.0.0",
    "event_type": "agent_order",
    "source": "synthetic_agent",
    "symbol": "BTCUSDT",
    "exchange": "binance_usdm",
    "timestamp": "2024-05-01T00:00:00.500000Z",
    "sequence": 5,
    "scenario_id": "scenario-396-passive_market_maker",
    "agent_id": "agent-passive_market_maker",
    "order_id": "scenario-396-passive_market_maker-agent-passive_market_maker-5",
    "action": "new",
    "side": "sell",
    "price": 65461.39599999999,
    "quantity": 0.01,
    "remaining_quantity": 0.01
  },
  {
    "event_id": "d1e8961b34b2e9b307b6650771e70248a7b1b151758e2fc9249b93525257433d",
    "schema_version": "1.0.0",
    "event_type": "agent_order",
    "source": "synthetic_agent",
    "symbol": "BTCUSDT",
    "exchange": "binance_usdm",
    "timestamp": "2024-05-01T00:00:00.600000Z",
    "sequence": 6,
    "scenario_id": "scenario-396-passive_market_maker",
    "agent_id": "agent-passive_market_maker",
    "order_id": "scenario-396-passive_market_maker-agent-passive_market_maker-6",
    "action": "new",
    "side": "buy",
    "price": 65330.604,
    "quantity": 0.01,
    "remaining_quantity": 0.01
  },
  {
    "event_id": "2e3b2abfbae1d995ae5423b80e52bae9668292495a50b34a15710b9b2b3c98b3",
    "schema_version": "1.0.0",
    "event_type": "agent_order",
    "source": "synthetic_agent",
    "symbol": "BTCUSDT",
    "exchange": "binance_usdm",
    "timestamp": "2024-05-01T00:00:00.700000Z",
    "sequence": 7,
    "scenario_id": "scenario-396-passive_market_maker",
    "agent_id": "agent-passive_market_maker",
    "order_id": "scenario-396-passive_market_maker-agent-passive_market_maker-7",
    "action": "new",
    "side": "sell",
    "price": 65461.39599999999,
    "quantity": 0.01,
    "remaining_quantity": 0.01
  },
  {
    "event_id": "bda51756258ab03ee88c04c838898e5be570e186773b217001d700f3738550f3",
    "schema_version": "1.0.0",
    "event_type": "agent_order",
    "source": "synthetic_agent",
    "symbol": "BTCUSDT",
    "exchange": "binance_usdm",
    "timestamp": "2024-05-01T00:00:00.800000Z",
    "sequence": 8,
    "scenario_id": "scenario-396-passive_market_maker",
    "agent_id": "agent-passive_market_maker",
    "order_id": "scenario-396-passive_market_maker-agent-passive_market_maker-8",
    "action": "new",
    "side": "buy",
    "price": 65330.604,
    "quantity": 0.01,
    "remaining_quantity": 0.01
  },
  {
    "event_id": "a78d6a1dcbdacf83955e6b8259a036941f2f41d47acf48a3f3b78613e8731e92",
    "schema_version": "1.0.0",
    "event_type": "agent_order",
    "source": "synthetic_agent",
    "symbol": "BTCUSDT",
    "exchange": "binance_usdm",
    "timestamp": "2024-05-01T00:00:00.900000Z",
    "sequence": 9,
    "scenario_id": "scenario-396-passive_market_maker",
    "agent_id": "agent-passive_market_maker",
    "order_id": "scenario-396-passive_market_maker-agent-passive_market_maker-9",
    "action": "new",
    "side": "sell",
    "price": 65461.39599999999,
    "quantity": 0.01,
    "remaining_quantity": 0.01
  },
  {
    "event_id": "0d57af00cdd11c90ca6a9c1e4ffc5b4438fbd2ac198c1bea65db6cd8747dfb1d",
    "schema_version": "1.0.0",
    "event_type": "agent_order",
    "source": "synthetic_agent",
    "symbol": "BTCUSDT",
    "exchange": "binance_usdm",
    "timestamp": "2024-05-01T00:00:01Z",
    "sequence": 10,
    "scenario_id": "scenario-396-passive_market_maker",
    "agent_id": "agent-passive_market_maker",
    "order_id": "scenario-396-passive_market_maker-agent-passive_market_maker-10",
    "action": "new",
    "side": "buy",
    "price": 65330.604,
    "quantity": 0.01,
    "remaining_quantity": 0.01
  },
  {
    "event_id": "7a75cb10a52d5b5eb5ae4ac6637e496c2a7be6b400b3ba49ccdf4ea0e7dbde13",
    "schema_version": "1.0.0",
    "event_type": "agent_order",
    "source": "synthetic_agent",
    "symbol": "BTCUSDT",
    "exchange": "binance_usdm",
    "timestamp": "2024-05-01T00:00:01.100000Z",
    "sequence": 11,
    "scenario_id": "scenario-396-passive_market_maker",
    "agent_id": "agent-passive_market_maker",
    "order_id": "scenario-396-passive_market_maker-agent-passive_market_maker-11",
    "action": "new",
    "side": "sell",
    "price": 65461.39599999999,
    "quantity": 0.01,
    "remaining_quantity": 0.01
  },
  {
    "event_id": "25499e630bc5eaeb8c6185800241682a27e7848f38eb46963fdc65937974bbef",
    "schema_version": "1.0.0",
    "event_type": "agent_order",
    "source": "synthetic_agent",
    "symbol": "BTCUSDT",
    "exchange": "binance_usdm",
    "timestamp": "2024-05-01T00:00:01.200000Z",
    "sequence": 12,
    "scenario_id": "scenario-396-passive_market_maker",
    "agent_id": "agent-passive_market_maker",
    "order_id": "scenario-396-passive_market_maker-agent-passive_market_maker-12",
    "action": "new",
    "side": "buy",
    "price": 65330.604,
    "quantity": 0.01,
    "remaining_quantity": 0.01
  },
  {
    "event_id": "b66f5ab15b67433ee9576aa3d214d6a248c99297169b15ddf66c90b930b738a0",
    "schema_version": "1.0.0",
    "event_type": "agent_order",
    "source": "synthetic_agent",
    "symbol": "BTCUSDT",
    "exchange": "binance_usdm",
    "timestamp": "2024-05-01T00:00:01.300000Z",
    "sequence": 13,
    "scenario_id": "scenario-396-passive_market_maker",
    "agent_id": "agent-passive_market_maker",
    "order_id": "scenario-396-passive_market_maker-agent-passive_market_maker-13",
    "action": "new",
    "side": "sell",
    "price": 65461.39599999999,
    "quantity": 0.01,
    "remaining_quantity": 0.01
  },
  {
    "event_id": "b601f6572e4bafb04b6b29d3fe1b4721267660bba463e2567846e115ac599077",
    "schema_version": "1.0.0",
    "event_type": "agent_order",
    "source": "synthetic_agent",
    "symbol": "BTCUSDT",
    "exchange": "binance_usdm",
    "timestamp": "2024-05-01T00:00:01.400000Z",
    "sequence": 14,
    "scenario_id": "scenario-396-passive_market_maker",
    "agent_id": "agent-passive_market_maker",
    "order_id": "scenario-396-passive_market_maker-agent-passive_market_maker-14",
    "action": "new",
    "side": "buy",
    "price": 65330.604,
    "quantity": 0.01,
    "remaining_quantity": 0.01
  },
  {
    "event_id": "b4c9342a515c2f75ea315fa941bca26cb044200c573e30a74928abb5e2e1f6f8",
    "schema_version": "1.0.0",
    "event_type": "agent_order",
    "source": "synthetic_agent",
    "symbol": "BTCUSDT",
    "exchange": "binance_usdm",
    "timestamp": "2024-05-01T00:00:01.500000Z",
    "sequence": 15,
    "scenario_id": "scenario-396-passive_market_maker",
    "agent_id": "agent-passive_market_maker",
    "order_id": "scenario-396-passive_market_maker-agent-passive_market_maker-15",
    "action": "new",
    "side": "sell",
    "price": 65461.39599999999,
    "quantity": 0.01,
    "remaining_quantity": 0.01
  },
  {
    "event_id": "88c013cb0320f82fe368a2fc71d951437a6147bd05fed3a0db6b5ae3e98176d4",
    "schema_version": "1.0.0",
    "event_type": "agent_order",
    "source": "synthetic_agent",
    "symbol": "BTCUSDT",
    "exchange": "binance_usdm",
    "timestamp": "2024-05-01T00:00:01.600000Z",
    "sequence": 16,
    "scenario_id": "scenario-396-passive_market_maker",
    "agent_id": "agent-passive_market_maker",
    "order_id": "scenario-396-passive_market_maker-agent-passive_market_maker-16",
    "action": "new",
    "side": "buy",
    "price": 65330.604,
    "quantity": 0.01,
    "remaining_quantity": 0.01
  },
  {
    "event_id": "1e06243df9d5387914a936afcf1d05e17403f450c8e335d034c95e23c8d9801c",
    "schema_version": "1.0.0",
    "event_type": "agent_order",
    "source": "synthetic_agent",
    "symbol": "BTCUSDT",
    "exchange": "binance_usdm",
    "timestamp": "2024-05-01T00:00:01.700000Z",
    "sequence": 17,
    "scenario_id": "scenario-396-passive_market_maker",
    "agent_id": "agent-passive_market_maker",
    "order_id": "scenario-396-passive_market_maker-agent-passive_market_maker-17",
    "action": "new",
    "side": "sell",
    "price": 65461.39599999999,
    "quantity": 0.01,
    "remaining_quantity": 0.01
  },
  {
    "event_id": "74152da65e6dbc10d4cbb65499483da8b2553b0f7dd684c729ec97aed5672de3",
    "schema_version": "1.0.0",
    "event_type": "agent_order",
    "source": "synthetic_agent",
    "symbol": "BTCUSDT",
    "exchange": "binance_usdm",
    "timestamp": "2024-05-01T00:00:01.800000Z",
    "sequence": 18,
    "scenario_id": "scenario-396-passive_market_maker",
    "agent_id": "agent-passive_market_maker",
    "order_id": "scenario-396-passive_market_maker-agent-passive_market_maker-18",
    "action": "new",
    "side": "buy",
    "price": 65330.604,
    "quantity": 0.01,
    "remaining_quantity": 0.01
  },
  {
    "event_id": "71d0b2cbb5c6873bdb0ea02169eb6a42d1f20b6c71ed70ddb2aea64b515b31eb",
    "schema_version": "1.0.0",
    "event_type": "agent_order",
    "source": "synthetic_agent",
    "symbol": "BTCUSDT",
    "exchange": "binance_usdm",
    "timestamp": "2024-05-01T00:00:01.900000Z",
    "sequence": 19,
    "scenario_id": "scenario-396-passive_market_maker",
    "agent_id": "agent-passive_market_maker",
    "order_id": "scenario-396-passive_market_maker-agent-passive_market_maker-19",
    "action": "new",
    "side": "sell",
    "price": 65461.39599999999,
    "quantity": 0.01,
    "remaining_quantity": 0.01
  },
  {
    "event_id": "5bec201e78003ce411b79b6cce05108e278e706d360e021e9fb6761bf7a70623",
    "schema_version": "1.0.0",
    "event_type": "agent_order",
    "source": "synthetic_agent",
    "symbol": "BTCUSDT",
    "exchange": "binance_usdm",
    "timestamp": "2024-05-01T00:00:02Z",
    "sequence": 20,
    "scenario_id": "scenario-396-passive_market_maker",
    "agent_id": "agent-passive_market_maker",
    "order_id": "scenario-396-passive_market_maker-agent-passive_market_maker-20",
    "action": "new",
    "side": "buy",
    "price": 65330.604,
    "quantity": 0.01,
    "remaining_quantity": 0.01
  },
  {
    "event_id": "e043c87dbbe848c9985d0936037c05c565c9309f3d0d7f3fbc54f52196221daa",
    "schema_version": "1.0.0",
    "event_type": "agent_order",
    "source": "synthetic_agent",
    "symbol": "BTCUSDT",
    "exchange": "binance_usdm",
    "timestamp": "2024-05-01T00:00:02.100000Z",
    "sequence": 21,
    "scenario_id": "scenario-396-passive_market_maker",
    "agent_id": "agent-passive_market_maker",
    "order_id": "scenario-396-passive_market_maker-agent-passive_market_maker-21",
    "action": "new",
    "side": "sell",
    "price": 65461.39599999999,
    "quantity": 0.01,
    "remaining_quantity": 0.01
  },
  {
    "event_id": "e24a2b5fee77af7d7b1705ef9795e0b6e8904275306682a542dcf7479061b890",
    "schema_version": "1.0.0",
    "event_type": "agent_order",
    "source": "synthetic_agent",
    "symbol": "BTCUSDT",
    "exchange": "binance_usdm",
    "timestamp": "2024-05-01T00:00:02.200000Z",
    "sequence": 22,
    "scenario_id": "scenario-396-passive_market_maker",
    "agent_id": "agent-passive_market_maker",
    "order_id": "scenario-396-passive_market_maker-agent-passive_market_maker-22",
    "action": "new",
    "side": "buy",
    "price": 65330.604,
    "quantity": 0.01,
    "remaining_quantity": 0.01
  },
  {
    "event_id": "f70bd2229cec478914fc2bb3f01f1424b537d30f10a171d0ba249551df5b4541",
    "schema_version": "1.0.0",
    "event_type": "agent_order",
    "source": "synthetic_agent",
    "symbol": "BTCUSDT",
    "exchange": "binance_usdm",
    "timestamp": "2024-05-01T00:00:02.300000Z",
    "sequence": 23,
    "scenario_id": "scenario-396-passive_market_maker",
    "agent_id": "agent-passive_market_maker",
    "order_id": "scenario-396-passive_market_maker-agent-passive_market_maker-23",
    "action": "new",
    "side": "sell",
    "price": 65461.39599999999,
    "quantity": 0.01,
    "remaining_quantity": 0.01
  },
  {
    "event_id": "d11685da06176ceca64395d4752cd627112186b19b1ecae10e4b8cbe39393bba",
    "schema_version": "1.0.0",
    "event_type": "agent_order",
    "source": "synthetic_agent",
    "symbol": "BTCUSDT",
    "exchange": "binance_usdm",
    "timestamp": "2024-05-01T00:00:02.400000Z",
    "sequence": 24,
    "scenario_id": "scenario-396-passive_market_maker",
    "agent_id": "agent-passive_market_maker",
    "order_id": "scenario-396-passive_market_maker-agent-passive_market_maker-24",
    "action": "new",
    "side": "buy",
    "price": 65330.604,
    "quantity": 0.01,
    "remaining_quantity": 0.01
  },
  {
    "event_id": "d532ad5ebeefb3c71384337fd9022f96ad23a99cf6f20e6f6eee6ad9e8b85340",
    "schema_version": "1.0.0",
    "event_type": "agent_order",
    "source": "synthetic_agent",
    "symbol": "BTCUSDT",
    "exchange": "binance_usdm",
    "timestamp": "2024-05-01T00:00:02.500000Z",
    "sequence": 25,
    "scenario_id": "scenario-396-passive_market_maker",
    "agent_id": "agent-passive_market_maker",
    "order_id": "scenario-396-passive_market_maker-agent-passive_market_maker-25",
    "action": "new",
    "side": "sell",
    "price": 65461.39599999999,
    "quantity": 0.01,
    "remaining_quantity": 0.01
  },
  {
    "event_id": "ced91a7e6bb51748bd1e9283373b001eb70ed01bb52626bd7dd7c15fe2295365",
    "schema_version": "1.0.0",
    "event_type": "agent_order",
    "source": "synthetic_agent",
    "symbol": "BTCUSDT",
    "exchange": "binance_usdm",
    "timestamp": "2024-05-01T00:00:02.600000Z",
    "sequence": 26,
    "scenario_id": "scenario-396-passive_market_maker",
    "agent_id": "agent-passive_market_maker",
    "order_id": "scenario-396-passive_market_maker-agent-passive_market_maker-26",
    "action": "new",
    "side": "buy",
    "price": 65330.604,
    "quantity": 0.01,
    "remaining_quantity": 0.01
  },
  {
    "event_id": "c5956c877e973143ae6bdc104368d21dadb9ca9f82f62f8f58216fb23a4369b3",
    "schema_version": "1.0.0",
    "event_type": "agent_order",
    "source": "synthetic_agent",
    "symbol": "BTCUSDT",
    "exchange": "binance_usdm",
    "timestamp": "2024-05-01T00:00:02.700000Z",
    "sequence": 27,
    "scenario_id": "scenario-396-passive_market_maker",
    "agent_id": "agent-passive_market_maker",
    "order_id": "scenario-396-passive_market_maker-agent-passive_market_maker-27",
    "action": "new",
    "side": "sell",
    "price": 65461.39599999999,
    "quantity": 0.01,
    "remaining_quantity": 0.01
  },
  {
    "event_id": "44bab17da114fea0529b99db8c0189d19ba06fa1653b76e577a2384769dc358a",
    "schema_version": "1.0.0",
    "event_type": "agent_order",
    "source": "synthetic_agent",
    "symbol": "BTCUSDT",
    "exchange": "binance_usdm",
    "timestamp": "2024-05-01T00:00:02.800000Z",
    "sequence": 28,
    "scenario_id": "scenario-396-passive_market_maker",
    "agent_id": "agent-passive_market_maker",
    "order_id": "scenario-396-passive_market_maker-agent-passive_market_maker-28",
    "action": "new",
    "side": "buy",
    "price": 65330.604,
    "quantity": 0.01,
    "remaining_quantity": 0.01
  },
  {
    "event_id": "bfa0a602aeb1af489043853ddeaecc7efe020f0cb32b2ac2e7e2f0aafd0c9e01",
    "schema_version": "1.0.0",
    "event_type": "agent_order",
    "source": "synthetic_agent",
    "symbol": "BTCUSDT",
    "exchange": "binance_usdm",
    "timestamp": "2024-05-01T00:00:02.900000Z",
    "sequence": 29,
    "scenario_id": "scenario-396-passive_market_maker",
    "agent_id": "agent-passive_market_maker",
    "order_id": "scenario-396-passive_market_maker-agent-passive_market_maker-29",
    "action": "new",
    "side": "sell",
    "price": 65461.39599999999,
    "quantity": 0.01,
    "remaining_quantity": 0.01
  }
]