[
  {
    "event_id": "d604634c28fa217137ffec016cd1fd73a66e7d7cd7be2f0ba50361e7556d7399",
    "schema_version": "1.0.0",
    "event_type": "agent_order",
    "source": "synthetic_agent",
    "symbol": "BTCUSDT",
    "exchange": "binance_usdm",
    "timestamp": "2024-05-01T00:00:00Z",
    "sequence": 0,
    "scenario_id": "scenario-171-spoofing_layering",
    "agent_id": "agent-spoofing_layering",
    "order_id": "scenario-171-spoofing_layering-agent-spoofing_layering-0",
    "action": "new",
    "side": "sell",
    "price": 65203.585499999994,
    "quantity": 0.5,
    "remaining_quantity": 0.5
  },
  {
    "event_id": "c1cf3de8bd2c82731445e15cf14eea7b3b5f8eb788178648de0f8fd88799c532",
    "schema_version": "1.0.0",
    "event_type": "agent_order",
    "source": "synthetic_agent",
    "symbol": "BTCUSDT",
    "exchange": "binance_usdm",
    "timestamp": "2024-05-01T00:00:00.050000Z",
    "sequence": 1,
    "scenario_id": "scenario-171-spoofing_layering",
    "agent_id": "agent-spoofing_layering",
    "order_id": "scenario-171-spoofing_layering-agent-spoofing_layering-1",
    "action": "new",
    "side": "sell",
    "price": 65204.23721,
    "quantity": 0.5,
    "remaining_quantity": 0.5
  },
  {
    "event_id": "470e428a238b21d5ef865f35d64dbebd2604d73565b066052df79d8816ecd3b1",
    "schema_version": "1.0.0",
    "event_type": "agent_order",
    "source": "synthetic_agent",
    "symbol": "BTCUSDT",
    "exchange": "binance_usdm",
    "timestamp": "2024-05-01T00:00:00.100000Z",
    "sequence": 2,
    "scenario_id": "scenario-171-spoofing_layering",
    "agent_id": "agent-spoofing_layering",
    "order_id": "scenario-171-spoofing_layering-agent-spoofing_layering-2",
    "action": "new",
    "side": "sell",
    "price": 65204.88891999999,
    "quantity": 0.5,
    "remaining_quantity": 0.5
  },
  {
    "event_id": "0182886e9bc8ad622cf236b753555b3bb371fa9698f969bc0d3cdad137dcb981",
    "schema_version": "1.0.0",
    "event_type": "agent_order",
    "source": "synthetic_agent",
    "symbol": "BTCUSDT",
    "exchange": "binance_usdm",
    "timestamp": "2024-05-01T00:00:00.150000Z",
    "sequence": 3,
    "scenario_id": "scenario-171-spoofing_layering",
    "agent_id": "agent-spoofing_layering",
    "order_id": "scenario-171-spoofing_layering-agent-spoofing_layering-3",
    "action": "new",
    "side": "sell",
    "price": 65205.540629999996,
    "quantity": 0.5,
    "remaining_quantity": 0.5
  },
  {
    "event_id": "a5210b0a53923bee65e2003a4e065fee44c03f8456811be986e51df79a1d203e",
    "schema_version": "1.0.0",
    "event_type": "agent_order",
    "source": "synthetic_agent",
    "symbol": "BTCUSDT",
    "exchange": "binance_usdm",
    "timestamp": "2024-05-01T00:00:00.200000Z",
    "sequence": 4,
    "scenario_id": "scenario-171-spoofing_layering",
    "agent_id": "agent-spoofing_layering",
    "order_id": "scenario-171-spoofing_layering-agent-spoofing_layering-4",
    "action": "new",
    "side": "sell",
    "price": 65206.19234,
    "quantity": 0.5,
    "remaining_quantity": 0.5
  },
  {
    "event_id": "9ead883bff7e8d86036376e222da6d81cbcc4b4abf718e3765ce02376243a09b",
    "schema_version": "1.0.0",
    "event_type": "agent_order",
    "source": "synthetic_agent",
    "symbol": "BTCUSDT",
    "exchange": "binance_usdm",
    "timestamp": "2024-05-01T00:00:00.250000Z",
    "sequence": 5,
    "scenario_id": "scenario-171-spoofing_layering",
    "agent_id": "agent-spoofing_layering",
    "order_id": "scenario-171-spoofing_layering-agent-spoofing_layering-5",
    "action": "new",
    "side": "sell",
    "price": 65206.84405,
    "quantity": 0.5,
    "remaining_quantity": 0.5
  },
  {
    "event_id": "af57657656b82748a0ee356013933ffb2190f57f3b392698222294eb84ddd714",
    "schema_version": "1.0.0",
    "event_type": "agent_order",
    "source": "synthetic_agent",
    "symbol": "BTCUSDT",
    "exchange": "binance_usdm",
    "timestamp": "2024-05-01T00:00:00.300000Z",
    "sequence": 6,
    "scenario_id": "scenario-171-spoofing_layering",
    "agent_id": "agent-spoofing_layering",
    "order_id": "scenario-171-spoofing_layering-agent-spoofing_layering-6",
    "action": "new",
    "side": "sell",
    "price": 65207.49575999999,
    "quantity": 0.5,
    "remaining_quantity": 0.5
  },
  {
    "event_id": "63b12019f0187f70db793aa6f774ebeadd0b1e30545ddca9df71dd0467353955",
    "schema_version": "1.0.0",
    "event_type": "agent_order",
    "source": "synthetic_agent",
    "symbol": "BTCUSDT",
    "exchange": "binance_usdm",
    "timestamp": "2024-05-01T00:00:00.350000Z",
    "sequence": 7,
    "scenario_id": "scenario-171-spoofing_layering",
    "agent_id": "agent-spoofing_layering",
    "order_id": "scenario-171-spoofing_layering-agent-spoofing_layering-7",
    "action": "new",
    "side": "sell",
    "price": 65208.147469999996,
    "quantity": 0.5,
    "remaining_quantity": 0.5
  },
  {
    "event_id": "58d257758665d2432f9bfe6b993042b7584ff6f120be5d4f6582ab432ea69923",
    "schema_version": "1.0.0",
    "event_type": "agent_order",
    "source": "synthetic_agent",
    "symbol": "BTCUSDT",
    "exchange": "binance_usdm",
    "timestamp": "2024-05-01T00:00:00.400000Z",
    "sequence": 8,
    "scenario_id": "scenario-171-spoofing_layering",
    "agent_id": "agent-spoofing_layering",
    "order_id": "scenario-171-spoofing_layering-agent-spoofing_layering-8",
    "action": "new",
    "side": "sell",
    "price": 65208.79918,
    "quantity": 0.5,
    "remaining_quantity": 0.5
  },
  {
    "event_id": "fb8217b68dd6732918ce5d2f22bd72bc6e56480bf917042de9ba3ee53296a320",
    "schema_version": "1.0.0",
    "event_type": "agent_order",
    "source": "synthetic_agent",
    "symbol": "BTCUSDT",
    "exchange": "binance_usdm",
    "timestamp": "2024-05-01T00:00:00.450000Z",
    "sequence": 9,
    "scenario_id": "scenario-171-spoofing_layering",
    "agent_id": "agent-spoofing_layering",
    "order_id": "scenario-171-spoofing_layering-agent-spoofing_layering-9",
    "action": "new",
    "side": "sell",
    "price": 65209.45088999999,
    "quantity": 0.5,
    "remaining_quantity": 0.5
  },
  {
    "event_id": "709f90a1326e3326423ac3bd403edaf562463d0cc0ed41f08a68723835e33056",
    "schema_version": "1.0.0",
    "event_type": "agent_order",
    "source": "synthetic_agent",
    "symbol": "BTCUSDT",
    "exchange": "binance_usdm",
    "timestamp": "2024-05-01T00:00:00.500000Z",
    "sequence": 10,
    "scenario_id": "scenario-171-spoofing_layering",
    "agent_id": "agent-spoofing_layering",
    "order_id": "scenario-171-spoofing_layering-agent-spoofing_layering-10",
    "action": "new",
    "side": "sell",
    "price": 65210.1026,
    "quantity": 0.5,
    "remaining_quantity": 0.5
  },
  {
    "event_id": "bab5a449ae1274c068bd1fb9113ffa2e634c19f4e3ecc6acdf36b48312abcb71",
    "schema_version": "1.0.0",
    "event_type": "agent_order",
    "source": "synthetic_agent",
    "symbol": "BTCUSDT",
    "exchange": "binance_usdm",
    "timestamp": "2024-05-01T00:00:00.550000Z",
    "sequence": 11,
    "scenario_id": "scenario-171-spoofing_layering",
    "agent_id": "agent-spoofing_layering",
    "order_id": "scenario-171-spoofing_layering-agent-spoofing_layering-11",
    "action": "new",
    "side": "sell",
    "price": 65210.75431,
    "quantity": 0.5,
    "remaining_quantity": 0.5
  },
  {
    "event_id": "671fd07b4ea8b6a7ac181928b8eac3e6bde60c2535699acda7fd838a8cc85694",
    "schema_version": "1.0.0",
    "event_type": "agent_order",
    "source": "synthetic_agent",
    "symbol": "BTCUSDT",
    "exchange": "binance_usdm",
    "timestamp": "2024-05-01T00:00:00.600000Z",
    "sequence": 12,
    "scenario_id": "scenario-171-spoofing_layering",
    "agent_id": "agent-spoofing_layering",
    "order_id": "scenario-171-spoofing_layering-agent-spoofing_layering-12",
    "action": "new",
    "side": "sell",
    "price": 65211.40601999999,
    "quantity": 0.5,
    "remaining_quantity": 0.5
  },
  {
    "event_id": "5d07a5657afe88756e47442c9b6a913405b13ab699e92232d5b6998f734228f4",
    "schema_version": "1.0.0",
    "event_type": "agent_order",
    "source": "synthetic_agent",
    "symbol": "BTCUSDT",
    "exchange": "binance_usdm",
    "timestamp": "2024-05-01T00:00:00.650000Z",
    "sequence": 13,
    "scenario_id": "scenario-171-spoofing_layering",
    "agent_id": "agent-spoofing_layering",
    "order_id": "scenario-171-spoofing_layering-agent-spoofing_layering-13",
    "action": "new",
    "side": "sell",
    "price": 65212.05772999999,
    "quantity": 0.5,
    "remaining_quantity": 0.5
  },
  {
    "event_id": "88ed6f9c740e7253efcec68b59f3018bab961779ab622d299bf93e394cca9b8c",
    "schema_version": "1.0.0",
    "event_type": "agent_order",
    "source": "synthetic_agent",
    "symbol": "BTCUSDT",
    "exchange": "binance_usdm",
    "timestamp": "2024-05-01T00:00:00.700000Z",
    "sequence": 14,
    "scenario_id": "scenario-171-spoofing_layering",
    "agent_id": "agent-spoofing_layering",
    "order_id": "scenario-171-spoofing_layering-agent-spoofing_layering-14",
    "action": "new",
    "side": "sell",
    "price": 65212.70944,
    "quantity": 0.5,
    "remaining_quantity": 0.5
  },
  {
    "event_id": "83cd0df33fe4706d5f832a0e98289cf99b494239451bc3aba34eb753dd705026",
    "schema_version": "1.0.0",
    "event_type": "agent_order",
    "source": "synthetic_agent",
    "symbol": "BTCUSDT",
    "exchange": "binance_usdm",
    "timestamp": "2024-05-01T00:00:00.750000Z",
    "sequence": 15,
    "scenario_id": "scenario-171-spoofing_layering",
    "agent_id": "agent-spoofing_layering",
    "order_id": "scenario-171-spoofing_layering-agent-spoofing_layering-15",
    "action": "new",
    "side": "sell",
    "price": 65213.361150000004,
    "quantity": 0.5,
    "remaining_quantity": 0.5
  },
  {
    "event_id": "6d2aaf5a0e68205b0447efa7aea33160bd22c706f502a08016b1ba9825a788c8",
    "schema_version": "1.0.0",
    "event_type": "agent_order",
    "source": "synthetic_agent",
    "symbol": "BTCUSDT",
    "exchange": "binance_usdm",
    "timestamp": "2024-05-01T00:00:00.800000Z",
    "sequence": 16,
    "scenario_id": "scenario-171-spoofing_layering",
    "agent_id": "agent-spoofing_layering",
    "order_id": "scenario-171-spoofing_layering-agent-spoofing_layering-16",
    "action": "new",
    "side": "sell",
    "price": 65214.012859999995,
    "quantity": 0.5,
    "remaining_quantity": 0.5
  },
  {
    "event_id": "afca55d5cf41810f20449cd7e81b31a9a79425aa79764b04e7acd4895e7f5de7",
    "schema_version": "1.0.0",
    "event_type": "agent_order",
    "source": "synthetic_agent",
    "symbol": "BTCUSDT",
    "exchange": "binance_usdm",
    "timestamp": "2024-05-01T00:00:00.850000Z",
    "sequence": 17,
    "scenario_id": "scenario-171-spoofing_layering",
    "agent_id": "agent-spoofing_layering",
    "order_id": "scenario-171-spoofing_layering-agent-spoofing_layering-17",
    "action": "new",
    "side": "sell",
    "price": 65214.66456999999,
    "quantity": 0.5,
    "remaining_quantity": 0.5
  },
  {
    "event_id": "70f537582b82276fa36b87980663691fdf3376a5c56c379e127c3e8359e36a2d",
    "schema_version": "1.0.0",
    "event_type": "agent_order",
    "source": "synthetic_agent",
    "symbol": "BTCUSDT",
    "exchange": "binance_usdm",
    "timestamp": "2024-05-01T00:00:00.900000Z",
    "sequence": 18,
    "scenario_id": "scenario-171-spoofing_layering",
    "agent_id": "agent-spoofing_layering",
    "order_id": "scenario-171-spoofing_layering-agent-spoofing_layering-18",
    "action": "new",
    "side": "sell",
    "price": 65215.31628,
    "quantity": 0.5,
    "remaining_quantity": 0.5
  },
  {
    "event_id": "53c2388acd55b76ba805d5cc98f24017f0c4820a5d0ca0d054993f196a1a96b3",
    "schema_version": "1.0.0",
    "event_type": "agent_order",
    "source": "synthetic_agent",
    "symbol": "BTCUSDT",
    "exchange": "binance_usdm",
    "timestamp": "2024-05-01T00:00:00.950000Z",
    "sequence": 19,
    "scenario_id": "scenario-171-spoofing_layering",
    "agent_id": "agent-spoofing_layering",
    "order_id": "scenario-171-spoofing_layering-agent-spoofing_layering-19",
    "action": "new",
    "side": "sell",
    "price": 65215.96798999999,
    "quantity": 0.5,
    "remaining_quantity": 0.5
  },
  {
    "event_id": "c11e34628f104f2b33d934b576f38bc5a4867930b56f339076aeb953ae62e3f1",
    "schema_version": "1.0.0",
    "event_type": "agent_order",
    "source": "synthetic_agent",
    "symbol": "BTCUSDT",
    "exchange": "binance_usdm",
    "timestamp": "2024-05-01T00:00:01Z",
    "sequence": 20,
    "scenario_id": "scenario-171-spoofing_layering",
    "agent_id": "agent-spoofing_layering",
    "order_id": "scenario-171-spoofing_layering-agent-spoofing_layering-20",
    "action": "new",
    "side": "sell",
    "price": 65216.619699999996,
    "quantity": 0.5,
    "remaining_quantity": 0.5
  },
  {
    "event_id": "2effe94377a4cdbb7df5557d3c982f913b7bc24d32185b2f99cc23fff787beb4",
    "schema_version": "1.0.0",
    "event_type": "agent_order",
    "source": "synthetic_agent",
    "symbol": "BTCUSDT",
    "exchange": "binance_usdm",
    "timestamp": "2024-05-01T00:00:01.050000Z",
    "sequence": 21,
    "scenario_id": "scenario-171-spoofing_layering",
    "agent_id": "agent-spoofing_layering",
    "order_id": "scenario-171-spoofing_layering-agent-spoofing_layering-21",
    "action": "new",
    "side": "sell",
    "price": 65217.27141,
    "quantity": 0.5,
    "remaining_quantity": 0.5
  },
  {
    "event_id": "bd0cc51f73fc693f8d684aa7e9699e53557d5eebb2f8a5737613f2f24d8406ce",
    "schema_version": "1.0.0",
    "event_type": "agent_order",
    "source": "synthetic_agent",
    "symbol": "BTCUSDT",
    "exchange": "binance_usdm",
    "timestamp": "2024-05-01T00:00:01.100000Z",
    "sequence": 22,
    "scenario_id": "scenario-171-spoofing_layering",
    "agent_id": "agent-spoofing_layering",
    "order_id": "scenario-171-spoofing_layering-agent-spoofing_layering-22",
    "action": "new",
    "side": "sell",
    "price": 65217.92312000001,
    "quantity": 0.5,
    "remaining_quantity": 0.5
  },
  {
    "event_id": "26db27fdaf00a1ce3f2b209f91665fea00de21d63b53125f2003e4899b874866",
    "schema_version": "1.0.0",
    "event_type": "agent_order",
    "source": "synthetic_agent",
    "symbol": "BTCUSDT",
    "exchange": "binance_usdm",
    "timestamp": "2024-05-01T00:00:01.150000Z",
    "sequence": 23,
    "scenario_id": "scenario-171-spoofing_layering",
    "agent_id": "agent-spoofing_layering",
    "order_id": "scenario-171-spoofing_layering-agent-spoofing_layering-23",
    "action": "new",
    "side": "sell",
    "price": 65218.57482999999,
    "quantity": 0.5,
    "remaining_quantity": 0.5
  },
  {
    "event_id": "e260f877c868bf9eddd07d0143d52a815c53fa81f67dde218297d9d3338befec",
    "schema_version": "1.0.0",
    "event_type": "agent_order",
    "source": "synthetic_agent",
    "symbol": "BTCUSDT",
    "exchange": "binance_usdm",
    "timestamp": "2024-05-01T00:00:01.200000Z",
    "sequence": 24,
    "scenario_id": "scenario-171-spoofing_layering",
    "agent_id": "agent-spoofing_layering",
    "order_id": "scenario-171-spoofing_layering-agent-spoofing_layering-24",
    "action": "new",
    "side": "sell",
    "price": 65219.226539999996,
    "quantity": 0.5,
    "remaining_quantity": 0.5
  },
  {
    "event_id": "71654b698ab3506616ef78335a33911f854d4a2ebe523814b891705ce305158f",
    "schema_version": "1.0.0",
    "event_type": "agent_order",
    "source": "synthetic_agent",
    "symbol": "BTCUSDT",
    "exchange": "binance_usdm",
    "timestamp": "2024-05-01T00:00:01.250000Z",
    "sequence": 25,
    "scenario_id": "scenario-171-spoofing_layering",
    "agent_id": "agent-spoofing_layering",
    "order_id": "scenario-171-spoofing_layering-agent-spoofing_layering-25",
    "action": "new",
    "side": "sell",
    "price": 65219.87825,
    "quantity": 0.5,
    "remaining_quantity": 0.5
  },
  {
    "event_id": "7931374d6cbc2dc6a5342393d56545772a25db99711ecce17aa5a66a8f76aec6",
    "schema_version": "1.0.0",
    "event_type": "agent_order",
    "source": "synthetic_agent",
    "symbol": "BTCUSDT",
    "exchange": "binance_usdm",
    "timestamp": "2024-05-01T00:00:01.300000Z",
    "sequence": 26,
    "scenario_id": "scenario-171-spoofing_layering",
    "agent_id": "agent-spoofing_layering",
    "order_id": "scenario-171-spoofing_layering-agent-spoofing_layering-26",
    "action": "new",
    "side": "sell",
    "price": 65220.52995999999,
    "quantity": 0.5,
    "remaining_quantity": 0.5
  },
  {
    "event_id": "3c8320798cd37c22a2dae550c7c7da41d56cc235736c1be2eb3ce97e59a57fb7",
    "schema_version": "1.0.0",
    "event_type": "agent_order",
    "source": "synthetic_agent",
    "symbol": "BTCUSDT",
    "exchange": "binance_usdm",
    "timestamp": "2024-05-01T00:00:01.350000Z",
    "sequence": 27,
    "scenario_id": "scenario-171-spoofing_layering",
    "agent_id": "agent-spoofing_layering",
    "order_id": "scenario-171-spoofing_layering-agent-spoofing_layering-27",
    "action": "new",
    "side": "sell",
    "price": 65221.18167,
    "quantity": 0.5,
    "remaining_quantity": 0.5
  },
  {
    "event_id": "149d0ef4639650bb280b162d3d45406462f8a3e1003dd39e851ba122b771ea32",
    "schema_version": "1.0.0",
    "event_type": "agent_order",
    "source": "synthetic_agent",
    "symbol": "BTCUSDT",
    "exchange": "binance_usdm",
    "timestamp": "2024-05-01T00:00:01.400000Z",
    "sequence": 28,
    "scenario_id": "scenario-171-spoofing_layering",
    "agent_id": "agent-spoofing_layering",
    "order_id": "scenario-171-spoofing_layering-agent-spoofing_layering-28",
    "action": "new",
    "side": "sell",
    "price": 65221.833380000004,
    "quantity": 0.5,
    "remaining_quantity": 0.5
  },
  {
    "event_id": "01f03cce779abb955ccbb540adc89632b415b0a65789ae80ce605aada6a5974c",
    "schema_version": "1.0.0",
    "event_type": "agent_order",
    "source": "synthetic_agent",
    "symbol": "BTCUSDT",
    "exchange": "binance_usdm",
    "timestamp": "2024-05-01T00:00:01.450000Z",
    "sequence": 29,
    "scenario_id": "scenario-171-spoofing_layering",
    "agent_id": "agent-spoofing_layering",
    "order_id": "scenario-171-spoofing_layering-agent-spoofing_layering-29",
    "action": "new",
    "side": "sell",
    "price": 65222.48508999999,
    "quantity": 0.5,
    "remaining_quantity": 0.5
  }
]