[
  {
    "event_id": "348c261f3a963ec71c8d24f0e4f8cffe945eed51b2c359a06dc3cfb890250c0f",
    "schema_version": "1.0.0",
    "event_type": "agent_order",
    "source": "synthetic_agent",
    "symbol": "BTCUSDT",
    "exchange": "binance_usdm",
    "timestamp": "2024-05-01T00:00:00Z",
    "sequence": 0,
    "scenario_id": "scenario-368-latency_edge",
    "agent_id": "agent-latency_edge",
    "order_id": "scenario-368-latency_edge-agent-latency_edge-0",
    "action": "new",
    "side": "buy",
    "price": 65407.220799999996,
    "quantity": 0.006,
    "remaining_quantity": 0.006
  },
  {
    "event_id": "fbaae0145c4d8c93a9e4e94666706d372df5a491accb80ab49498a7173b462fe",
    "schema_version": "1.0.0",
    "event_type": "agent_order",
    "source": "synthetic_agent",
    "symbol": "BTCUSDT",
    "exchange": "binance_usdm",
    "timestamp": "2024-05-01T00:00:00.008000Z",
    "sequence": 1,
    "scenario_id": "scenario-368-latency_edge",
    "agent_id": "agent-latency_edge",
    "order_id": "scenario-368-latency_edge-agent-latency_edge-1",
    "action": "new",
    "side": "buy",
    "price": 65407.220799999996,
    "quantity": 0.006,
    "remaining_quantity": 0.006
  },
  {
    "event_id": "dc8c7aee159b2df31ff4efc410c708a49d994299df855b6014b6fe983daecb18",
    "schema_version": "1.0.0",
    "event_type": "agent_order",
    "source": "synthetic_agent",
    "symbol": "BTCUSDT",
    "exchange": "binance_usdm",
    "timestamp": "2024-05-01T00:00:00.016000Z",
    "sequence": 2,
    "scenario_id": "scenario-368-latency_edge",
    "agent_id": "agent-latency_edge",
    "order_id": "scenario-368-latency_edge-agent-latency_edge-2",
    "action": "new",
    "side": "sell",
    "price": 65328.7792,
    "quantity": 0.006,
    "remaining_quantity": 0.006
  },
  {
    "event_id": "c5c0f4bc006eecefd19d01590c1ab5586d16349052f1c50aaafca16ae76d2e26",
    "schema_version": "1.0.0",
    "event_type": "agent_order",
    "source": "synthetic_agent",
    "symbol": "BTCUSDT",
    "exchange": "binance_usdm",
    "timestamp": "2024-05-01T00:00:00.024000Z",
    "sequence": 3,
    "scenario_id": "scenario-368-latency_edge",
    "agent_id": "agent-latency_edge",
    "order_id": "scenario-368-latency_edge-agent-latency_edge-3",
    "action": "new",
    "side": "sell",
    "price": 65328.7792,
    "quantity": 0.006,
    "remaining_quantity": 0.006
  },
  {
    "event_id": "a51326280633c333fa22dddb969d958fc4c05f10f7a505df823270856715ec12",
    "schema_version": "1.0.0",
    "event_type": "agent_order",
    "source": "synthetic_agent",
    "symbol": "BTCUSDT",
    "exchange": "binance_usdm",
    "timestamp": "2024-05-01T00:00:00.032000Z",
    "sequence": 4,
    "scenario_id": "scenario-368-latency_edge",
    "agent_id": "agent-latency_edge",
    "order_id": "scenario-368-latency_edge-agent-latency_edge-4",
    "action": "new",
    "side": "buy",
    "price": 65407.220799999996,
    "quantity": 0.006,
    "remaining_quantity": 0.006
  },
  {
    "event_id": "ce4aa4cc9f9e99664237d485fc6154789287839ff3d6dffdd6e3ff5cf7de5d48",
    "schema_version": "1.0.0",
    "event_type": "agent_order",
    "source": "synthetic_agent",
    "symbol": "BTCUSDT",
    "exchange": "binance_usdm",
    "timestamp": "2024-05-01T00:00:00.040000Z",
    "sequence": 5,
    "scenario_id": "scenario-368-latency_edge",
    "agent_id": "agent-latency_edge",
    "order_id": "scenario-368-latency_edge-agent-latency_edge-5",
    "action": "new",
    "side": "buy",
    "price": 65407.220799999996,
    "quantity": 0.006,
    "remaining_quantity": 0.006
  },
  {
    "event_id": "a782309c548e7cf9dec998a7e2a2075ca08239a8f52870cfa6abeeec074f358b",
    "schema_version": "1.0.0",
    "event_type": "agent_order",
    "source": "synthetic_agent",
    "symbol": "BTCUSDT",
    "exchange": "binance_usdm",
    "timestamp": "2024-05-01T00:00:00.048000Z",
    "sequence": 6,
    "scenario_id": "scenario-368-latency_edge",
    "agent_id": "agent-latency_edge",
    "order_id": "scenario-368-latency_edge-agent-latency_edge-6",
    "action": "new",
    "side": "sell",
    "price": 65328.7792,
    "quantity": 0.006,
    "remaining_quantity": 0.006
  },
  {
    "event_id": "c37fe960808a361fefb23f42bcd49941452b1cafb55f7a70686d130ad78f5294",
    "schema_version": "1.0.0",
    "event_type": "agent_order",
    "source": "synthetic_agent",
    "symbol": "BTCUSDT",
    "exchange": "binance_usdm",
    "timestamp": "2024-05-01T00:00:00.056000Z",
    "sequence": 7,
    "scenario_id": "scenario-368-latency_edge",
    "agent_id": "agent-latency_edge",
    "order_id": "scenario-368-latency_edge-agent-latency_edge-7",
    "action": "new",
    "side": "sell",
    "price": 65328.7792,
    "quantity": 0.006,
    "remaining_quantity": 0.006
  },
  {
    "event_id": "444a2086517f63a6ab183583214c84604f872500761faa07e4b0ef738f56b971",
    "schema_version": "1.0.0",
    "event_type": "agent_order",
    "source": "synthetic_agent",
    "symbol": "BTCUSDT",
    "exchange": "binance_usdm",
    "timestamp": "2024-05-01T00:00:00.064000Z",
    "sequence": 8,
    "scenario_id": "scenario-368-latency_edge",
    "agent_id": "agent-latency_edge",
    "order_id": "scenario-368-latency_edge-agent-latency_edge-8",
    "action": "new",
    "side": "buy",
    "price": 65407.220799999996,
    "quantity": 0.006,
    "remaining_quantity": 0.006
  },
  {
    "event_id": "509f267dcd89223d5df6065f61bb4c7bb74c203f012a84666b55569bc36f5d73",
    "schema_version": "1.0.0",
    "event_type": "agent_order",
    "source": "synthetic_agent",
    "symbol": "BTCUSDT",
    "exchange": "binance_usdm",
    "timestamp": "2024-05-01T00:00:00.072000Z",
    "sequence": 9,
    "scenario_id": "scenario-368-latency_edge",
    "agent_id": "agent-latency_edge",
    "order_id": "scenario-368-latency_edge-agent-latency_edge-9",
    "action": "new",
    "side": "buy",
    "price": 65407.220799999996,
    "quantity": 0.006,
    "remaining_quantity": 0.006
  },
  {
    "event_id": "809d1b7ad2de55603c9b455fc84cad1f685995c89c0144887411cfc9b8f40277",
    "schema_version": "1.0.0",
    "event_type": "agent_order",
    "source": "synthetic_agent",
    "symbol": "BTCUSDT",
    "exchange": "binance_usdm",
    "timestamp": "2024-05-01T00:00:00.080000Z",
    "sequence": 10,
    "scenario_id": "scenario-368-latency_edge",
    "agent_id": "agent-latency_edge",
    "order_id": "scenario-368-latency_edge-agent-latency_edge-10",
    "action": "new",
    "side": "sell",
    "price": 65328.7792,
    "quantity": 0.006,
    "remaining_quantity": 0.006
  },
  {
    "event_id": "5192516530e8924a9c595abc193897b12c6e0c53c6e8a3aa275de3844e198719",
    "schema_version": "1.0.0",
    "event_type": "agent_order",
    "source": "synthetic_agent",
    "symbol": "BTCUSDT",
    "exchange": "binance_usdm",
    "timestamp": "2024-05-01T00:00:00.088000Z",
    "sequence": 11,
    "scenario_id": "scenario-368-latency_edge",
    "agent_id": "agent-latency_edge",
    "order_id": "scenario-368-latency_edge-agent-latency_edge-11",
    "action": "new",
    "side": "sell",
    "price": 65328.7792,
    "quantity": 0.006,
    "remaining_quantity": 0.006
  },
  {
    "event_id": "f7a6283c69635e6da29d3424dc7a25171261be11bac54d8748130ba5be964d4a",
    "schema_version": "1.0.0",
    "event_type": "agent_order",
    "source": "synthetic_agent",
    "symbol": "BTCUSDT",
    "exchange": "binance_usdm",
    "timestamp": "2024-05-01T00:00:00.096000Z",
    "sequence": 12,
    "scenario_id": "scenario-368-latency_edge",
    "agent_id": "agent-latency_edge",
    "order_id": "scenario-368-latency_edge-agent-latency_edge-12",
    "action": "new",
    "side": "buy",
    "price": 65407.220799999996,
    "quantity": 0.006,
    "remaining_quantity": 0.006
  },
  {
    "event_id": "0be3d38c6b10cf2ce7b090ed541cb57189cd83b8a346d9ef6c806184635c5d6c",
    "schema_version": "1.0.0",
    "event_type": "agent_order",
    "source": "synthetic_agent",
    "symbol": "BTCUSDT",
    "exchange": "binance_usdm",
    "timestamp": "2024-05-01T00:00:00.104000Z",
    "sequence": 13,
    "scenario_id": "scenario-368-latency_edge",
    "agent_id": "agent-latency_edge",
    "order_id": "scenario-368-latency_edge-agent-latency_edge-13",
    "action": "new",
    "side": "buy",
    "price": 65407.220799999996,
    "quantity": 0.006,
    "remaining_quantity": 0.006
  },
  {
    "event_id": "c5715f97cda61bb40a33aa7cbb5f4237a1593c23bee300d214c3cee6e3f9ba6a",
    "schema_version": "1.0.0",
    "event_type": "agent_order",
    "source": "synthetic_agent",
    "symbol": "BTCUSDT",
    "exchange": "binance_usdm",
    "timestamp": "2024-05-01T00:00:00.112000Z",
    "sequence": 14,
    "scenario_id": "scenario-368-latency_edge",
    "agent_id": "agent-latency_edge",
    "order_id": "scenario-368-latency_edge-agent-latency_edge-14",
    "action": "new",
    "side": "sell",
    "price": 65328.7792,
    "quantity": 0.006,
    "remaining_quantity": 0.006
  },
  {
    "event_id": "89f0ca8b1baf2dce553523445bf6cc26bb24bc3d42058fb3461121bb87563e64",
    "schema_version": "1.0.0",
    "event_type": "agent_order",
    "source": "synthetic_agent",
    "symbol": "BTCUSDT",
    "exchange": "binance_usdm",
    "timestamp": "2024-05-01T00:00:00.120000Z",
    "sequence": 15,
    "scenario_id": "scenario-368-latency_edge",
    "agent_id": "agent-latency_edge",
    "order_id": "scenario-368-latency_edge-agent-latency_edge-15",
    "action": "new",
    "side": "sell",
    "price": 65328.7792,
    "quantity": 0.006,
    "remaining_quantity": 0.006
  },
  {
    "event_id": "02f394b5479ed1f8d1e385e70fb325f37e74f9827f5149c4a374a7cc65e06986",
    "schema_version": "1.0.0",
    "event_type": "agent_order",
    "source": "synthetic_agent",
    "symbol": "BTCUSDT",
    "exchange": "binance_usdm",
    "timestamp": "2024-05-01T00:00:00.128000Z",
    "sequence": 16,
    "scenario_id": "scenario-368-latency_edge",
    "agent_id": "agent-latency_edge",
    "order_id": "scenario-368-latency_edge-agent-latency_edge-16",
    "action": "new",
    "side": "buy",
    "price": 65407.220799999996,
    "quantity": 0.006,
    "remaining_quantity": 0.006
  },
  {
    "event_id": "383e8e6c87f9eda2395f8754bbe5ba0af0908c6f2f2dbda046a7a6cb1c53fb4a",
    "schema_version": "1.0.0",
    "event_type": "agent_order",
    "source": "synthetic_agent",
    "symbol": "BTCUSDT",
    "exchange": "binance_usdm",
    "timestamp": "2024-05-01T00:00:00.136000Z",
    "sequence": 17,
    "scenario_id": "scenario-368-latency_edge",
    "agent_id": "agent-latency_edge",
    "order_id": "scenario-368-latency_edge-agent-latency_edge-17",
    "action": "new",
    "side": "buy",
    "price": 65407.220799999996,
    "quantity": 0.006,
    "remaining_quantity": 0.006
  },
  {
    "event_id": "2816bf0bf94a412161c56de78264547ba22a742bc276318e261829d55b9e6c33",
    "schema_version": "1.0.0",
    "event_type": "agent_order",
    "source": "synthetic_agent",
    "symbol": "BTCUSDT",
    "exchange": "binance_usdm",
    "timestamp": "2024-05-01T00:00:00.144000Z",
    "sequence": 18,
    "scenario_id": "scenario-368-latency_edge",
    "agent_id": "agent-latency_edge",
    "order_id": "scenario-368-latency_edge-agent-latency_edge-18",
    "action": "new",
    "side": "sell",
    "price": 65328.7792,
    "quantity": 0.006,
    "remaining_quantity": 0.006
  },
  {
    "event_id": "aa9af41b36a0abb207410312e592f53d9465bdd2075f5ecd8de0a10b3bdb60ec",
    "schema_version": "1.0.0",
    "event_type": "agent_order",
    "source": "synthetic_agent",
    "symbol": "BTCUSDT",
    "exchange": "binance_usdm",
    "timestamp": "2024-05-01T00:00:00.152000Z",
    "sequence": 19,
    "scenario_id": "scenario-368-latency_edge",
    "agent_id": "agent-latency_edge",
    "order_id": "scenario-368-latency_edge-agent-latency_edge-19",
    "action": "new",
    "side": "sell",
    "price": 65328.7792,
    "quantity": 0.006,
    "remaining_quantity": 0.006
  },
  {
    "event_id": "c3eb09a234b09f9f06634a5bb464d613606ddc88fbe4778dfa4a459011fb1f53",
    "schema_version": "1.0.0",
    "event_type": "agent_order",
    "source": "synthetic_agent",
    "symbol": "BTCUSDT",
    "exchange": "binance_usdm",
    "timestamp": "2024-05-01T00:00:00.160000Z",
    "sequence": 20,
    "scenario_id": "scenario-368-latency_edge",
    "agent_id": "agent-latency_edge",
    "order_id": "scenario-368-latency_edge-agent-latency_edge-20",
    "action": "new",
    "side": "buy",
    "price": 65407.220799999996,
    "quantity": 0.006,
    "remaining_quantity": 0.006
  },
  {
    "event_id": "cbb243411539f3a594167fcce1f8e7980cde36292374b197419933cb812a19d1",
    "schema_version": "1.0.0",
    "event_type": "agent_order",
    "source": "synthetic_agent",
    "symbol": "BTCUSDT",
    "exchange": "binance_usdm",
    "timestamp": "2024-05-01T00:00:00.168000Z",
    "sequence": 21,
    "scenario_id": "scenario-368-latency_edge",
    "agent_id": "agent-latency_edge",
    "order_id": "scenario-368-latency_edge-agent-latency_edge-21",
    "action": "new",
    "side": "buy",
    "price": 65407.220799999996,
    "quantity": 0.006,
    "remaining_quantity": 0.006
  },
  {
    "event_id": "be223ff8f652c9365e40df8fdfc9337117bccd38692b7a363fad0db7482d9a86",
    "schema_version": "1.0.0",
    "event_type": "agent_order",
    "source": "synthetic_agent",
    "symbol": "BTCUSDT",
    "exchange": "binance_usdm",
    "timestamp": "2024-05-01T00:00:00.176000Z",
    "sequence": 22,
    "scenario_id": "scenario-368-latency_edge",
    "agent_id": "agent-latency_edge",
    "order_id": "scenario-368-latency_edge-agent-latency_edge-22",
    "action": "new",
    "side": "sell",
    "price": 65328.7792,
    "quantity": 0.006,
    "remaining_quantity": 0.006
  },
  {
    "event_id": "7624e395323b949eb18ab7838c80f721afbbc9ce9e0264398c804c86d2068582",
    "schema_version": "1.0.0",
    "event_type": "agent_order",
    "source": "synthetic_agent",
    "symbol": "BTCUSDT",
    "exchange": "binance_usdm",
    "timestamp": "2024-05-01T00:00:00.184000Z",
    "sequence": 23,
    "scenario_id": "scenario-368-latency_edge",
    "agent_id": "agent-latency_edge",
    "order_id": "scenario-368-latency_edge-agent-latency_edge-23",
    "action": "new",
    "side": "sell",
    "price": 65328.7792,
    "quantity": 0.006,
    "remaining_quantity": 0.006
  },
  {
    "event_id": "45380a48bee71e74631583acccb2cc40038070ed0928d63ce5dab27ea081406a",
    "schema_version": "1.0.0",
    "event_type": "agent_order",
    "source": "synthetic_agent",
    "symbol": "BTCUSDT",
    "exchange": "binance_usdm",
    "timestamp": "2024-05-01T00:00:00.192000Z",
    "sequence": 24,
    "scenario_id": "scenario-368-latency_edge",
    "agent_id": "agent-latency_edge",
    "order_id": "scenario-368-latency_edge-agent-latency_edge-24",
    "action": "new",
    "side": "buy",
    "price": 65407.220799999996,
    "quantity": 0.006,
    "remaining_quantity": 0.006
  },
  {
    "event_id": "f163517985c851ce04f6c0b6e51b850406585459ed61614eaa20c2dca49fa7f9",
    "schema_version": "1.0.0",
    "event_type": "agent_order",
    "source": "synthetic_agent",
    "symbol": "BTCUSDT",
    "exchange": "binance_usdm",
    "timestamp": "2024-05-01T00:00:00.200000Z",
    "sequence": 25,
    "scenario_id": "scenario-368-latency_edge",
    "agent_id": "agent-latency_edge",
    "order_id": "scenario-368-latency_edge-agent-latency_edge-25",
    "action": "new",
    "side": "buy",
    "price": 65407.220799999996,
    "quantity": 0.006,
    "remaining_quantity": 0.006
  },
  {
    "event_id": "a5dcaab865bc74dea557e2fafbd7058376f8c52328176519d4a0960ca9fee5b7",
    "schema_version": "1.0.0",
    "event_type": "agent_order",
    "source": "synthetic_agent",
    "symbol": "BTCUSDT",
    "exchange": "binance_usdm",
    "timestamp": "2024-05-01T00:00:00.208000Z",
    "sequence": 26,
    "scenario_id": "scenario-368-latency_edge",
    "agent_id": "agent-latency_edge",
    "order_id": "scenario-368-latency_edge-agent-latency_edge-26",
    "action": "new",
    "side": "sell",
    "price": 65328.7792,
    "quantity": 0.006,
    "remaining_quantity": 0.006
  },
  {
    "event_id": "b58e4c1c60f55bdff6e28019b578d74996bd988613c664050c60bd1e6d8e7641",
    "schema_version": "1.0.0",
    "event_type": "agent_order",
    "source": "synthetic_agent",
    "symbol": "BTCUSDT",
    "exchange": "binance_usdm",
    "timestamp": "2024-05-01T00:00:00.216000Z",
    "sequence": 27,
    "scenario_id": "scenario-368-latency_edge",
    "agent_id": "agent-latency_edge",
    "order_id": "scenario-368-latency_edge-agent-latency_edge-27",
    "action": "new",
    "side": "sell",
    "price": 65328.7792,
    "quantity": 0.006,
    "remaining_quantity": 0.006
  },
  {
    "event_id": "956156baaf906a7b1ab6a6f3d9ce7f9b90d84e57c6828dbe65922f1b582d9ae5",
    "schema_version": "1.0.0",
    "event_type": "agent_order",
    "source": "synthetic_agent",
    "symbol": "BTCUSDT",
    "exchange": "binance_usdm",
    "timestamp": "2024-05-01T00:00:00.224000Z",
    "sequence": 28,
    "scenario_id": "scenario-368-latency_edge",
    "agent_id": "agent-latency_edge",
    "order_id": "scenario-368-latency_edge-agent-latency_edge-28",
    "action": "new",
    "side": "buy",
    "price": 65407.220799999996,
    "quantity": 0.006,
    "remaining_quantity": 0.006
  },
  {
    "event_id": "2236ea9b3bbe471e2a8cc5fee8d6c8064c06a705067c15ae7fb16c32addad9cb",
    "schema_version": "1.0.0",
    "event_type": "agent_order",
    "source": "synthetic_agent",
    "symbol": "BTCUSDT",
    "exchange": "binance_usdm",
    "timestamp": "2024-05-01T00:00:00.232000Z",
    "sequence": 29,
    "scenario_id": "scenario-368-latency_edge",
    "agent_id": "agent-latency_edge",
    "order_id": "scenario-368-latency_edge-agent-latency_edge-29",
    "action": "new",
    "side": "buy",
    "price": 65407.220799999996,
    "quantity": 0.006,
    "remaining_quantity": 0.006
  }
]