[
  {
    "event_id": "374852ad0047279c978fae99073e96f5d0f5b2520fdd34a9058099e7d81a1020",
    "schema_version": "1.0.0",
    "event_type": "agent_order",
    "source": "synthetic_agent",
    "symbol": "BTCUSDT",
    "exchange": "binance_usdm",
    "timestamp": "2024-05-01T00:00:00Z",
    "sequence": 0,
    "scenario_id": "scenario-391-coordinated_burst",
    "agent_id": "agent-coordinated_burst-0",
    "order_id": "scenario-391-coordinated_burst-agent-coordinated_burst-0-0",
    "action": "new",
    "side": "buy",
    "price": 65404.078199999996,
    "quantity": 0.04,
    "remaining_quantity": 0.04
  },
  {
    "event_id": "0dea720314e6d553534e0cfa11a2867cc02bb89ce8c315504242fcd91051a4f7",
    "schema_version": "1.0.0",
    "event_type": "agent_order",
    "source": "synthetic_agent",
    "symbol": "BTCUSDT",
    "exchange": "binance_usdm",
    "timestamp": "2024-05-01T00:00:00.012000Z",
    "sequence": 1,
    "scenario_id": "scenario-391-coordinated_burst",
    "agent_id": "agent-coordinated_burst-1",
    "order_id": "scenario-391-coordinated_burst-agent-coordinated_burst-1-1",
    "action": "new",
    "side": "sell",
    "price": 65377.921800000004,
    "quantity": 0.04,
    "remaining_quantity": 0.04
  },
  {
    "event_id": "58dac28be4f4563dc28b3d6cfe6ebd7bfe038b128ac0f14a3e39d59faeb42b9d",
    "schema_version": "1.0.0",
    "event_type": "agent_order",
    "source": "synthetic_agent",
    "symbol": "BTCUSDT",
    "exchange": "binance_usdm",
    "timestamp": "2024-05-01T00:00:00.024000Z",
    "sequence": 2,
    "scenario_id": "scenario-391-coordinated_burst",
    "agent_id": "agent-coordinated_burst-2",
    "order_id": "scenario-391-coordinated_burst-agent-coordinated_burst-2-2",
    "action": "new",
    "side": "sell",
    "price": 65377.921800000004,
    "quantity": 0.04,
    "remaining_quantity": 0.04
  },
  {
    "event_id": "43a4681cfd1ec054c36ad5a9c5f6dd361283e6b5e5aa2e1525f3d068709723aa",
    "schema_version": "1.0.0",
    "event_type": "agent_order",
    "source": "synthetic_agent",
    "symbol": "BTCUSDT",
    "exchange": "binance_usdm",
    "timestamp": "2024-05-01T00:00:00.036000Z",
    "sequence": 3,
    "scenario_id": "scenario-391-coordinated_burst",
    "agent_id": "agent-coordinated_burst-0",
    "order_id": "scenario-391-coordinated_burst-agent-coordinated_burst-0-3",
    "action": "new",
    "side": "buy",
    "price": 65404.078199999996,
    "quantity": 0.04,
    "remaining_quantity": 0.04
  },
  {
    "event_id": "74b55fcf2f634a40c68f07715097cb3d7c66915ecfb009d5daf9dbec27c09165",
    "schema_version": "1.0.0",
    "event_type": "agent_order",
    "source": "synthetic_agent",
    "symbol": "BTCUSDT",
    "exchange": "binance_usdm",
    "timestamp": "2024-05-01T00:00:00.048000Z",
    "sequence": 4,
    "scenario_id": "scenario-391-coordinated_burst",
    "agent_id": "agent-coordinated_burst-1",
    "order_id": "scenario-391-coordinated_burst-agent-coordinated_burst-1-4",
    "action": "new",
    "side": "sell",
    "price": 65377.921800000004,
    "quantity": 0.04,
    "remaining_quantity": 0.04
  },
  {
    "event_id": "3e820372e266ea285e4db82863818a9d4a8038abb1493c7a567ec575984b35bc",
    "schema_version": "1.0.0",
    "event_type": "agent_order",
    "source": "synthetic_agent",
    "symbol": "BTCUSDT",
    "exchange": "binance_usdm",
    "timestamp": "2024-05-01T00:00:00.600000Z",
    "sequence": 5,
    "scenario_id": "scenario-391-coordinated_burst",
    "agent_id": "agent-coordinated_burst-2",
    "order_id": "scenario-391-coordinated_burst-agent-coordinated_burst-2-5",
    "action": "new",
    "side": "sell",
    "price": 65377.921800000004,
    "quantity": 0.04,
    "remaining_quantity": 0.04
  },
  {
    "event_id": "820d5b0443a83f37feea68c579f0cabfa73a037cdc953b6551f756075cbf4b28",
    "schema_version": "1.0.0",
    "event_type": "agent_order",
    "source": "synthetic_agent",
    "symbol": "BTCUSDT",
    "exchange": "binance_usdm",
    "timestamp": "2024-05-01T00:00:00.072000Z",
    "sequence": 6,
    "scenario_id": "scenario-391-coordinated_burst",
    "agent_id": "agent-coordinated_burst-0",
    "order_id": "scenario-391-coordinated_burst-agent-coordinated_burst-0-6",
    "action": "new",
    "side": "buy",
    "price": 65404.078199999996,
    "quantity": 0.04,
    "remaining_quantity": 0.04
  },
  {
    "event_id": "319549d85366011a0968c17d41714f7bcdaf200971dd1f1e8ebf074fabcfce12",
    "schema_version": "1.0.0",
    "event_type": "agent_order",
    "source": "synthetic_agent",
    "symbol": "BTCUSDT",
    "exchange": "binance_usdm",
    "timestamp": "2024-05-01T00:00:00.084000Z",
    "sequence": 7,
    "scenario_id": "scenario-391-coordinated_burst",
    "agent_id": "agent-coordinated_burst-1",
    "order_id": "scenario-391-coordinated_burst-agent-coordinated_burst-1-7",
    "action": "new",
    "side": "sell",
    "price": 65377.921800000004,
    "quantity": 0.04,
    "remaining_quantity": 0.04
  },
  {
    "event_id": "ed3533c0937a2a0becf2007930b41451911bee95575e7764f72eb5aa898cae36",
    "schema_version": "1.0.0",
    "event_type": "agent_order",
    "source": "synthetic_agent",
    "symbol": "BTCUSDT",
    "exchange": "binance_usdm",
    "timestamp": "2024-05-01T00:00:00.096000Z",
    "sequence": 8,
    "scenario_id": "scenario-391-coordinated_burst",
    "agent_id": "agent-coordinated_burst-2",
    "order_id": "scenario-391-coordinated_burst-agent-coordinated_burst-2-8",
    "action": "new",
    "side": "sell",
    "price": 65377.921800000004,
    "quantity": 0.04,
    "remaining_quantity": 0.04
  },
  {
    "event_id": "2b7b375ad4e9e292747ba217a22ac53577e9731501ae739a84de02aaa3e9643d",
    "schema_version": "1.0.0",
    "event_type": "agent_order",
    "source": "synthetic_agent",
    "symbol": "BTCUSDT",
    "exchange": "binance_usdm",
    "timestamp": "2024-05-01T00:00:00.108000Z",
    "sequence": 9,
    "scenario_id": "scenario-391-coordinated_burst",
    "agent_id": "agent-coordinated_burst-0",
    "order_id": "scenario-391-coordinated_burst-agent-coordinated_burst-0-9",
    "action": "new",
    "side": "buy",
    "price": 65404.078199999996,
    "quantity": 0.04,
    "remaining_quantity": 0.04
  },
  {
    "event_id": "95a14efac96d5a2b5689248d1ec0b39ee6d2e9e9429afab3c759fa9a666207a8",
    "schema_version": "1.0.0",
    "event_type": "agent_order",
    "source": "synthetic_agent",
    "symbol": "BTCUSDT",
    "exchange": "binance_usdm",
    "timestamp": "2024-05-01T00:00:01.200000Z",
    "sequence": 10,
    "scenario_id": "scenario-391-coordinated_burst",
    "agent_id": "agent-coordinated_burst-1",
    "order_id": "scenario-391-coordinated_burst-agent-coordinated_burst-1-10",
    "action": "new",
    "side": "sell",
    "price": 65377.921800000004,
    "quantity": 0.04,
    "remaining_quantity": 0.04
  },
  {
    "event_id": "27c6f3eba437ada079e1b7aeea9ebd5960667e1ac6ba32e5b8be188e837645d3",
    "schema_version": "1.0.0",
    "event_type": "agent_order",
    "source": "synthetic_agent",
    "symbol": "BTCUSDT",
    "exchange": "binance_usdm",
    "timestamp": "2024-05-01T00:00:00.132000Z",
    "sequence": 11,
    "scenario_id": "scenario-391-coordinated_burst",
    "agent_id": "agent-coordinated_burst-2",
    "order_id": "scenario-391-coordinated_burst-agent-coordinated_burst-2-11",
    "action": "new",
    "side": "sell",
    "price": 65377.921800000004,
    "quantity": 0.04,
    "remaining_quantity": 0.04
  },
  {
    "event_id": "c6114ddf85f10d4e4cea3b3f8f3cae749e495c9ac9ea32355d4912fbd5fe983a",
    "schema_version": "1.0.0",
    "event_type": "agent_order",
    "source": "synthetic_agent",
    "symbol": "BTCUSDT",
    "exchange": "binance_usdm",
    "timestamp": "2024-05-01T00:00:00.144000Z",
    "sequence": 12,
    "scenario_id": "scenario-391-coordinated_burst",
    "agent_id": "agent-coordinated_burst-0",
    "order_id": "scenario-391-coordinated_burst-agent-coordinated_burst-0-12",
    "action": "new",
    "side": "buy",
    "price": 65404.078199999996,
    "quantity": 0.04,
    "remaining_quantity": 0.04
  },
  {
    "event_id": "47b48bc9a1c21dd695a11f02d78ff5b156ed34e7567f82936703073e009f418c",
    "schema_version": "1.0.0",
    "event_type": "agent_order",
    "source": "synthetic_agent",
    "symbol": "BTCUSDT",
    "exchange": "binance_usdm",
    "timestamp": "2024-05-01T00:00:00.156000Z",
    "sequence": 13,
    "scenario_id": "scenario-391-coordinated_burst",
    "agent_id": "agent-coordinated_burst-1",
    "order_id": "scenario-391-coordinated_burst-agent-coordinated_burst-1-13",
    "action": "new",
    "side": "sell",
    "price": 65377.921800000004,
    "quantity": 0.04,
    "remaining_quantity": 0.04
  },
  {
    "event_id": "8bed7053087a64cda9bb6e7cc104615efe5c6c54d4146fc3bc19db3e64809182",
    "schema_version": "1.0.0",
    "event_type": "agent_order",
    "source": "synthetic_agent",
    "symbol": "BTCUSDT",
    "exchange": "binance_usdm",
    "timestamp": "2024-05-01T00:00:00.168000Z",
    "sequence": 14,
    "scenario_id": "scenario-391-coordinated_burst",
    "agent_id": "agent-coordinated_burst-2",
    "order_id": "scenario-391-coordinated_burst-agent-coordinated_burst-2-14",
    "action": "new",
    "side": "sell",
    "price": 65377.921800000004,
    "quantity": 0.04,
    "remaining_quantity": 0.04
  },
  {
    "event_id": "fdd13ae49d53599a47469e5ae3b2c9751b6aebc2e907bc12269f3a1f1f228bba",
    "schema_version": "1.0.0",
    "event_type": "agent_order",
    "source": "synthetic_agent",
    "symbol": "BTCUSDT",
    "exchange": "binance_usdm",
    "timestamp": "2024-05-01T00:00:01.800000Z",
    "sequence": 15,
    "scenario_id": "scenario-391-coordinated_burst",
    "agent_id": "agent-coordinated_burst-0",
    "order_id": "scenario-391-coordinated_burst-agent-coordinated_burst-0-15",
    "action": "new",
    "side": "buy",
    "price": 65404.078199999996,
    "quantity": 0.04,
    "remaining_quantity": 0.04
  },
  {
    "event_id": "7a2ecb25e9cd9c56b5e8fbda0356c7e1d0dd9f0332e68aec0c1baa0bcf9e7260",
    "schema_version": "1.0.0",
    "event_type": "agent_order",
    "source": "synthetic_agent",
    "symbol": "BTCUSDT",
    "exchange": "binance_usdm",
    "timestamp": "2024-05-01T00:00:00.192000Z",
    "sequence": 16,
    "scenario_id": "scenario-391-coordinated_burst",
    "agent_id": "agent-coordinated_burst-1",
    "order_id": "scenario-391-coordinated_burst-agent-coordinated_burst-1-16",
    "action": "new",
    "side": "sell",
    "price": 65377.921800000004,
    "quantity": 0.04,
    "remaining_quantity": 0.04
  },
  {
    "event_id": "38a1a25513deed2116251526401e8a75b9207c24afaed5b661722a1cb4715619",
    "schema_version": "1.0.0",
    "event_type": "agent_order",
    "source": "synthetic_agent",
    "symbol": "BTCUSDT",
    "exchange": "binance_usdm",
    "timestamp": "2024-05-01T00:00:00.204000Z",
    "sequence": 17,
    "scenario_id": "scenario-391-coordinated_burst",
    "agent_id": "agent-coordinated_burst-2",
    "order_id": "scenario-391-coordinated_burst-agent-coordinated_burst-2-17",
    "action": "new",
    "side": "sell",
    "price": 65377.921800000004,
    "quantity": 0.04,
    "remaining_quantity": 0.04
  },
  {
    "event_id": "5284024037793999cc93d365cb5354f3ac2a7bb27857937be0f3dfca600cb5c4",
    "schema_version": "1.0.0",
    "event_type": "agent_order",
    "source": "synthetic_agent",
    "symbol": "BTCUSDT",
    "exchange": "binance_usdm",
    "timestamp": "2024-05-01T00:00:00.216000Z",
    "sequence": 18,
    "scenario_id": "scenario-391-coordinated_burst",
    "agent_id": "agent-coordinated_burst-0",
    "order_id": "scenario-391-coordinated_burst-agent-coordinated_burst-0-18",
    "action": "new",
    "side": "buy",
    "price": 65404.078199999996,
    "quantity": 0.04,
    "remaining_quantity": 0.04
  },
  {
    "event_id": "4dfd871c2bbcb893252b44f662cc0d9e4df81ecc18ec8bdc68941604cdfd2f20",
    "schema_version": "1.0.0",
    "event_type": "agent_order",
    "source": "synthetic_agent",
    "symbol": "BTCUSDT",
    "exchange": "binance_usdm",
    "timestamp": "2024-05-01T00:00:00.228000Z",
    "sequence": 19,
    "scenario_id": "scenario-391-coordinated_burst",
    "agent_id": "agent-coordinated_burst-1",
    "order_id": "scenario-391-coordinated_burst-agent-coordinated_burst-1-19",
    "action": "new",
    "side": "sell",
    "price": 65377.921800000004,
    "quantity": 0.04,
    "remaining_quantity": 0.04
  },
  {
    "event_id": "b509882d20178cc26d336ce6f299dba290922d98db8e396a45dac3d33b0553cd",
    "schema_version": "1.0.0",
    "event_type": "agent_order",
    "source": "synthetic_agent",
    "symbol": "BTCUSDT",
    "exchange": "binance_usdm",
    "timestamp": "2024-05-01T00:00:02.400000Z",
    "sequence": 20,
    "scenario_id": "scenario-391-coordinated_burst",
    "agent_id": "agent-coordinated_burst-2",
    "order_id": "scenario-391-coordinated_burst-agent-coordinated_burst-2-20",
    "action": "new",
    "side": "sell",
    "price": 65377.921800000004,
    "quantity": 0.04,
    "remaining_quantity": 0.04
  },
  {
    "event_id": "8348987c24789ae062417f1f010c6b9ac53ddf12f762fd6cdc9ccf6c834c9650",
    "schema_version": "1.0.0",
    "event_type": "agent_order",
    "source": "synthetic_agent",
    "symbol": "BTCUSDT",
    "exchange": "binance_usdm",
    "timestamp": "2024-05-01T00:00:00.252000Z",
    "sequence": 21,
    "scenario_id": "scenario-391-coordinated_burst",
    "agent_id": "agent-coordinated_burst-0",
    "order_id": "scenario-391-coordinated_burst-agent-coordinated_burst-0-21",
    "action": "new",
    "side": "buy",
    "price": 65404.078199999996,
    "quantity": 0.04,
    "remaining_quantity": 0.04
  },
  {
    "event_id": "acef085f3ee1122b890400b2ebd3e47cc6f017d2005bce6636c5949a60b856b9",
    "schema_version": "1.0.0",
    "event_type": "agent_order",
    "source": "synthetic_agent",
    "symbol": "BTCUSDT",
    "exchange": "binance_usdm",
    "timestamp": "2024-05-01T00:00:00.264000Z",
    "sequence": 22,
    "scenario_id": "scenario-391-coordinated_burst",
    "agent_id": "agent-coordinated_burst-1",
    "order_id": "scenario-391-coordinated_burst-agent-coordinated_burst-1-22",
    "action": "new",
    "side": "sell",
    "price": 65377.921800000004,
    "quantity": 0.04,
    "remaining_quantity": 0.04
  },
  {
    "event_id": "ac31a90d1babe87ccd87ce1622c0a0551ecc4c86fc56589612ca6eb8488b980e",
    "schema_version": "1.0.0",
    "event_type": "agent_order",
    "source": "synthetic_agent",
    "symbol": "BTCUSDT",
    "exchange": "binance_usdm",
    "timestamp": "2024-05-01T00:00:00.276000Z",
    "sequence": 23,
    "scenario_id": "scenario-391-coordinated_burst",
    "agent_id": "agent-coordinated_burst-2",
    "order_id": "scenario-391-coordinated_burst-agent-coordinated_burst-2-23",
    "action": "new",
    "side": "sell",
    "price": 65377.921800000004,
    "quantity": 0.04,
    "remaining_quantity": 0.04
  },
  {
    "event_id": "41a0c3b5936914f06a515f7be1e81b3393f7254ca42f0853e9667fa3a46b3604",
    "schema_version": "1.0.0",
    "event_type": "agent_order",
    "source": "synthetic_agent",
    "symbol": "BTCUSDT",
    "exchange": "binance_usdm",
    "timestamp": "2024-05-01T00:00:00.288000Z",
    "sequence": 24,
    "scenario_id": "scenario-391-coordinated_burst",
    "agent_id": "agent-coordinated_burst-0",
    "order_id": "scenario-391-coordinated_burst-agent-coordinated_burst-0-24",
    "action": "new",
    "side": "buy",
    "price": 65404.078199999996,
    "quantity": 0.04,
    "remaining_quantity": 0.04
  },
  {
    "event_id": "fb39d2f05e487477feb010fd800a6ce54608150ce9a63f3d4bfd6f2596ca87b0",
    "schema_version": "1.0.0",
    "event_type": "agent_order",
    "source": "synthetic_agent",
    "symbol": "BTCUSDT",
    "exchange": "binance_usdm",
    "timestamp": "2024-05-01T00:00:03Z",
    "sequence": 25,
    "scenario_id": "scenario-391-coordinated_burst",
    "agent_id": "agent-coordinated_burst-1",
    "order_id": "scenario-391-coordinated_burst-agent-coordinated_burst-1-25",
    "action": "new",
    "side": "sell",
    "price": 65377.921800000004,
    "quantity": 0.04,
    "remaining_quantity": 0.04
  },
  {
    "event_id": "808004a2b5e8f44f6548b26211f79c5dd8cdf0ddfc22a2c004307aea80f2c90a",
    "schema_version": "1.0.0",
    "event_type": "agent_order",
    "source": "synthetic_agent",
    "symbol": "BTCUSDT",
    "exchange": "binance_usdm",
    "timestamp": "2024-05-01T00:00:00.312000Z",
    "sequence": 26,
    "scenario_id": "scenario-391-coordinated_burst",
    "agent_id": "agent-coordinated_burst-2",
    "order_id": "scenario-391-coordinated_burst-agent-coordinated_burst-2-26",
    "action": "new",
    "side": "sell",
    "price": 65377.921800000004,
    "quantity": 0.04,
    "remaining_quantity": 0.04
  },
  {
    "event_id": "263f5e8e24eac6d31609eaccfb1ea85b1f8c64cfe7fba8895e7e8db73664c5a0",
    "schema_version": "1.0.0",
    "event_type": "agent_order",
    "source": "synthetic_agent",
    "symbol": "BTCUSDT",
    "exchange": "binance_usdm",
    "timestamp": "2024-05-01T00:00:00.324000Z",
    "sequence": 27,
    "scenario_id": "scenario-391-coordinated_burst",
    "agent_id": "agent-coordinated_burst-0",
    "order_id": "scenario-391-coordinated_burst-agent-coordinated_burst-0-27",
    "action": "new",
    "side": "buy",
    "price": 65404.078199999996,
    "quantity": 0.04,
    "remaining_quantity": 0.04
  },
  {
    "event_id": "219f4c9afe22d9e9f075c14248cba56001035ae85a2f1e0dbe4bcd081cf9731a",
    "schema_version": "1.0.0",
    "event_type": "agent_order",
    "source": "synthetic_agent",
    "symbol": "BTCUSDT",
    "exchange": "binance_usdm",
    "timestamp": "2024-05-01T00:00:00.336000Z",
    "sequence": 28,
    "scenario_id": "scenario-391-coordinated_burst",
    "agent_id": "agent-coordinated_burst-1",
    "order_id": "scenario-391-coordinated_burst-agent-coordinated_burst-1-28",
    "action": "new",
    "side": "sell",
    "price": 65377.921800000004,
    "quantity": 0.04,
    "remaining_quantity": 0.04
  },
  {
    "event_id": "be914f6c48c084295bcb135c966d4988eb5522e097793ae8950b7147e0a5c487",
    "schema_version": "1.0.0",
    "event_type": "agent_order",
    "source": "synthetic_agent",
    "symbol": "BTCUSDT",
    "exchange": "binance_usdm",
    "timestamp": "2024-05-01T00:00:00.348000Z",
    "sequence": 29,
    "scenario_id": "scenario-391-coordinated_burst",
    "agent_id": "agent-coordinated_burst-2",
    "order_id": "scenario-391-coordinated_burst-agent-coordinated_burst-2-29",
    "action": "new",
    "side": "sell",
    "price": 65377.921800000004,
    "quantity": 0.04,
    "remaining_quantity": 0.04
  }
]