[
  {
    "event_id": "bc25eff56dd1e6fe303a8ce67d2356cbaee9b257f177ce157cfd07f963e1b8eb",
    "schema_version": "1.0.0",
    "event_type": "agent_order",
    "source": "synthetic_agent",
    "symbol": "BTCUSDT",
    "exchange": "binance_usdm",
    "timestamp": "2024-05-01T00:00:00Z",
    "sequence": 0,
    "scenario_id": "scenario-031-coordinated_burst",
    "agent_id": "agent-coordinated_burst-0",
    "order_id": "scenario-031-coordinated_burst-agent-coordinated_burst-0-0",
    "action": "new",
    "side": "buy",
    "price": 65044.006199999996,
    "quantity": 0.04,
    "remaining_quantity": 0.04
  },
  {
    "event_id": "1a0f1c6cc064ebe0e8edaae824c98aa45015cbf45418256d5bfee730431b70a3",
    "schema_version": "1.0.0",
    "event_type": "agent_order",
    "source": "synthetic_agent",
    "symbol": "BTCUSDT",
    "exchange": "binance_usdm",
    "timestamp": "2024-05-01T00:00:00.012000Z",
    "sequence": 1,
    "scenario_id": "scenario-031-coordinated_burst",
    "agent_id": "agent-coordinated_burst-1",
    "order_id": "scenario-031-coordinated_burst-agent-coordinated_burst-1-1",
    "action": "new",
    "side": "sell",
    "price": 65017.993800000004,
    "quantity": 0.04,
    "remaining_quantity": 0.04
  },
  {
    "event_id": "1340932062f3f049b1d9564c1c577b3bb10d7c4860e4fcb96a42c4d83bd3cf03",
    "schema_version": "1.0.0",
    "event_type": "agent_order",
    "source": "synthetic_agent",
    "symbol": "BTCUSDT",
    "exchange": "binance_usdm",
    "timestamp": "2024-05-01T00:00:00.024000Z",
    "sequence": 2,
    "scenario_id": "scenario-031-coordinated_burst",
    "agent_id": "agent-coordinated_burst-2",
    "order_id": "scenario-031-coordinated_burst-agent-coordinated_burst-2-2",
    "action": "new",
    "side": "sell",
    "price": 65017.993800000004,
    "quantity": 0.04,
    "remaining_quantity": 0.04
  },
  {
    "event_id": "bcdd83937db357c6ad42aa5db4529ffedf0755a3f8b5477b65ba0954a81aaf75",
    "schema_version": "1.0.0",
    "event_type": "agent_order",
    "source": "synthetic_agent",
    "symbol": "BTCUSDT",
    "exchange": "binance_usdm",
    "timestamp": "2024-05-01T00:00:00.036000Z",
    "sequence": 3,
    "scenario_id": "scenario-031-coordinated_burst",
    "agent_id": "agent-coordinated_burst-0",
    "order_id": "scenario-031-coordinated_burst-agent-coordinated_burst-0-3",
    "action": "new",
    "side": "buy",
    "price": 65044.006199999996,
    "quantity": 0.04,
    "remaining_quantity": 0.04
  },
  {
    "event_id": "202884a3bc8f642cac606ca453f7bb536bdaf7918824ffced7fe11ee697e7a25",
    "schema_version": "1.0.0",
    "event_type": "agent_order",
    "source": "synthetic_agent",
    "symbol": "BTCUSDT",
    "exchange": "binance_usdm",
    "timestamp": "2024-05-01T00:00:00.048000Z",
    "sequence": 4,
    "scenario_id": "scenario-031-coordinated_burst",
    "agent_id": "agent-coordinated_burst-1",
    "order_id": "scenario-031-coordinated_burst-agent-coordinated_burst-1-4",
    "action": "new",
    "side": "sell",
    "price": 65017.993800000004,
    "quantity": 0.04,
    "remaining_quantity": 0.04
  },
  {
    "event_id": "d5f1178e70d56dd2a348c1152d7c0d037886bd4c055d8611c1f5c28a8e0050c9",
    "schema_version": "1.0.0",
    "event_type": "agent_order",
    "source": "synthetic_agent",
    "symbol": "BTCUSDT",
    "exchange": "binance_usdm",
    "timestamp": "2024-05-01T00:00:00.600000Z",
    "sequence": 5,
    "scenario_id": "scenario-031-coordinated_burst",
    "agent_id": "agent-coordinated_burst-2",
    "order_id": "scenario-031-coordinated_burst-agent-coordinated_burst-2-5",
    "action": "new",
    "side": "sell",
    "price": 65017.993800000004,
    "quantity": 0.04,
    "remaining_quantity": 0.04
  },
  {
    "event_id": "7e6e8ed000e6529deaabea6fb0cfbbd8c46eb3df52ea614dc30f03852075a18f",
    "schema_version": "1.0.0",
    "event_type": "agent_order",
    "source": "synthetic_agent",
    "symbol": "BTCUSDT",
    "exchange": "binance_usdm",
    "timestamp": "2024-05-01T00:00:00.072000Z",
    "sequence": 6,
    "scenario_id": "scenario-031-coordinated_burst",
    "agent_id": "agent-coordinated_burst-0",
    "order_id": "scenario-031-coordinated_burst-agent-coordinated_burst-0-6",
    "action": "new",
    "side": "buy",
    "price": 65044.006199999996,
    "quantity": 0.04,
    "remaining_quantity": 0.04
  },
  {
    "event_id": "8173fb367ad0f6a58e3f31446d0b9a3d985ddafc05b87b790391b9641baabeec",
    "schema_version": "1.0.0",
    "event_type": "agent_order",
    "source": "synthetic_agent",
    "symbol": "BTCUSDT",
    "exchange": "binance_usdm",
    "timestamp": "2024-05-01T00:00:00.084000Z",
    "sequence": 7,
    "scenario_id": "scenario-031-coordinated_burst",
    "agent_id": "agent-coordinated_burst-1",
    "order_id": "scenario-031-coordinated_burst-agent-coordinated_burst-1-7",
    "action": "new",
    "side": "sell",
    "price": 65017.993800000004,
    "quantity": 0.04,
    "remaining_quantity": 0.04
  },
  {
    "event_id": "cf2c4902db721925e9d8f80d00a098e252cfee5ad2430d68f71cbf1ff6c11b71",
    "schema_version": "1.0.0",
    "event_type": "agent_order",
    "source": "synthetic_agent",
    "symbol": "BTCUSDT",
    "exchange": "binance_usdm",
    "timestamp": "2024-05-01T00:00:00.096000Z",
    "sequence": 8,
    "scenario_id": "scenario-031-coordinated_burst",
    "agent_id": "agent-coordinated_burst-2",
    "order_id": "scenario-031-coordinated_burst-agent-coordinated_burst-2-8",
    "action": "new",
    "side": "sell",
    "price": 65017.993800000004,
    "quantity": 0.04,
    "remaining_quantity": 0.04
  },
  {
    "event_id": "40b9931f1d8f2042f9b7fb8548d6bb96d2f3479e3a19857b87fde225258c1cba",
    "schema_version": "1.0.0",
    "event_type": "agent_order",
    "source": "synthetic_agent",
    "symbol": "BTCUSDT",
    "exchange": "binance_usdm",
    "timestamp": "2024-05-01T00:00:00.108000Z",
    "sequence": 9,
    "scenario_id": "scenario-031-coordinated_burst",
    "agent_id": "agent-coordinated_burst-0",
    "order_id": "scenario-031-coordinated_burst-agent-coordinated_burst-0-9",
    "action": "new",
    "side": "buy",
    "price": 65044.006199999996,
    "quantity": 0.04,
    "remaining_quantity": 0.04
  },
  {
    "event_id": "3734c0df2f49ebd519e5121fb99c0b95cbd11b4a3842cb57dd49b49940b04f7b",
    "schema_version": "1.0.0",
    "event_type": "agent_order",
    "source": "synthetic_agent",
    "symbol": "BTCUSDT",
    "exchange": "binance_usdm",
    "timestamp": "2024-05-01T00:00:01.200000Z",
    "sequence": 10,
    "scenario_id": "scenario-031-coordinated_burst",
    "agent_id": "agent-coordinated_burst-1",
    "order_id": "scenario-031-coordinated_burst-agent-coordinated_burst-1-10",
    "action": "new",
    "side": "sell",
    "price": 65017.993800000004,
    "quantity": 0.04,
    "remaining_quantity": 0.04
  },
  {
    "event_id": "2b2f89a53f98dffbc0bb207161b81f6a851aaecda7ca6f535c6d06b6b221cb05",
    "schema_version": "1.0.0",
    "event_type": "agent_order",
    "source": "synthetic_agent",
    "symbol": "BTCUSDT",
    "exchange": "binance_usdm",
    "timestamp": "2024-05-01T00:00:00.132000Z",
    "sequence": 11,
    "scenario_id": "scenario-031-coordinated_burst",
    "agent_id": "agent-coordinated_burst-2",
    "order_id": "scenario-031-coordinated_burst-agent-coordinated_burst-2-11",
    "action": "new",
    "side": "sell",
    "price": 65017.993800000004,
    "quantity": 0.04,
    "remaining_quantity": 0.04
  },
  {
    "event_id": "f035f20589251f3c391095da134c423125df66f717eeb32a72fbe570b13dfc95",
    "schema_version": "1.0.0",
    "event_type": "agent_order",
    "source": "synthetic_agent",
    "symbol": "BTCUSDT",
    "exchange": "binance_usdm",
    "timestamp": "2024-05-01T00:00:00.144000Z",
    "sequence": 12,
    "scenario_id": "scenario-031-coordinated_burst",
    "agent_id": "agent-coordinated_burst-0",
    "order_id": "scenario-031-coordinated_burst-agent-coordinated_burst-0-12",
    "action": "new",
    "side": "buy",
    "price": 65044.006199999996,
    "quantity": 0.04,
    "remaining_quantity": 0.04
  },
  {
    "event_id": "0c04db3ad27eeba9e12280f9488aa1c5ffa5217adb7d3fd7aa908b311051546a",
    "schema_version": "1.0.0",
    "event_type": "agent_order",
    "source": "synthetic_agent",
    "symbol": "BTCUSDT",
    "exchange": "binance_usdm",
    "timestamp": "2024-05-01T00:00:00.156000Z",
    "sequence": 13,
    "scenario_id": "scenario-031-coordinated_burst",
    "agent_id": "agent-coordinated_burst-1",
    "order_id": "scenario-031-coordinated_burst-agent-coordinated_burst-1-13",
    "action": "new",
    "side": "sell",
    "price": 65017.993800000004,
    "quantity": 0.04,
    "remaining_quantity": 0.04
  },
  {
    "event_id": "c891968628e9bdf9976e556b9bf3388ebc7fa082647ebf6372bb5342ddcdb84d",
    "schema_version": "1.0.0",
    "event_type": "agent_order",
    "source": "synthetic_agent",
    "symbol": "BTCUSDT",
    "exchange": "binance_usdm",
    "timestamp": "2024-05-01T00:00:00.168000Z",
    "sequence": 14,
    "scenario_id": "scenario-031-coordinated_burst",
    "agent_id": "agent-coordinated_burst-2",
    "order_id": "scenario-031-coordinated_burst-agent-coordinated_burst-2-14",
    "action": "new",
    "side": "sell",
    "price": 65017.993800000004,
    "quantity": 0.04,
    "remaining_quantity": 0.04
  },
  {
    "event_id": "d795cd30ee172767c0b812b8064ef2b589b9151394ec94cae27f0f172795f69c",
    "schema_version": "1.0.0",
    "event_type": "agent_order",
    "source": "synthetic_agent",
    "symbol": "BTCUSDT",
    "exchange": "binance_usdm",
    "timestamp": "2024-05-01T00:00:01.800000Z",
    "sequence": 15,
    "scenario_id": "scenario-031-coordinated_burst",
    "agent_id": "agent-coordinated_burst-0",
    "order_id": "scenario-031-coordinated_burst-agent-coordinated_burst-0-15",
    "action": "new",
    "side": "buy",
    "price": 65044.006199999996,
    "quantity": 0.04,
    "remaining_quantity": 0.04
  },
  {
    "event_id": "b342db051f66a408c24cb9afe802d2e239870c871e048ced9a7885d0aec5d091",
    "schema_version": "1.0.0",
    "event_type": "agent_order",
    "source": "synthetic_agent",
    "symbol": "BTCUSDT",
    "exchange": "binance_usdm",
    "timestamp": "2024-05-01T00:00:00.192000Z",
    "sequence": 16,
    "scenario_id": "scenario-031-coordinated_burst",
    "agent_id": "agent-coordinated_burst-1",
    "order_id": "scenario-031-coordinated_burst-agent-coordinated_burst-1-16",
    "action": "new",
    "side": "sell",
    "price": 65017.993800000004,
    "quantity": 0.04,
    "remaining_quantity": 0.04
  },
  {
    "event_id": "62ea48dc4340e27675e2a4afadbab913b716e508a97d8a0b32b50d627018a861",
    "schema_version": "1.0.0",
    "event_type": "agent_order",
    "source": "synthetic_agent",
    "symbol": "BTCUSDT",
    "exchange": "binance_usdm",
    "timestamp": "2024-05-01T00:00:00.204000Z",
    "sequence": 17,
    "scenario_id": "scenario-031-coordinated_burst",
    "agent_id": "agent-coordinated_burst-2",
    "order_id": "scenario-031-coordinated_burst-agent-coordinated_burst-2-17",
    "action": "new",
    "side": "sell",
    "price": 65017.993800000004,
    "quantity": 0.04,
    "remaining_quantity": 0.04
  },
  {
    "event_id": "6495c1e2cf43c7a1b9330c18950987cd6018d84aba4e50628ff3c95b6e8b1999",
    "schema_version": "1.0.0",
    "event_type": "agent_order",
    "source": "synthetic_agent",
    "symbol": "BTCUSDT",
    "exchange": "binance_usdm",
    "timestamp": "2024-05-01T00:00:00.216000Z",
    "sequence": 18,
    "scenario_id": "scenario-031-coordinated_burst",
    "agent_id": "agent-coordinated_burst-0",
    "order_id": "scenario-031-coordinated_burst-agent-coordinated_burst-0-18",
    "action": "new",
    "side": "buy",
    "price": 65044.006199999996,
    "quantity": 0.04,
    "remaining_quantity": 0.04
  },
  {
    "event_id": "afef3e28a44abb28c43092ffc494423ed505b394dcd0553f4fe974205e62fa66",
    "schema_version": "1.0.0",
    "event_type": "agent_order",
    "source": "synthetic_agent",
    "symbol": "BTCUSDT",
    "exchange": "binance_usdm",
    "timestamp": "2024-05-01T00:00:00.228000Z",
    "sequence": 19,
    "scenario_id": "scenario-031-coordinated_burst",
    "agent_id": "agent-coordinated_burst-1",
    "order_id": "scenario-031-coordinated_burst-agent-coordinated_burst-1-19",
    "action": "new",
    "side": "sell",
    "price": 65017.993800000004,
    "quantity": 0.04,
    "remaining_quantity": 0.04
  },
  {
    "event_id": "a5dd3a31e025feb1b74cede54a75a0888d1e409028cbb9c874ddc1a930accdbb",
    "schema_version": "1.0.0",
    "event_type": "agent_order",
    "source": "synthetic_agent",
    "symbol": "BTCUSDT",
    "exchange": "binance_usdm",
    "timestamp": "2024-05-01T00:00:02.400000Z",
    "sequence": 20,
    "scenario_id": "scenario-031-coordinated_burst",
    "agent_id": "agent-coordinated_burst-2",
    "order_id": "scenario-031-coordinated_burst-agent-coordinated_burst-2-20",
    "action": "new",
    "side": "sell",
    "price": 65017.993800000004,
    "quantity": 0.04,
    "remaining_quantity": 0.04
  },
  {
    "event_id": "46c17b5b4b89e2ca1782b5b89fb090a25c4a7a4f5f6437eaa405e48b1e3164a7",
    "schema_version": "1.0.0",
    "event_type": "agent_order",
    "source": "synthetic_agent",
    "symbol": "BTCUSDT",
    "exchange": "binance_usdm",
    "timestamp": "2024-05-01T00:00:00.252000Z",
    "sequence": 21,
    "scenario_id": "scenario-031-coordinated_burst",
    "agent_id": "agent-coordinated_burst-0",
    "order_id": "scenario-031-coordinated_burst-agent-coordinated_burst-0-21",
    "action": "new",
    "side": "buy",
    "price": 65044.006199999996,
    "quantity": 0.04,
    "remaining_quantity": 0.04
  },
  {
    "event_id": "3e516e55a38ac6ebb069c68628bdebbbdabfea540930f996658c81943173471a",
    "schema_version": "1.0.0",
    "event_type": "agent_order",
    "source": "synthetic_agent",
    "symbol": "BTCUSDT",
    "exchange": "binance_usdm",
    "timestamp": "2024-05-01T00:00:00.264000Z",
    "sequence": 22,
    "scenario_id": "scenario-031-coordinated_burst",
    "agent_id": "agent-coordinated_burst-1",
    "order_id": "scenario-031-coordinated_burst-agent-coordinated_burst-1-22",
    "action": "new",
    "side": "sell",
    "price": 65017.993800000004,
    "quantity": 0.04,
    "remaining_quantity": 0.04
  },
  {
    "event_id": "8db7798578a361e9409159967a8314649d1624517039b596a25f248cb1780ad3",
    "schema_version": "1.0.0",
    "event_type": "agent_order",
    "source": "synthetic_agent",
    "symbol": "BTCUSDT",
    "exchange": "binance_usdm",
    "timestamp": "2024-05-01T00:00:00.276000Z",
    "sequence": 23,
    "scenario_id": "scenario-031-coordinated_burst",
    "agent_id": "agent-coordinated_burst-2",
    "order_id": "scenario-031-coordinated_burst-agent-coordinated_burst-2-23",
    "action": "new",
    "side": "sell",
    "price": 65017.993800000004,
    "quantity": 0.04,
    "remaining_quantity": 0.04
  },
  {
    "event_id": "e61dec039ff37abd7f01878b5d98347d4d47565fd475d5b1d8028137ca75719f",
    "schema_version": "1.0.0",
    "event_type": "agent_order",
    "source": "synthetic_agent",
    "symbol": "BTCUSDT",
    "exchange": "binance_usdm",
    "timestamp": "2024-05-01T00:00:00.288000Z",
    "sequence": 24,
    "scenario_id": "scenario-031-coordinated_burst",
    "agent_id": "agent-coordinated_burst-0",
    "order_id": "scenario-031-coordinated_burst-agent-coordinated_burst-0-24",
    "action": "new",
    "side": "buy",
    "price": 65044.006199999996,
    "quantity": 0.04,
    "remaining_quantity": 0.04
  },
  {
    "event_id": "74c02f280860b81e9b082e10150dc15124aaffa7386fd2c8d5cd15f20596ce48",
    "schema_version": "1.0.0",
    "event_type": "agent_order",
    "source": "synthetic_agent",
    "symbol": "BTCUSDT",
    "exchange": "binance_usdm",
    "timestamp": "2024-05-01T00:00:03Z",
    "sequence": 25,
    "scenario_id": "scenario-031-coordinated_burst",
    "agent_id": "agent-coordinated_burst-1",
    "order_id": "scenario-031-coordinated_burst-agent-coordinated_burst-1-25",
    "action": "new",
    "side": "sell",
    "price": 65017.993800000004,
    "quantity": 0.04,
    "remaining_quantity": 0.04
  },
  {
    "event_id": "6f501fe879e17f4503e0a65be3758973886cfad168e7e01f8ffe96ade77c2783",
    "schema_version": "1.0.0",
    "event_type": "agent_order",
    "source": "synthetic_agent",
    "symbol": "BTCUSDT",
    "exchange": "binance_usdm",
    "timestamp": "2024-05-01T00:00:00.312000Z",
    "sequence": 26,
    "scenario_id": "scenario-031-coordinated_burst",
    "agent_id": "agent-coordinated_burst-2",
    "order_id": "scenario-031-coordinated_burst-agent-coordinated_burst-2-26",
    "action": "new",
    "side": "sell",
    "price": 65017.993800000004,
    "quantity": 0.04,
    "remaining_quantity": 0.04
  },
  {
    "event_id": "524f11ae0976dc13a1a12e1b744906803f410997d68405d0721d5b60937bef7c",
    "schema_version": "1.0.0",
    "event_type": "agent_order",
    "source": "synthetic_agent",
    "symbol": "BTCUSDT",
    "exchange": "binance_usdm",
    "timestamp": "2024-05-01T00:00:00.324000Z",
    "sequence": 27,
    "scenario_id": "scenario-031-coordinated_burst",
    "agent_id": "agent-coordinated_burst-0",
    "order_id": "scenario-031-coordinated_burst-agent-coordinated_burst-0-27",
    "action": "new",
    "side": "buy",
    "price": 65044.006199999996,
    "quantity": 0.04,
    "remaining_quantity": 0.04
  },
  {
    "event_id": "2064d413177fe63e7cbda316b1ff5d550355318852cf576227a5a384e41e2b57",
    "schema_version": "1.0.0",
    "event_type": "agent_order",
    "source": "synthetic_agent",
    "symbol": "BTCUSDT",
    "exchange": "binance_usdm",
    "timestamp": "2024-05-01T00:00:00.336000Z",
    "sequence": 28,
    "scenario_id": "scenario-031-coordinated_burst",
    "agent_id": "agent-coordinated_burst-1",
    "order_id": "scenario-031-coordinated_burst-agent-coordinated_burst-1-28",
    "action": "new",
    "side": "sell",
    "price": 65017.993800000004,
    "quantity": 0.04,
    "remaining_quantity": 0.04
  },
  {
    "event_id": "48298eef81ccb785eb5dbca47b59cafb2e030f02fea347536cb4613fd59c3f26",
    "schema_version": "1.0.0",
    "event_type": "agent_order",
    "source": "synthetic_agent",
    "symbol": "BTCUSDT",
    "exchange": "binance_usdm",
    "timestamp": "2024-05-01T00:00:00.348000Z",
    "sequence": 29,
    "scenario_id": "scenario-031-coordinated_burst",
    "agent_id": "agent-coordinated_burst-2",
    "order_id": "scenario-031-coordinated_burst-agent-coordinated_burst-2-29",
    "action": "new",
    "side": "sell",
    "price": 65017.993800000004,
    "quantity": 0.04,
    "remaining_quantity": 0.04
  }
]