[
  {
    "event_id": "28cdee0521e182fab8b59159cee8e0751f2fc8645c3bef5292d71b02a03658e5",
    "schema_version": "1.0.0",
    "event_type": "agent_order",
    "source": "synthetic_agent",
    "symbol": "BTCUSDT",
    "exchange": "binance_usdm",
    "timestamp": "2024-05-01T00:00:00Z",
    "sequence": 0,
    "scenario_id": "scenario-164-latency_edge",
    "agent_id": "agent-latency_edge",
    "order_id": "scenario-164-latency_edge-agent-latency_edge-0",
    "action": "new",
    "side": "buy",
    "price": 65203.098399999995,
    "quantity": 0.006,
    "remaining_quantity": 0.006
  },
  {
    "event_id": "356ac1a3c33392bae187a92243209dbe698efe3f7a62e12f2433a8d55b5ecb4c",
    "schema_version": "1.0.0",
    "event_type": "agent_order",
    "source": "synthetic_agent",
    "symbol": "BTCUSDT",
    "exchange": "binance_usdm",
    "timestamp": "2024-05-01T00:00:00.008000Z",
    "sequence": 1,
    "scenario_id": "scenario-164-latency_edge",
    "agent_id": "agent-latency_edge",
    "order_id": "scenario-164-latency_edge-agent-latency_edge-1",
    "action": "new",
    "side": "buy",
    "price": 65203.098399999995,
    "quantity": 0.006,
    "remaining_quantity": 0.006
  },
  {
    "event_id": "cc13b8ec6a15f1fe00b6a29ba180a6415b58992e02773303e4aa8363c4ba4995",
    "schema_version": "1.0.0",
    "event_type": "agent_order",
    "source": "synthetic_agent",
    "symbol": "BTCUSDT",
    "exchange": "binance_usdm",
    "timestamp": "2024-05-01T00:00:00.016000Z",
    "sequence": 2,
    "scenario_id": "scenario-164-latency_edge",
    "agent_id": "agent-latency_edge",
    "order_id": "scenario-164-latency_edge-agent-latency_edge-2",
    "action": "new",
    "side": "sell",
    "price": 65124.9016,
    "quantity": 0.006,
    "remaining_quantity": 0.006
  },
  {
    "event_id": "a6ed769e63890ff71778c3fc0374a003cd382ac73bda862282808b0a1bc921fd",
    "schema_version": "1.0.0",
    "event_type": "agent_order",
    "source": "synthetic_agent",
    "symbol": "BTCUSDT",
    "exchange": "binance_usdm",
    "timestamp": "2024-05-01T00:00:00.024000Z",
    "sequence": 3,
    "scenario_id": "scenario-164-latency_edge",
    "agent_id": "agent-latency_edge",
    "order_id": "scenario-164-latency_edge-agent-latency_edge-3",
    "action": "new",
    "side": "sell",
    "price": 65124.9016,
    "quantity": 0.006,
    "remaining_quantity": 0.006
  },
  {
    "event_id": "e232a883e3427de4979815e6b91b29d20f7654aed55b9bac636a72e53b31de83",
    "schema_version": "1.0.0",
    "event_type": "agent_order",
    "source": "synthetic_agent",
    "symbol": "BTCUSDT",
    "exchange": "binance_usdm",
    "timestamp": "2024-05-01T00:00:00.032000Z",
    "sequence": 4,
    "scenario_id": "scenario-164-latency_edge",
    "agent_id": "agent-latency_edge",
    "order_id": "scenario-164-latency_edge-agent-latency_edge-4",
    "action": "new",
    "side": "buy",
    "price": 65203.098399999995,
    "quantity": 0.006,
    "remaining_quantity": 0.006
  },
  {
    "event_id": "ef87507af2cec41fd0f7ee7517dfdc25647c399a9edd0c3ccc73560475b49d71",
    "schema_version": "1.0.0",
    "event_type": "agent_order",
    "source": "synthetic_agent",
    "symbol": "BTCUSDT",
    "exchange": "binance_usdm",
    "timestamp": "2024-05-01T00:00:00.040000Z",
    "sequence": 5,
    "scenario_id": "scenario-164-latency_edge",
    "agent_id": "agent-latency_edge",
    "order_id": "scenario-164-latency_edge-agent-latency_edge-5",
    "action": "new",
    "side": "buy",
    "price": 65203.098399999995,
    "quantity": 0.006,
    "remaining_quantity": 0.006
  },
  {
    "event_id": "cc1cf4b08d8ccf161702e75ece1191b5ec42e554ac721adf0e740ccb6f1f2849",
    "schema_version": "1.0.0",
    "event_type": "agent_order",
    "source": "synthetic_agent",
    "symbol": "BTCUSDT",
    "exchange": "binance_usdm",
    "timestamp": "2024-05-01T00:00:00.048000Z",
    "sequence": 6,
    "scenario_id": "scenario-164-latency_edge",
    "agent_id": "agent-latency_edge",
    "order_id": "scenario-164-latency_edge-agent-latency_edge-6",
    "action": "new",
    "side": "sell",
    "price": 65124.9016,
    "quantity": 0.006,
    "remaining_quantity": 0.006
  },
  {
    "event_id": "64cc5d3ed3cc015a965e9d9dd5e90a64cb18d6cd1ab8d5cd4a58095c413626e5",
    "schema_version": "1.0.0",
    "event_type": "agent_order",
    "source": "synthetic_agent",
    "symbol": "BTCUSDT",
    "exchange": "binance_usdm",
    "timestamp": "2024-05-01T00:00:00.056000Z",
    "sequence": 7,
    "scenario_id": "scenario-164-latency_edge",
    "agent_id": "agent-latency_edge",
    "order_id": "scenario-164-latency_edge-agent-latency_edge-7",
    "action": "new",
    "side": "sell",
    "price": 65124.9016,
    "quantity": 0.006,
    "remaining_quantity": 0.006
  },
  {
    "event_id": "62463cbf3e6b00f0ac416d713e66807823ff5f17a33a28aabcb53f185ea29bdc",
    "schema_version": "1.0.0",
    "event_type": "agent_order",
    "source": "synthetic_agent",
    "symbol": "BTCUSDT",
    "exchange": "binance_usdm",
    "timestamp": "2024-05-01T00:00:00.064000Z",
    "sequence": 8,
    "scenario_id": "scenario-164-latency_edge",
    "agent_id": "agent-latency_edge",
    "order_id": "scenario-164-latency_edge-agent-latency_edge-8",
    "action": "new",
    "side": "buy",
    "price": 65203.098399999995,
    "quantity": 0.006,
    "remaining_quantity": 0.006
  },
  {
    "event_id": "8d3de8b7ebc3514bf8c946399f62e00b87320ca56e936c501bffbaa157cd805d",
    "schema_version": "1.0.0",
    "event_type": "agent_order",
    "source": "synthetic_agent",
    "symbol": "BTCUSDT",
    "exchange": "binance_usdm",
    "timestamp": "2024-05-01T00:00:00.072000Z",
    "sequence": 9,
    "scenario_id": "scenario-164-latency_edge",
    "agent_id": "agent-latency_edge",
    "order_id": "scenario-164-latency_edge-agent-latency_edge-9",
    "action": "new",
    "side": "buy",
    "price": 65203.098399999995,
    "quantity": 0.006,
    "remaining_quantity": 0.006
  },
  {
    "event_id": "f8062defc4e0e13330fd97704628735ccea09e2e5080cf4d14bb013be672777d",
    "schema_version": "1.0.0",
    "event_type": "agent_order",
    "source": "synthetic_agent",
    "symbol": "BTCUSDT",
    "exchange": "binance_usdm",
    "timestamp": "2024-05-01T00:00:00.080000Z",
    "sequence": 10,
    "scenario_id": "scenario-164-latency_edge",
    "agent_id": "agent-latency_edge",
    "order_id": "scenario-164-latency_edge-agent-latency_edge-10",
    "action": "new",
    "side": "sell",
    "price": 65124.9016,
    "quantity": 0.006,
    "remaining_quantity": 0.006
  },
  {
    "event_id": "d106e4d02da690db9415430f67dc51f43f90cd61dfd93fb8e5d4bb9a33df0355",
    "schema_version": "1.0.0",
    "event_type": "agent_order",
    "source": "synthetic_agent",
    "symbol": "BTCUSDT",
    "exchange": "binance_usdm",
    "timestamp": "2024-05-01T00:00:00.088000Z",
    "sequence": 11,
    "scenario_id": "scenario-164-latency_edge",
    "agent_id": "agent-latency_edge",
    "order_id": "scenario-164-latency_edge-agent-latency_edge-11",
    "action": "new",
    "side": "sell",
    "price": 65124.9016,
    "quantity": 0.006,
    "remaining_quantity": 0.006
  },
  {
    "event_id": "582243785c2abb9c6c4a5ef2de4f1637db74b833ac65e148809814d329b02801",
    "schema_version": "1.0.0",
    "event_type": "agent_order",
    "source": "synthetic_agent",
    "symbol": "BTCUSDT",
    "exchange": "binance_usdm",
    "timestamp": "2024-05-01T00:00:00.096000Z",
    "sequence": 12,
    "scenario_id": "scenario-164-latency_edge",
    "agent_id": "agent-latency_edge",
    "order_id": "scenario-164-latency_edge-agent-latency_edge-12",
    "action": "new",
    "side": "buy",
    "price": 65203.098399999995,
    "quantity": 0.006,
    "remaining_quantity": 0.006
  },
  {
    "event_id": "47714884623a3eb38586f257019f92d3be1ebdcf5d01fc618902a1225fa7bf63",
    "schema_version": "1.0.0",
    "event_type": "agent_order",
    "source": "synthetic_agent",
    "symbol": "BTCUSDT",
    "exchange": "binance_usdm",
    "timestamp": "2024-05-01T00:00:00.104000Z",
    "sequence": 13,
    "scenario_id": "scenario-164-latency_edge",
    "agent_id": "agent-latency_edge",
    "order_id": "scenario-164-latency_edge-agent-latency_edge-13",
    "action": "new",
    "side": "buy",
    "price": 65203.098399999995,
    "quantity": 0.006,
    "remaining_quantity": 0.006
  },
  {
    "event_id": "e1b84771811df93bcf169f2c6d637a504ee375f003997e3fae30adcb9fd0cb93",
    "schema_version": "1.0.0",
    "event_type": "agent_order",
    "source": "synthetic_agent",
    "symbol": "BTCUSDT",
    "exchange": "binance_usdm",
    "timestamp": "2024-05-01T00:00:00.112000Z",
    "sequence": 14,
    "scenario_id": "scenario-164-latency_edge",
    "agent_id": "agent-latency_edge",
    "order_id": "scenario-164-latency_edge-agent-latency_edge-14",
    "action": "new",
    "side": "sell",
    "price": 65124.9016,
    "quantity": 0.006,
    "remaining_quantity": 0.006
  },
  {
    "event_id": "c6e5d8a2fea1fb8c6d2668401ca0b4836350d356a1c2ffeb71fd84bf9755873d",
    "schema_version": "1.0.0",
    "event_type": "agent_order",
    "source": "synthetic_agent",
    "symbol": "BTCUSDT",
    "exchange": "binance_usdm",
    "timestamp": "2024-05-01T00:00:00.120000Z",
    "sequence": 15,
    "scenario_id": "scenario-164-latency_edge",
    "agent_id": "agent-latency_edge",
    "order_id": "scenario-164-latency_edge-agent-latency_edge-15",
    "action": "new",
    "side": "sell",
    "price": 65124.9016,
    "quantity": 0.006,
    "remaining_quantity": 0.006
  },
  {
    "event_id": "ce00100efba48204177eeb042a3ee4ceb75c0952d0e8684e85b108df54370887",
    "schema_version": "1.0.0",
    "event_type": "agent_order",
    "source": "synthetic_agent",
    "symbol": "BTCUSDT",
    "exchange": "binance_usdm",
    "timestamp": "2024-05-01T00:00:00.128000Z",
    "sequence": 16,
    "scenario_id": "scenario-164-latency_edge",
    "agent_id": "agent-latency_edge",
    "order_id": "scenario-164-latency_edge-agent-latency_edge-16",
    "action": "new",
    "side": "buy",
    "price": 65203.098399999995,
    "quantity": 0.006,
    "remaining_quantity": 0.006
  },
  {
    "event_id": "223c41355c375c0b7665d8579acebd4d7883c72ef5d9de1eb25169942e1df5c4",
    "schema_version": "1.0.0",
    "event_type": "agent_order",
    "source": "synthetic_agent",
    "symbol": "BTCUSDT",
    "exchange": "binance_usdm",
    "timestamp": "2024-05-01T00:00:00.136000Z",
    "sequence": 17,
    "scenario_id": "scenario-164-latency_edge",
    "agent_id": "agent-latency_edge",
    "order_id": "scenario-164-latency_edge-agent-latency_edge-17",
    "action": "new",
    "side": "buy",
    "price": 65203.098399999995,
    "quantity": 0.006,
    "remaining_quantity": 0.006
  },
  {
    "event_id": "bde897ac3927447b4aab337f36b02ef66957250e44f270e41c0102742ea0b9c5",
    "schema_version": "1.0.0",
    "event_type": "agent_order",
    "source": "synthetic_agent",
    "symbol": "BTCUSDT",
    "exchange": "binance_usdm",
    "timestamp": "2024-05-01T00:00:00.144000Z",
    "sequence": 18,
    "scenario_id": "scenario-164-latency_edge",
    "agent_id": "agent-latency_edge",
    "order_id": "scenario-164-latency_edge-agent-latency_edge-18",
    "action": "new",
    "side": "sell",
    "price": 65124.9016,
    "quantity": 0.006,
    "remaining_quantity": 0.006
  },
  {
    "event_id": "fb18f65107fda71f34d26a3b3565a606bb577a2ad6e624c046b8b5e56f9f93a5",
    "schema_version": "1.0.0",
    "event_type": "agent_order",
    "source": "synthetic_agent",
    "symbol": "BTCUSDT",
    "exchange": "binance_usdm",
    "timestamp": "2024-05-01T00:00:00.152000Z",
    "sequence": 19,
    "scenario_id": "scenario-164-latency_edge",
    "agent_id": "agent-latency_edge",
    "order_id": "scenario-164-latency_edge-agent-latency_edge-19",
    "action": "new",
    "side": "sell",
    "price": 65124.9016,
    "quantity": 0.006,
    "remaining_quantity": 0.006
  },
  {
    "event_id": "a066f568cdd6ce23ffb50836403b148b2c9a20e92ca9658e974f56d6dad2746b",
    "schema_version": "1.0.0",
    "event_type": "agent_order",
    "source": "synthetic_agent",
    "symbol": "BTCUSDT",
    "exchange": "binance_usdm",
    "timestamp": "2024-05-01T00:00:00.160000Z",
    "sequence": 20,
    "scenario_id": "scenario-164-latency_edge",
    "agent_id": "agent-latency_edge",
    "order_id": "scenario-164-latency_edge-agent-latency_edge-20",
    "action": "new",
    "side": "buy",
    "price": 65203.098399999995,
    "quantity": 0.006,
    "remaining_quantity": 0.006
  },
  {
    "event_id": "96f1bcfb82012a27967b5de3911d9a213c126604cf4365461aca2228a227888f",
    "schema_version": "1.0.0",
    "event_type": "agent_order",
    "source": "synthetic_agent",
    "symbol": "BTCUSDT",
    "exchange": "binance_usdm",
    "timestamp": "2024-05-01T00:00:00.168000Z",
    "sequence": 21,
    "scenario_id": "scenario-164-latency_edge",
    "agent_id": "agent-latency_edge",
    "order_id": "scenario-164-latency_edge-agent-latency_edge-21",
    "action": "new",
    "side": "buy",
    "price": 65203.098399999995,
    "quantity": 0.006,
    "remaining_quantity": 0.006
  },
  {
    "event_id": "2e04d9b9708291e08c073c9e1ba39cf2894dd24d21cf5ca0c3cdfa42f67fc043",
    "schema_version": "1.0.0",
    "event_type": "agent_order",
    "source": "synthetic_agent",
    "symbol": "BTCUSDT",
    "exchange": "binance_usdm",
    "timestamp": "2024-05-01T00:00:00.176000Z",
    "sequence": 22,
    "scenario_id": "scenario-164-latency_edge",
    "agent_id": "agent-latency_edge",
    "order_id": "scenario-164-latency_edge-agent-latency_edge-22",
    "action": "new",
    "side": "sell",
    "price": 65124.9016,
    "quantity": 0.006,
    "remaining_quantity": 0.006
  },
  {
    "event_id": "c34de233184ad695ea729a379f091ae82170da667135135d19f0499ec2b71217",
    "schema_version": "1.0.0",
    "event_type": "agent_order",
    "source": "synthetic_agent",
    "symbol": "BTCUSDT",
    "exchange": "binance_usdm",
    "timestamp": "2024-05-01T00:00:00.184000Z",
    "sequence": 23,
    "scenario_id": "scenario-164-latency_edge",
    "agent_id": "agent-latency_edge",
    "order_id": "scenario-164-latency_edge-agent-latency_edge-23",
    "action": "new",
    "side": "sell",
    "price": 65124.9016,
    "quantity": 0.006,
    "remaining_quantity": 0.006
  },
  {
    "event_id": "0a4a3e6c7ab556a7e689f640b2be1c33b2c71e35667bcbb21e7cc3f52448cbf3",
    "schema_version": "1.0.0",
    "event_type": "agent_order",
    "source": "synthetic_agent",
    "symbol": "BTCUSDT",
    "exchange": "binance_usdm",
    "timestamp": "2024-05-01T00:00:00.192000Z",
    "sequence": 24,
    "scenario_id": "scenario-164-latency_edge",
    "agent_id": "agent-latency_edge",
    "order_id": "scenario-164-latency_edge-agent-latency_edge-24",
    "action": "new",
    "side": "buy",
    "price": 65203.098399999995,
    "quantity": 0.006,
    "remaining_quantity": 0.006
  },
  {
    "event_id": "d186c5758a7bce6bc10c0f0ef7fd6e9780491b12f839f8b39fe58611303e7a00",
    "schema_version": "1.0.0",
    "event_type": "agent_order",
    "source": "synthetic_agent",
    "symbol": "BTCUSDT",
    "exchange": "binance_usdm",
    "timestamp": "2024-05-01T00:00:00.200000Z",
    "sequence": 25,
    "scenario_id": "scenario-164-latency_edge",
    "agent_id": "agent-latency_edge",
    "order_id": "scenario-164-latency_edge-agent-latency_edge-25",
    "action": "new",
    "side": "buy",
    "price": 65203.098399999995,
    "quantity": 0.006,
    "remaining_quantity": 0.006
  },
  {
    "event_id": "d27dfc5c495ab23ab21a19e25f6dea98732c923dac1abd88ad1a97ec668e3a2e",
    "schema_version": "1.0.0",
    "event_type": "agent_order",
    "source": "synthetic_agent",
    "symbol": "BTCUSDT",
    "exchange": "binance_usdm",
    "timestamp": "2024-05-01T00:00:00.208000Z",
    "sequence": 26,
    "scenario_id": "scenario-164-latency_edge",
    "agent_id": "agent-latency_edge",
    "order_id": "scenario-164-latency_edge-agent-latency_edge-26",
    "action": "new",
    "side": "sell",
    "price": 65124.9016,
    "quantity": 0.006,
    "remaining_quantity": 0.006
  },
  {
    "event_id": "3a3289451ff9d9feb4360c1753c9f32ffe54e3a9d1b5bff52b0d9b206b4e70b3",
    "schema_version": "1.0.0",
    "event_type": "agent_order",
    "source": "synthetic_agent",
    "symbol": "BTCUSDT",
    "exchange": "binance_usdm",
    "timestamp": "2024-05-01T00:00:00.216000Z",
    "sequence": 27,
    "scenario_id": "scenario-164-latency_edge",
    "agent_id": "agent-latency_edge",
    "order_id": "scenario-164-latency_edge-agent-latency_edge-27",
    "action": "new",
    "side": "sell",
    "price": 65124.9016,
    "quantity": 0.006,
    "remaining_quantity": 0.006
  },
  {
    "event_id": "5f0a0cf1c7435513b6120420372dabe7d6ac0a903342477f53084dce094d12a6",
    "schema_version": "1.0.0",
    "event_type": "agent_order",
    "source": "synthetic_agent",
    "symbol": "BTCUSDT",
    "exchange": "binance_usdm",
    "timestamp": "2024-05-01T00:00:00.224000Z",
    "sequence": 28,
    "scenario_id": "scenario-164-latency_edge",
    "agent_id": "agent-latency_edge",
    "order_id": "scenario-164-latency_edge-agent-latency_edge-28",
    "action": "new",
    "side": "buy",
    "price": 65203.098399999995,
    "quantity": 0.006,
    "remaining_quantity": 0.006
  },
  {
    "event_id": "489fd568804f1fa66249772893d3415e6cd5fc55f8b3590577705e5bce7326ae",
    "schema_version": "1.0.0",
    "event_type": "agent_order",
    "source": "synthetic_agent",
    "symbol": "BTCUSDT",
    "exchange": "binance_usdm",
    "timestamp": "2024-05-01T00:00:00.232000Z",
    "sequence": 29,
    "scenario_id": "scenario-164-latency_edge",
    "agent_id": "agent-latency_edge",
    "order_id": "scenario-164-latency_edge-agent-latency_edge-29",
    "action": "new",
    "side": "buy",
    "price": 65203.098399999995,
    "quantity": 0.006,
    "remaining_quantity": 0.006
  }
]