[
  {
    "event_id": "b6e67995e9ee313c18c3b7deaeb279bcc3b922e883ccbef0a33cbece994ac1b4",
    "schema_version": "1.0.0",
    "event_type": "agent_order",
    "source": "synthetic_agent",
    "symbol": "BTCUSDT",
    "exchange": "binance_usdm",
    "timestamp": "2024-05-01T00:00:00Z",
    "sequence": 0,
    "scenario_id": "scenario-547-coordinated_burst",
    "agent_id": "agent-coordinated_burst-0",
    "order_id": "scenario-547-coordinated_burst-agent-coordinated_burst-0-0",
    "action": "new",
    "side": "buy",
    "price": 65560.1094,
    "quantity": 0.04,
    "remaining_quantity": 0.04
  },
  {
    "event_id": "3a4c8007fc12462c111de82de1d4785ff584de627ab319e9833923f016fc52ec",
    "schema_version": "1.0.0",
    "event_type": "agent_order",
    "source": "synthetic_agent",
    "symbol": "BTCUSDT",
    "exchange": "binance_usdm",
    "timestamp": "2024-05-01T00:00:00.012000Z",
    "sequence": 1,
    "scenario_id": "scenario-547-coordinated_burst",
    "agent_id": "agent-coordinated_burst-1",
    "order_id": "scenario-547-coordinated_burst-agent-coordinated_burst-1-1",
    "action": "new",
    "side": "sell",
    "price": 65533.8906,
    "quantity": 0.04,
    "remaining_quantity": 0.04
  },
  {
    "event_id": "86b0c9d5d6c28120ed9282de8406b8ec5b0d2b596909e4504c53968d554aa472",
    "schema_version": "1.0.0",
    "event_type": "agent_order",
    "source": "synthetic_agent",
    "symbol": "BTCUSDT",
    "exchange": "binance_usdm",
    "timestamp": "2024-05-01T00:00:00.024000Z",
    "sequence": 2,
    "scenario_id": "scenario-547-coordinated_burst",
    "agent_id": "agent-coordinated_burst-2",
    "order_id": "scenario-547-coordinated_burst-agent-coordinated_burst-2-2",
    "action": "new",
    "side": "sell",
    "price": 65533.8906,
    "quantity": 0.04,
    "remaining_quantity": 0.04
  },
  {
    "event_id": "a611de323eeac462ea5cd89b9d50b3b33f113545d3218cc142468513dfa1d798",
    "schema_version": "1.0.0",
    "event_type": "agent_order",
    "source": "synthetic_agent",
    "symbol": "BTCUSDT",
    "exchange": "binance_usdm",
    "timestamp": "2024-05-01T00:00:00.036000Z",
    "sequence": 3,
    "scenario_id": "scenario-547-coordinated_burst",
    "agent_id": "agent-coordinated_burst-0",
    "order_id": "scenario-547-coordinated_burst-agent-coordinated_burst-0-3",
    "action": "new",
    "side": "buy",
    "price": 65560.1094,
    "quantity": 0.04,
    "remaining_quantity": 0.04
  },
  {
    "event_id": "9f5e1019642cd6c14e9352a072700638551bdcb52ae2b98506e798d7ac57c3e6",
    "schema_version": "1.0.0",
    "event_type": "agent_order",
    "source": "synthetic_agent",
    "symbol": "BTCUSDT",
    "exchange": "binance_usdm",
    "timestamp": "2024-05-01T00:00:00.048000Z",
    "sequence": 4,
    "scenario_id": "scenario-547-coordinated_burst",
    "agent_id": "agent-coordinated_burst-1",
    "order_id": "scenario-547-coordinated_burst-agent-coordinated_burst-1-4",
    "action": "new",
    "side": "sell",
    "price": 65533.8906,
    "quantity": 0.04,
    "remaining_quantity": 0.04
  },
  {
    "event_id": "5e25f766080b34f433b8b2e8468864ec98828892d2d7074699520d215ecea4ab",
    "schema_version": "1.0.0",
    "event_type": "agent_order",
    "source": "synthetic_agent",
    "symbol": "BTCUSDT",
    "exchange": "binance_usdm",
    "timestamp": "2024-05-01T00:00:00.600000Z",
    "sequence": 5,
    "scenario_id": "scenario-547-coordinated_burst",
    "agent_id": "agent-coordinated_burst-2",
    "order_id": "scenario-547-coordinated_burst-agent-coordinated_burst-2-5",
    "action": "new",
    "side": "sell",
    "price": 65533.8906,
    "quantity": 0.04,
    "remaining_quantity": 0.04
  },
  {
    "event_id": "c02814f2d945ec1d7dbd0f846a58e5af178efd2a0371e116dbe4b148d45e0b4b",
    "schema_version": "1.0.0",
    "event_type": "agent_order",
    "source": "synthetic_agent",
    "symbol": "BTCUSDT",
    "exchange": "binance_usdm",
    "timestamp": "2024-05-01T00:00:00.072000Z",
    "sequence": 6,
    "scenario_id": "scenario-547-coordinated_burst",
    "agent_id": "agent-coordinated_burst-0",
    "order_id": "scenario-547-coordinated_burst-agent-coordinated_burst-0-6",
    "action": "new",
    "side": "buy",
    "price": 65560.1094,
    "quantity": 0.04,
    "remaining_quantity": 0.04
  },
  {
    "event_id": "aa22d755e8e353ebbc9c6f1d5ce351a7939ed365e44fe6cdc66b876a8e5f2f1e",
    "schema_version": "1.0.0",
    "event_type": "agent_order",
    "source": "synthetic_agent",
    "symbol": "BTCUSDT",
    "exchange": "binance_usdm",
    "timestamp": "2024-05-01T00:00:00.084000Z",
    "sequence": 7,
    "scenario_id": "scenario-547-coordinated_burst",
    "agent_id": "agent-coordinated_burst-1",
    "order_id": "scenario-547-coordinated_burst-agent-coordinated_burst-1-7",
    "action": "new",
    "side": "sell",
    "price": 65533.8906,
    "quantity": 0.04,
    "remaining_quantity": 0.04
  },
  {
    "event_id": "0452404db05d89f98487ed30c89e55c53074abd5afa86a58e0c8fc176b223c32",
    "schema_version": "1.0.0",
    "event_type": "agent_order",
    "source": "synthetic_agent",
    "symbol": "BTCUSDT",
    "exchange": "binance_usdm",
    "timestamp": "2024-05-01T00:00:00.096000Z",
    "sequence": 8,
    "scenario_id": "scenario-547-coordinated_burst",
    "agent_id": "agent-coordinated_burst-2",
    "order_id": "scenario-547-coordinated_burst-agent-coordinated_burst-2-8",
    "action": "new",
    "side": "sell",
    "price": 65533.8906,
    "quantity": 0.04,
    "remaining_quantity": 0.04
  },
  {
    "event_id": "fa9a9ac4d7cca442922f2f5a33c917f18235212e07023b544d28b436b1b4fcbf",
    "schema_version": "1.0.0",
    "event_type": "agent_order",
    "source": "synthetic_agent",
    "symbol": "BTCUSDT",
    "exchange": "binance_usdm",
    "timestamp": "2024-05-01T00:00:00.108000Z",
    "sequence": 9,
    "scenario_id": "scenario-547-coordinated_burst",
    "agent_id": "agent-coordinated_burst-0",
    "order_id": "scenario-547-coordinated_burst-agent-coordinated_burst-0-9",
    "action": "new",
    "side": "buy",
    "price": 65560.1094,
    "quantity": 0.04,
    "remaining_quantity": 0.04
  },
  {
    "event_id": "63dc9e4e21700f90a0b71fb22552b71131ffa732a10e17863844d99da40e54b1",
    "schema_version": "1.0.0",
    "event_type": "agent_order",
    "source": "synthetic_agent",
    "symbol": "BTCUSDT",
    "exchange": "binance_usdm",
    "timestamp": "2024-05-01T00:00:01.200000Z",
    "sequence": 10,
    "scenario_id": "scenario-547-coordinated_burst",
    "agent_id": "agent-coordinated_burst-1",
    "order_id": "scenario-547-coordinated_burst-agent-coordinated_burst-1-10",
    "action": "new",
    "side": "sell",
    "price": 65533.8906,
    "quantity": 0.04,
    "remaining_quantity": 0.04
  },
  {
    "event_id": "4fae4b1cb5461b6d468e4eb3b2b6d300f38f81092a0a4dd9d2d1dc054cc980f6",
    "schema_version": "1.0.0",
    "event_type": "agent_order",
    "source": "synthetic_agent",
    "symbol": "BTCUSDT",
    "exchange": "binance_usdm",
    "timestamp": "2024-05-01T00:00:00.132000Z",
    "sequence": 11,
    "scenario_id": "scenario-547-coordinated_burst",
    "agent_id": "agent-coordinated_burst-2",
    "order_id": "scenario-547-coordinated_burst-agent-coordinated_burst-2-11",
    "action": "new",
    "side": "sell",
    "price": 65533.8906,
    "quantity": 0.04,
    "remaining_quantity": 0.04
  },
  {
    "event_id": "51f59a6dd360b1c96d78081734bc404b6e616681ce7fd096e2befed448e30af2",
    "schema_version": "1.0.0",
    "event_type": "agent_order",
    "source": "synthetic_agent",
    "symbol": "BTCUSDT",
    "exchange": "binance_usdm",
    "timestamp": "2024-05-01T00:00:00.144000Z",
    "sequence": 12,
    "scenario_id": "scenario-547-coordinated_burst",
    "agent_id": "agent-coordinated_burst-0",
    "order_id": "scenario-547-coordinated_burst-agent-coordinated_burst-0-12",
    "action": "new",
    "side": "buy",
    "price": 65560.1094,
    "quantity": 0.04,
    "remaining_quantity": 0.04
  },
  {
    "event_id": "43fb7c73f33ab72400f29dcaafd529793d0769e6334a7cba041786c58e8ef101",
    "schema_version": "1.0.0",
    "event_type": "agent_order",
    "source": "synthetic_agent",
    "symbol": "BTCUSDT",
    "exchange": "binance_usdm",
    "timestamp": "2024-05-01T00:00:00.156000Z",
    "sequence": 13,
    "scenario_id": "scenario-547-coordinated_burst",
    "agent_id": "agent-coordinated_burst-1",
    "order_id": "scenario-547-coordinated_burst-agent-coordinated_burst-1-13",
    "action": "new",
    "side": "sell",
    "price": 65533.8906,
    "quantity": 0.04,
    "remaining_quantity": 0.04
  },
  {
    "event_id": "5cdda39d39c915d8b31b8802ee0bd6e92be7f050c04a992bc253994c49e0f193",
    "schema_version": "1.0.0",
    "event_type": "agent_order",
    "source": "synthetic_agent",
    "symbol": "BTCUSDT",
    "exchange": "binance_usdm",
    "timestamp": "2024-05-01T00:00:00.168000Z",
    "sequence": 14,
    "scenario_id": "scenario-547-coordinated_burst",
    "agent_id": "agent-coordinated_burst-2",
    "order_id": "scenario-547-coordinated_burst-agent-coordinated_burst-2-14",
    "action": "new",
    "side": "sell",
    "price": 65533.8906,
    "quantity": 0.04,
    "remaining_quantity": 0.04
  },
  {
    "event_id": "da30e3bfd3b729e685c1f618b9f9a2dcf3ffeaea44ad9376a5acfb4480a9d0e4",
    "schema_version": "1.0.0",
    "event_type": "agent_order",
    "source": "synthetic_agent",
    "symbol": "BTCUSDT",
    "exchange": "binance_usdm",
    "timestamp": "2024-05-01T00:00:01.800000Z",
    "sequence": 15,
    "scenario_id": "scenario-547-coordinated_burst",
    "agent_id": "agent-coordinated_burst-0",
    "order_id": "scenario-547-coordinated_burst-agent-coordinated_burst-0-15",
    "action": "new",
    "side": "buy",
    "price": 65560.1094,
    "quantity": 0.04,
    "remaining_quantity": 0.04
  },
  {
    "event_id": "e8e95ff5150e791a26281e2f2e0bd088c592bb6aa434af6e95f5f2013a999c13",
    "schema_version": "1.0.0",
    "event_type": "agent_order",
    "source": "synthetic_agent",
    "symbol": "BTCUSDT",
    "exchange": "binance_usdm",
    "timestamp": "2024-05-01T00:00:00.192000Z",
    "sequence": 16,
    "scenario_id": "scenario-547-coordinated_burst",
    "agent_id": "agent-coordinated_burst-1",
    "order_id": "scenario-547-coordinated_burst-agent-coordinated_burst-1-16",
    "action": "new",
    "side": "sell",
    "price": 65533.8906,
    "quantity": 0.04,
    "remaining_quantity": 0.04
  },
  {
    "event_id": "4cc3d24af872e96170b8ceda6217a619316e5f0646b2ad5b7793a6696033a04f",
    "schema_version": "1.0.0",
    "event_type": "agent_order",
    "source": "synthetic_agent",
    "symbol": "BTCUSDT",
    "exchange": "binance_usdm",
    "timestamp": "2024-05-01T00:00:00.204000Z",
    "sequence": 17,
    "scenario_id": "scenario-547-coordinated_burst",
    "agent_id": "agent-coordinated_burst-2",
    "order_id": "scenario-547-coordinated_burst-agent-coordinated_burst-2-17",
    "action": "new",
    "side": "sell",
    "price": 65533.8906,
    "quantity": 0.04,
    "remaining_quantity": 0.04
  },
  {
    "event_id": "0dfaf7530cf67d229e09fa164e7d6e8c0dca1cb59a077fa4a5ff94e9c2a63ee7",
    "schema_version": "1.0.0",
    "event_type": "agent_order",
    "source": "synthetic_agent",
    "symbol": "BTCUSDT",
    "exchange": "binance_usdm",
    "timestamp": "2024-05-01T00:00:00.216000Z",
    "sequence": 18,
    "scenario_id": "scenario-547-coordinated_burst",
    "agent_id": "agent-coordinated_burst-0",
    "order_id": "scenario-547-coordinated_burst-agent-coordinated_burst-0-18",
    "action": "new",
    "side": "buy",
    "price": 65560.1094,
    "quantity": 0.04,
    "remaining_quantity": 0.04
  },
  {
    "event_id": "76cf354a12b7e0b3dfe4ca8f9083a15edf67d509a2832b9caa2bfbcf33fba788",
    "schema_version": "1.0.0",
    "event_type": "agent_order",
    "source": "synthetic_agent",
    "symbol": "BTCUSDT",
    "exchange": "binance_usdm",
    "timestamp": "2024-05-01T00:00:00.228000Z",
    "sequence": 19,
    "scenario_id": "scenario-547-coordinated_burst",
    "agent_id": "agent-coordinated_burst-1",
    "order_id": "scenario-547-coordinated_burst-agent-coordinated_burst-1-19",
    "action": "new",
    "side": "sell",
    "price": 65533.8906,
    "quantity": 0.04,
    "remaining_quantity": 0.04
  },
  {
    "event_id": "6a35b1de035c379be6835c109368a9a0ef1e03ceb9d8813812903f9bca26b991",
    "schema_version": "1.0.0",
    "event_type": "agent_order",
    "source": "synthetic_agent",
    "symbol": "BTCUSDT",
    "exchange": "binance_usdm",
    "timestamp": "2024-05-01T00:00:02.400000Z",
    "sequence": 20,
    "scenario_id": "scenario-547-coordinated_burst",
    "agent_id": "agent-coordinated_burst-2",
    "order_id": "scenario-547-coordinated_burst-agent-coordinated_burst-2-20",
    "action": "new",
    "side": "sell",
    "price": 65533.8906,
    "quantity": 0.04,
    "remaining_quantity": 0.04
  },
  {
    "event_id": "f5d4095870c34908c63728cc4c672c726823d52fd3bf7ee533cfb054490e211a",
    "schema_version": "1.0.0",
    "event_type": "agent_order",
    "source": "synthetic_agent",
    "symbol": "BTCUSDT",
    "exchange": "binance_usdm",
    "timestamp": "2024-05-01T00:00:00.252000Z",
    "sequence": 21,
    "scenario_id": "scenario-547-coordinated_burst",
    "agent_id": "agent-coordinated_burst-0",
    "order_id": "scenario-547-coordinated_burst-agent-coordinated_burst-0-21",
    "action": "new",
    "side": "buy",
    "price": 65560.1094,
    "quantity": 0.04,
    "remaining_quantity": 0.04
  },
  {
    "event_id": "790ade0a392e607f62d15eb1f6f0366371c4de7736f2850f470d3c1104ad0c94",
    "schema_version": "1.0.0",
    "event_type": "agent_order",
    "source": "synthetic_agent",
    "symbol": "BTCUSDT",
    "exchange": "binance_usdm",
    "timestamp": "2024-05-01T00:00:00.264000Z",
    "sequence": 22,
    "scenario_id": "scenario-547-coordinated_burst",
    "agent_id": "agent-coordinated_burst-1",
    "order_id": "scenario-547-coordinated_burst-agent-coordinated_burst-1-22",
    "action": "new",
    "side": "sell",
    "price": 65533.8906,
    "quantity": 0.04,
    "remaining_quantity": 0.04
  },
  {
    "event_id": "c859a1ea01ee296d47f3089e20f9c225a9a7f8dd44a3580f351ce3d1110aed94",
    "schema_version": "1.0.0",
    "event_type": "agent_order",
    "source": "synthetic_agent",
    "symbol": "BTCUSDT",
    "exchange": "binance_usdm",
    "timestamp": "2024-05-01T00:00:00.276000Z",
    "sequence": 23,
    "scenario_id": "scenario-547-coordinated_burst",
    "agent_id": "agent-coordinated_burst-2",
    "order_id": "scenario-547-coordinated_burst-agent-coordinated_burst-2-23",
    "action": "new",
    "side": "sell",
    "price": 65533.8906,
    "quantity": 0.04,
    "remaining_quantity": 0.04
  },
  {
    "event_id": "2414e08ffb7b09e0f71d5dc562f78e5857e0eb1be7d279d03d0bc7c05600c12f",
    "schema_version": "1.0.0",
    "event_type": "agent_order",
    "source": "synthetic_agent",
    "symbol": "BTCUSDT",
    "exchange": "binance_usdm",
    "timestamp": "2024-05-01T00:00:00.288000Z",
    "sequence": 24,
    "scenario_id": "scenario-547-coordinated_burst",
    "agent_id": "agent-coordinated_burst-0",
    "order_id": "scenario-547-coordinated_burst-agent-coordinated_burst-0-24",
    "action": "new",
    "side": "buy",
    "price": 65560.1094,
    "quantity": 0.04,
    "remaining_quantity": 0.04
  },
  {
    "event_id": "c223e386a051678a90859275b096b9d7de8e1c86ccb248f9c96a133fc23869b1",
    "schema_version": "1.0.0",
    "event_type": "agent_order",
    "source": "synthetic_agent",
    "symbol": "BTCUSDT",
    "exchange": "binance_usdm",
    "timestamp": "2024-05-01T00:00:03Z",
    "sequence": 25,
    "scenario_id": "scenario-547-coordinated_burst",
    "agent_id": "agent-coordinated_burst-1",
    "order_id": "scenario-547-coordinated_burst-agent-coordinated_burst-1-25",
    "action": "new",
    "side": "sell",
    "price": 65533.8906,
    "quantity": 0.04,
    "remaining_quantity": 0.04
  },
  {
    "event_id": "04690129a0fd38af6c6553c6e775d5d616026c256f7ec1a916a104344b884ece",
    "schema_version": "1.0.0",
    "event_type": "agent_order",
    "source": "synthetic_agent",
    "symbol": "BTCUSDT",
    "exchange": "binance_usdm",
    "timestamp": "2024-05-01T00:00:00.312000Z",
    "sequence": 26,
    "scenario_id": "scenario-547-coordinated_burst",
    "agent_id": "agent-coordinated_burst-2",
    "order_id": "scenario-547-coordinated_burst-agent-coordinated_burst-2-26",
    "action": "new",
    "side": "sell",
    "price": 65533.8906,
    "quantity": 0.04,
    "remaining_quantity": 0.04
  },
  {
    "event_id": "b1d19dac47601e98f6ef2492fc95b81e012a1477843cd592c460d9df8bf8edef",
    "schema_version": "1.0.0",
    "event_type": "agent_order",
    "source": "synthetic_agent",
    "symbol": "BTCUSDT",
    "exchange": "binance_usdm",
    "timestamp": "2024-05-01T00:00:00.324000Z",
    "sequence": 27,
    "scenario_id": "scenario-547-coordinated_burst",
    "agent_id": "agent-coordinated_burst-0",
    "order_id": "scenario-547-coordinated_burst-agent-coordinated_burst-0-27",
    "action": "new",
    "side": "buy",
    "price": 65560.1094,
    "quantity": 0.04,
    "remaining_quantity": 0.04
  },
  {
    "event_id": "d55d0b2b2313e39831a50234856367266ffd1a0df637ebc417b46342c425bb49",
    "schema_version": "1.0.0",
    "event_type": "agent_order",
    "source": "synthetic_agent",
    "symbol": "BTCUSDT",
    "exchange": "binance_usdm",
    "timestamp": "2024-05-01T00:00:00.336000Z",
    "sequence": 28,
    "scenario_id": "scenario-547-coordinated_burst",
    "agent_id": "agent-coordinated_burst-1",
    "order_id": "scenario-547-coordinated_burst-agent-coordinated_burst-1-28",
    "action": "new",
    "side": "sell",
    "price": 65533.8906,
    "quantity": 0.04,
    "remaining_quantity": 0.04
  },
  {
    "event_id": "54de366b78b9b12e1be45e76531a6814062a866faeea9a41e643b9ad62a1534a",
    "schema_version": "1.0.0",
    "event_type": "agent_order",
    "source": "synthetic_agent",
    "symbol": "BTCUSDT",
    "exchange": "binance_usdm",
    "timestamp": "2024-05-01T00:00:00.348000Z",
    "sequence": 29,
    "scenario_id": "scenario-547-coordinated_burst",
    "agent_id": "agent-coordinated_burst-2",
    "order_id": "scenario-547-coordinated_burst-agent-coordinated_burst-2-29",
    "action": "new",
    "side": "sell",
    "price": 65533.8906,
    "quantity": 0.04,
    "remaining_quantity": 0.04
  }
]