[
  {
    "event_id": "e97e09d41fa31109d7e9c70c8980d4a5d85b44af220c5c3b5d245e25c7c03872",
    "schema_version": "1.0.0",
    "event_type": "agent_order",
    "source": "synthetic_agent",
    "symbol": "BTCUSDT",
    "exchange": "binance_usdm",
    "timestamp": "2024-05-01T00:00:00Z",
    "sequence": 0,
    "scenario_id": "scenario-028-quote_stuffing",
    "agent_id": "agent-quote_stuffing",
    "order_id": "scenario-028-quote_stuffing-agent-quote_stuffing-0",
    "action": "new",
    "side": "buy",
    "price": 65021.4972,
    "quantity": 0.001,
    "remaining_quantity": 0.001
  },
  {
    "event_id": "926723834239899c4abe2e5fd9dc5f6853e1b89855077476ce23eb6e214d0a8d",
    "schema_version": "1.0.0",
    "event_type": "agent_order",
    "source": "synthetic_agent",
    "symbol": "BTCUSDT",
    "exchange": "binance_usdm",
    "timestamp": "2024-05-01T00:00:00.005000Z",
    "sequence": 1,
    "scenario_id": "scenario-028-quote_stuffing",
    "agent_id": "agent-quote_stuffing",
    "order_id": "scenario-028-quote_stuffing-agent-quote_stuffing-1",
    "action": "new",
    "side": "sell",
    "price": 65034.5028,
    "quantity": 0.001,
    "remaining_quantity": 0.001
  },
  {
    "event_id": "e6c379975727bbefd07660399fdd9ec3a8ddfb67fc1146915ff984be71cfd310",
    "schema_version": "1.0.0",
    "event_type": "agent_order",
    "source": "synthetic_agent",
    "symbol": "BTCUSDT",
    "exchange": "binance_usdm",
    "timestamp": "2024-05-01T00:00:00.010000Z",
    "sequence": 2,
    "scenario_id": "scenario-028-quote_stuffing",
    "agent_id": "agent-quote_stuffing",
    "order_id": "scenario-028-quote_stuffing-agent-quote_stuffing-2",
    "action": "new",
    "side": "buy",
    "price": 65021.4972,
    "quantity": 0.001,
    "remaining_quantity": 0.001
  },
  {
    "event_id": "7b9e1e020c7c7894cec584655c79abfd6456ffa479b9d16b57608b689b88e7ab",
    "schema_version": "1.0.0",
    "event_type": "agent_order",
    "source": "synthetic_agent",
    "symbol": "BTCUSDT",
    "exchange": "binance_usdm",
    "timestamp": "2024-05-01T00:00:00.015000Z",
    "sequence": 3,
    "scenario_id": "scenario-028-quote_stuffing",
    "agent_id": "agent-quote_stuffing",
    "order_id": "scenario-028-quote_stuffing-agent-quote_stuffing-3",
    "action": "new",
    "side": "sell",
    "price": 65034.5028,
    "quantity": 0.001,
    "remaining_quantity": 0.001
  },
  {
    "event_id": "7032ce08a4ad87eadbae831ee9068fea1886542c21a805be8d94e7e4973c6aef",
    "schema_version": "1.0.0",
    "event_type": "agent_order",
    "source": "synthetic_agent",
    "symbol": "BTCUSDT",
    "exchange": "binance_usdm",
    "timestamp": "2024-05-01T00:00:00.020000Z",
    "sequence": 4,
    "scenario_id": "scenario-028-quote_stuffing",
    "agent_id": "agent-quote_stuffing",
    "order_id": "scenario-028-quote_stuffing-agent-quote_stuffing-4",
    "action": "new",
    "side": "buy",
    "price": 65021.4972,
    "quantity": 0.001,
    "remaining_quantity": 0.001
  },
  {
    "event_id": "504376c403c6d382bc8ce8d169e06c97b67df59bf954b515330d65d8f8b23b36",
    "schema_version": "1.0.0",
    "event_type": "agent_order",
    "source": "synthetic_agent",
    "symbol": "BTCUSDT",
    "exchange": "binance_usdm",
    "timestamp": "2024-05-01T00:00:00.025000Z",
    "sequence": 5,
    "scenario_id": "scenario-028-quote_stuffing",
    "agent_id": "agent-quote_stuffing",
    "order_id": "scenario-028-quote_stuffing-agent-quote_stuffing-5",
    "action": "new",
    "side": "sell",
    "price": 65034.5028,
    "quantity": 0.001,
    "remaining_quantity": 0.001
  },
  {
    "event_id": "76d6c2902aa57d0243c8c443d8bd197261007887e77fc6856022d59dddc18a40",
    "schema_version": "1.0.0",
    "event_type": "agent_order",
    "source": "synthetic_agent",
    "symbol": "BTCUSDT",
    "exchange": "binance_usdm",
    "timestamp": "2024-05-01T00:00:00.030000Z",
    "sequence": 6,
    "scenario_id": "scenario-028-quote_stuffing",
    "agent_id": "agent-quote_stuffing",
    "order_id": "scenario-028-quote_stuffing-agent-quote_stuffing-6",
    "action": "new",
    "side": "buy",
    "price": 65021.4972,
    "quantity": 0.001,
    "remaining_quantity": 0.001
  },
  {
    "event_id": "d2a1e3f57f1ca39f5d3dfc293badde50a97849c7d7771eeabb742f971ebca85d",
    "schema_version": "1.0.0",
    "event_type": "agent_order",
    "source": "synthetic_agent",
    "symbol": "BTCUSDT",
    "exchange": "binance_usdm",
    "timestamp": "2024-05-01T00:00:00.035000Z",
    "sequence": 7,
    "scenario_id": "scenario-028-quote_stuffing",
    "agent_id": "agent-quote_stuffing",
    "order_id": "scenario-028-quote_stuffing-agent-quote_stuffing-7",
    "action": "new",
    "side": "sell",
    "price": 65034.5028,
    "quantity": 0.001,
    "remaining_quantity": 0.001
  },
  {
    "event_id": "d41812c65ff70817afaa394d640a950cc24e45700e337737dcd00566ad3c1726",
    "schema_version": "1.0.0",
    "event_type": "agent_order",
    "source": "synthetic_agent",
    "symbol": "BTCUSDT",
    "exchange": "binance_usdm",
    "timestamp": "2024-05-01T00:00:00.040000Z",
    "sequence": 8,
    "scenario_id": "scenario-028-quote_stuffing",
    "agent_id": "agent-quote_stuffing",
    "order_id": "scenario-028-quote_stuffing-agent-quote_stuffing-8",
    "action": "new",
    "side": "buy",
    "price": 65021.4972,
    "quantity": 0.001,
    "remaining_quantity": 0.001
  },
  {
    "event_id": "437e246ce52980794754e36c463c53ac4df47fddf3958c24517d3e0b4f119055",
    "schema_version": "1.0.0",
    "event_type": "agent_order",
    "source": "synthetic_agent",
    "symbol": "BTCUSDT",
    "exchange": "binance_usdm",
    "timestamp": "2024-05-01T00:00:00.045000Z",
    "sequence": 9,
    "scenario_id": "scenario-028-quote_stuffing",
    "agent_id": "agent-quote_stuffing",
    "order_id": "scenario-028-quote_stuffing-agent-quote_stuffing-9",
    "action": "new",
    "side": "sell",
    "price": 65034.5028,
    "quantity": 0.001,
    "remaining_quantity": 0.001
  },
  {
    "event_id": "40458a35305f4815ae4b75db243f99692290af3ccf93f099b51f38a6ef86786d",
    "schema_version": "1.0.0",
    "event_type": "agent_order",
    "source": "synthetic_agent",
    "symbol": "BTCUSDT",
    "exchange": "binance_usdm",
    "timestamp": "2024-05-01T00:00:00.050000Z",
    "sequence": 10,
    "scenario_id": "scenario-028-quote_stuffing",
    "agent_id": "agent-quote_stuffing",
    "order_id": "scenario-028-quote_stuffing-agent-quote_stuffing-10",
    "action": "new",
    "side": "buy",
    "price": 65021.4972,
    "quantity": 0.001,
    "remaining_quantity": 0.001
  },
  {
    "event_id": "f79530b99919e0a0ff5fd5f346cf87603a0d386ddece8e43d3d4065759986cf2",
    "schema_version": "1.0.0",
    "event_type": "agent_order",
    "source": "synthetic_agent",
    "symbol": "BTCUSDT",
    "exchange": "binance_usdm",
    "timestamp": "2024-05-01T00:00:00.055000Z",
    "sequence": 11,
    "scenario_id": "scenario-028-quote_stuffing",
    "agent_id": "agent-quote_stuffing",
    "order_id": "scenario-028-quote_stuffing-agent-quote_stuffing-11",
    "action": "new",
    "side": "sell",
    "price": 65034.5028,
    "quantity": 0.001,
    "remaining_quantity": 0.001
  },
  {
    "event_id": "3f3a3e9f6639eab996f80fc0be1c37510a2373ff6a64e6ad6c27062bec48d519",
    "schema_version": "1.0.0",
    "event_type": "agent_order",
    "source": "synthetic_agent",
    "symbol": "BTCUSDT",
    "exchange": "binance_usdm",
    "timestamp": "2024-05-01T00:00:00.060000Z",
    "sequence": 12,
    "scenario_id": "scenario-028-quote_stuffing",
    "agent_id": "agent-quote_stuffing",
    "order_id": "scenario-028-quote_stuffing-agent-quote_stuffing-12",
    "action": "new",
    "side": "buy",
    "price": 65021.4972,
    "quantity": 0.001,
    "remaining_quantity": 0.001
  },
  {
    "event_id": "ac4a52adc7b7b87253db05a1183917f914b2e2b8db7f1559d2b9e58ca9d57b6a",
    "schema_version": "1.0.0",
    "event_type": "agent_order",
    "source": "synthetic_agent",
    "symbol": "BTCUSDT",
    "exchange": "binance_usdm",
    "timestamp": "2024-05-01T00:00:00.065000Z",
    "sequence": 13,
    "scenario_id": "scenario-028-quote_stuffing",
    "agent_id": "agent-quote_stuffing",
    "order_id": "scenario-028-quote_stuffing-agent-quote_stuffing-13",
    "action": "new",
    "side": "sell",
    "price": 65034.5028,
    "quantity": 0.001,
    "remaining_quantity": 0.001
  },
  {
    "event_id": "0cdba581ce26e08971b01f7c31182058640f9414b49b0e3604e23f18a97bcef0",
    "schema_version": "1.0.0",
    "event_type": "agent_order",
    "source": "synthetic_agent",
    "symbol": "BTCUSDT",
    "exchange": "binance_usdm",
    "timestamp": "2024-05-01T00:00:00.070000Z",
    "sequence": 14,
    "scenario_id": "scenario-028-quote_stuffing",
    "agent_id": "agent-quote_stuffing",
    "order_id": "scenario-028-quote_stuffing-agent-quote_stuffing-14",
    "action": "new",
    "side": "buy",
    "price": 65021.4972,
    "quantity": 0.001,
    "remaining_quantity": 0.001
  },
  {
    "event_id": "7cd267be72938ad09597690fead6403781d0b8ec8cd1594e05f4fa6da0d1fa82",
    "schema_version": "1.0.0",
    "event_type": "agent_order",
    "source": "synthetic_agent",
    "symbol": "BTCUSDT",
    "exchange": "binance_usdm",
    "timestamp": "2024-05-01T00:00:00.075000Z",
    "sequence": 15,
    "scenario_id": "scenario-028-quote_stuffing",
    "agent_id": "agent-quote_stuffing",
    "order_id": "scenario-028-quote_stuffing-agent-quote_stuffing-15",
    "action": "new",
    "side": "sell",
    "price": 65034.5028,
    "quantity": 0.001,
    "remaining_quantity": 0.001
  },
  {
    "event_id": "431d95482086eb0e2b287de9b81e1d3e7886a4921995412175eff8b03723dfac",
    "schema_version": "1.0.0",
    "event_type": "agent_order",
    "source": "synthetic_agent",
    "symbol": "BTCUSDT",
    "exchange": "binance_usdm",
    "timestamp": "2024-05-01T00:00:00.080000Z",
    "sequence": 16,
    "scenario_id": "scenario-028-quote_stuffing",
    "agent_id": "agent-quote_stuffing",
    "order_id": "scenario-028-quote_stuffing-agent-quote_stuffing-16",
    "action": "new",
    "side": "buy",
    "price": 65021.4972,
    "quantity": 0.001,
    "remaining_quantity": 0.001
  },
  {
    "event_id": "18a3c252cbede79f598ac406b81f08162d836d9942fbf42f044b56f4885a5931",
    "schema_version": "1.0.0",
    "event_type": "agent_order",
    "source": "synthetic_agent",
    "symbol": "BTCUSDT",
    "exchange": "binance_usdm",
    "timestamp": "2024-05-01T00:00:00.085000Z",
    "sequence": 17,
    "scenario_id": "scenario-028-quote_stuffing",
    "agent_id": "agent-quote_stuffing",
    "order_id": "scenario-028-quote_stuffing-agent-quote_stuffing-17",
    "action": "new",
    "side": "sell",
    "price": 65034.5028,
    "quantity": 0.001,
    "remaining_quantity": 0.001
  },
  {
    "event_id": "bddcae77936db07e64024f9798abfceeef76c1f15379da3e1f7d426608bb2f4b",
    "schema_version": "1.0.0",
    "event_type": "agent_order",
    "source": "synthetic_agent",
    "symbol": "BTCUSDT",
    "exchange": "binance_usdm",
    "timestamp": "2024-05-01T00:00:00.090000Z",
    "sequence": 18,
    "scenario_id": "scenario-028-quote_stuffing",
    "agent_id": "agent-quote_stuffing",
    "order_id": "scenario-028-quote_stuffing-agent-quote_stuffing-18",
    "action": "new",
    "side": "buy",
    "price": 65021.4972,
    "quantity": 0.001,
    "remaining_quantity": 0.001
  },
  {
    "event_id": "6314f3e03f853720637a75ad2e198fdd5038713188e3f0757388ff648762927b",
    "schema_version": "1.0.0",
    "event_type": "agent_order",
    "source": "synthetic_agent",
    "symbol": "BTCUSDT",
    "exchange": "binance_usdm",
    "timestamp": "2024-05-01T00:00:00.095000Z",
    "sequence": 19,
    "scenario_id": "scenario-028-quote_stuffing",
    "agent_id": "agent-quote_stuffing",
    "order_id": "scenario-028-quote_stuffing-agent-quote_stuffing-19",
    "action": "new",
    "side": "sell",
    "price": 65034.5028,
    "quantity": 0.001,
    "remaining_quantity": 0.001
  },
  {
    "event_id": "cc1e413fc05dd579cfd6c4bfe2a2ad25a1e04e9df66f99d99f49f1362d0bb362",
    "schema_version": "1.0.0",
    "event_type": "agent_order",
    "source": "synthetic_agent",
    "symbol": "BTCUSDT",
    "exchange": "binance_usdm",
    "timestamp": "2024-05-01T00:00:00.100000Z",
    "sequence": 20,
    "scenario_id": "scenario-028-quote_stuffing",
    "agent_id": "agent-quote_stuffing",
    "order_id": "scenario-028-quote_stuffing-agent-quote_stuffing-20",
    "action": "new",
    "side": "buy",
    "price": 65021.4972,
    "quantity": 0.001,
    "remaining_quantity": 0.001
  },
  {
    "event_id": "d38a62c244892871fcf1ebe78926af6a1f66349650049d9146cd98e2b97de381",
    "schema_version": "1.0.0",
    "event_type": "agent_order",
    "source": "synthetic_agent",
    "symbol": "BTCUSDT",
    "exchange": "binance_usdm",
    "timestamp": "2024-05-01T00:00:00.105000Z",
    "sequence": 21,
    "scenario_id": "scenario-028-quote_stuffing",
    "agent_id": "agent-quote_stuffing",
    "order_id": "scenario-028-quote_stuffing-agent-quote_stuffing-21",
    "action": "new",
    "side": "sell",
    "price": 65034.5028,
    "quantity": 0.001,
    "remaining_quantity": 0.001
  },
  {
    "event_id": "1686f5ba84dcdd476c811a2796a4a0d88aad9591d4f62b074631606b8f4e06be",
    "schema_version": "1.0.0",
    "event_type": "agent_order",
    "source": "synthetic_agent",
    "symbol": "BTCUSDT",
    "exchange": "binance_usdm",
    "timestamp": "2024-05-01T00:00:00.110000Z",
    "sequence": 22,
    "scenario_id": "scenario-028-quote_stuffing",
    "agent_id": "agent-quote_stuffing",
    "order_id": "scenario-028-quote_stuffing-agent-quote_stuffing-22",
    "action": "new",
    "side": "buy",
    "price": 65021.4972,
    "quantity": 0.001,
    "remaining_quantity": 0.001
  },
  {
    "event_id": "b8136f76580c7728411dbbd17d6ed5979e63d075643b9abe01415b2fa63940c6",
    "schema_version": "1.0.0",
    "event_type": "agent_order",
    "source": "synthetic_agent",
    "symbol": "BTCUSDT",
    "exchange": "binance_usdm",
    "timestamp": "2024-05-01T00:00:00.115000Z",
    "sequence": 23,
    "scenario_id": "scenario-028-quote_stuffing",
    "agent_id": "agent-quote_stuffing",
    "order_id": "scenario-028-quote_stuffing-agent-quote_stuffing-23",
    "action": "new",
    "side": "sell",
    "price": 65034.5028,
    "quantity": 0.001,
    "remaining_quantity": 0.001
  },
  {
    "event_id": "6764f399797293d3dc385c031012f2a1f068226570206416bc60009609f6832a",
    "schema_version": "1.0.0",
    "event_type": "agent_order",
    "source": "synthetic_agent",
    "symbol": "BTCUSDT",
    "exchange": "binance_usdm",
    "timestamp": "2024-05-01T00:00:00.120000Z",
    "sequence": 24,
    "scenario_id": "scenario-028-quote_stuffing",
    "agent_id": "agent-quote_stuffing",
    "order_id": "scenario-028-quote_stuffing-agent-quote_stuffing-24",
    "action": "new",
    "side": "buy",
    "price": 65021.4972,
    "quantity": 0.001,
    "remaining_quantity": 0.001
  },
  {
    "event_id": "d0715aba0d783665b5c7f76a547f188e144d055e1db5263f1a8b24e9b8c1be74",
    "schema_version": "1.0.0",
    "event_type": "agent_order",
    "source": "synthetic_agent",
    "symbol": "BTCUSDT",
    "exchange": "binance_usdm",
    "timestamp": "2024-05-01T00:00:00.125000Z",
    "sequence": 25,
    "scenario_id": "scenario-028-quote_stuffing",
    "agent_id": "agent-quote_stuffing",
    "order_id": "scenario-028-quote_stuffing-agent-quote_stuffing-25",
    "action": "new",
    "side": "sell",
    "price": 65034.5028,
    "quantity": 0.001,
    "remaining_quantity": 0.001
  },
  {
    "event_id": "a8641729917f58500d11c2e716a5ac17d1115df52bb261ff7a1407d8c73b6de4",
    "schema_version": "1.0.0",
    "event_type": "agent_order",
    "source": "synthetic_agent",
    "symbol": "BTCUSDT",
    "exchange": "binance_usdm",
    "timestamp": "2024-05-01T00:00:00.130000Z",
    "sequence": 26,
    "scenario_id": "scenario-028-quote_stuffing",
    "agent_id": "agent-quote_stuffing",
    "order_id": "scenario-028-quote_stuffing-agent-quote_stuffing-26",
    "action": "new",
    "side": "buy",
    "price": 65021.4972,
    "quantity": 0.001,
    "remaining_quantity": 0.001
  },
  {
    "event_id": "a8b62a3926ed59bb382554e8482c24b017ef024dd62c641f74b52428a2aea06e",
    "schema_version": "1.0.0",
    "event_type": "agent_order",
    "source": "synthetic_agent",
    "symbol": "BTCUSDT",
    "exchange": "binance_usdm",
    "timestamp": "2024-05-01T00:00:00.135000Z",
    "sequence": 27,
    "scenario_id": "scenario-028-quote_stuffing",
    "agent_id": "agent-quote_stuffing",
    "order_id": "scenario-028-quote_stuffing-agent-quote_stuffing-27",
    "action": "new",
    "side": "sell",
    "price": 65034.5028,
    "quantity": 0.001,
    "remaining_quantity": 0.001
  },
  {
    "event_id": "b490a1fcbf3ab9e0f1cf95ad8e0cab23c7c2502eb8e28581f3b8b3bd33fbb40f",
    "schema_version": "1.0.0",
    "event_type": "agent_order",
    "source": "synthetic_agent",
    "symbol": "BTCUSDT",
    "exchange": "binance_usdm",
    "timestamp": "2024-05-01T00:00:00.140000Z",
    "sequence": 28,
    "scenario_id": "scenario-028-quote_stuffing",
    "agent_id": "agent-quote_stuffing",
    "order_id": "scenario-028-quote_stuffing-agent-quote_stuffing-28",
    "action": "new",
    "side": "buy",
    "price": 65021.4972,
    "quantity": 0.001,
    "remaining_quantity": 0.001
  },
  {
    "event_id": "972bf43fc67ba2edb2c1ffdf72935759bfe4741028602ea02cc7257b4f96e7b0",
    "schema_version": "1.0.0",
    "event_type": "agent_order",
    "source": "synthetic_agent",
    "symbol": "BTCUSDT",
    "exchange": "binance_usdm",
    "timestamp": "2024-05-01T00:00:00.145000Z",
    "sequence": 29,
    "scenario_id": "scenario-028-quote_stuffing",
    "agent_id": "agent-quote_stuffing",
    "order_id": "scenario-028-quote_stuffing-agent-quote_stuffing-29",
    "action": "new",
    "side": "sell",
    "price": 65034.5028,
    "quantity": 0.001,
    "remaining_quantity": 0.001
  }
]