[
  {
    "event_id": "969de142d11de9cca6e680a7eeda3bd35e1d771078fd672f2bdde741c656d270",
    "schema_version": "1.0.0",
    "event_type": "agent_order",
    "source": "synthetic_agent",
    "symbol": "BTCUSDT",
    "exchange": "binance_usdm",
    "timestamp": "2024-05-01T00:00:00Z",
    "sequence": 0,
    "scenario_id": "scenario-576-passive_market_maker",
    "agent_id": "agent-passive_market_maker",
    "order_id": "scenario-576-passive_market_maker-agent-passive_market_maker-0",
    "action": "new",
    "side": "buy",
    "price": 65510.424,
    "quantity": 0.01,
    "remaining_quantity": 0.01
  },
  {
    "event_id": "66cf63ba00a6ee3fe1504559081bf1007b2da292fb00a6ef72e03c48202bba27",
    "schema_version": "1.0.0",
    "event_type": "agent_order",
    "source": "synthetic_agent",
    "symbol": "BTCUSDT",
    "exchange": "binance_usdm",
    "timestamp": "2024-05-01T00:00:00.100000Z",
    "sequence": 1,
    "scenario_id": "scenario-576-passive_market_maker",
    "agent_id": "agent-passive_market_maker",
    "order_id": "scenario-576-passive_market_maker-agent-passive_market_maker-1",
    "action": "new",
    "side": "sell",
    "price": 65641.57599999999,
    "quantity": 0.01,
    "remaining_quantity": 0.01
  },
  {
    "event_id": "04ad25b23bc279c09397673ac96e8f6b786f9313cf2d8004225490ca5e24bff8",
    "schema_version": "1.0.0",
    "event_type": "agent_order",
    "source": "synthetic_agent",
    "symbol": "BTCUSDT",
    "exchange": "binance_usdm",
    "timestamp": "2024-05-01T00:00:00.200000Z",
    "sequence": 2,
    "scenario_id": "scenario-576-passive_market_maker",
    "agent_id": "agent-passive_market_maker",
    "order_id": "scenario-576-passive_market_maker-agent-passive_market_maker-2",
    "action": "new",
    "side": "buy",
    "price": 65510.424,
    "quantity": 0.01,
    "remaining_quantity": 0.01
  },
  {
    "event_id": "31e012b64683a5a24b5c8642c4fa6e3f83c08e86cc7d8513f37583e05a16fca0",
    "schema_version": "1.0.0",
    "event_type": "agent_order",
    "source": "synthetic_agent",
    "symbol": "BTCUSDT",
    "exchange": "binance_usdm",
    "timestamp": "2024-05-01T00:00:00.300000Z",
    "sequence": 3,
    "scenario_id": "scenario-576-passive_market_maker",
    "agent_id": "agent-passive_market_maker",
    "order_id": "scenario-576-passive_market_maker-agent-passive_market_maker-3",
    "action": "new",
    "side": "sell",
    "price": 65641.57599999999,
    "quantity": 0.01,
    "remaining_quantity": 0.01
  },
  {
    "event_id": "f36df2c20db990fc8acf5e60d5f8f4f975896feb27bb329de6d1307455cbb6ac",
    "schema_version": "1.0.0",
    "event_type": "agent_order",
    "source": "synthetic_agent",
    "symbol": "BTCUSDT",
    "exchange": "binance_usdm",
    "timestamp": "2024-05-01T00:00:00.400000Z",
    "sequence": 4,
    "scenario_id": "scenario-576-passive_market_maker",
    "agent_id": "agent-passive_market_maker",
    "order_id": "scenario-576-passive_market_maker-agent-passive_market_maker-4",
    "action": "new",
    "side": "buy",
    "price": 65510.424,
    "quantity": 0.01,
    "remaining_quantity": 0.01
  },
  {
    "event_id": "1e602774a341338c4044e616c69b4094844f9e0d72b6c87b180310b44685ca0e",
    "schema_version": "1.0.0",
    "event_type": "agent_order",
    "source": "synthetic_agent",
    "symbol": "BTCUSDT",
    "exchange": "binance_usdm",
    "timestamp": "2024-05-01T00:00:00.500000Z",
    "sequence": 5,
    "scenario_id": "scenario-576-passive_market_maker",
    "agent_id": "agent-passive_market_maker",
    "order_id": "scenario-576-passive_market_maker-agent-passive_market_maker-5",
    "action": "new",
    "side": "sell",
    "price": 65641.57599999999,
    "quantity": 0.01,
    "remaining_quantity": 0.01
  },
  {
    "event_id": "ae4b83a5f337128b078624ed65ae89cc5573cbdfc1b917077c682f125fe86ce6",
    "schema_version": "1.0.0",
    "event_type": "agent_order",
    "source": "synthetic_agent",
    "symbol": "BTCUSDT",
    "exchange": "binance_usdm",
    "timestamp": "2024-05-01T00:00:00.600000Z",
    "sequence": 6,
    "scenario_id": "scenario-576-passive_market_maker",
    "agent_id": "agent-passive_market_maker",
    "order_id": "scenario-576-passive_market_maker-agent-passive_market_maker-6",
    "action": "new",
    "side": "buy",
    "price": 65510.424,
    "quantity": 0.01,
    "remaining_quantity": 0.01
  },
  {
    "event_id": "6d70e112d446d94cefc2ed2430a85fe1e7ce7bad3cc52291306488d33e1f99dc",
    "schema_version": "1.0.0",
    "event_type": "agent_order",
    "source": "synthetic_agent",
    "symbol": "BTCUSDT",
    "exchange": "binance_usdm",
    "timestamp": "2024-05-01T00:00:00.700000Z",
    "sequence": 7,
    "scenario_id": "scenario-576-passive_market_maker",
    "agent_id": "agent-passive_market_maker",
    "order_id": "scenario-576-passive_market_maker-agent-passive_market_maker-7",
    "action": "new",
    "side": "sell",
    "price": 65641.57599999999,
    "quantity": 0.01,
    "remaining_quantity": 0.01
  },
  {
    "event_id": "2910e74a70eda37eea8611a9a016746c17eaaf74875388e2dfecd60b98b6d9d0",
    "schema_version": "1.0.0",
    "event_type": "agent_order",
    "source": "synthetic_agent",
    "symbol": "BTCUSDT",
    "exchange": "binance_usdm",
    "timestamp": "2024-05-01T00:00:00.800000Z",
    "sequence": 8,
    "scenario_id": "scenario-576-passive_market_maker",
    "agent_id": "agent-passive_market_maker",
    "order_id": "scenario-576-passive_market_maker-agent-passive_market_maker-8",
    "action": "new",
    "side": "buy",
    "price": 65510.424,
    "quantity": 0.01,
    "remaining_quantity": 0.01
  },
  {
    "event_id": "d7417fce325bbac466cabb7dcfcc6324451a8c48ba4ebca165662d978df8370b",
    "schema_version": "1.0.0",
    "event_type": "agent_order",
    "source": "synthetic_agent",
    "symbol": "BTCUSDT",
    "exchange": "binance_usdm",
    "timestamp": "2024-05-01T00:00:00.900000Z",
    "sequence": 9,
    "scenario_id": "scenario-576-passive_market_maker",
    "agent_id": "agent-passive_market_maker",
    "order_id": "scenario-576-passive_market_maker-agent-passive_market_maker-9",
    "action": "new",
    "side": "sell",
    "price": 65641.57599999999,
    "quantity": 0.01,
    "remaining_quantity": 0.01
  },
  {
    "event_id": "45b849343b20ddcfcb45a67ec3d2db517d818ac7f00079f8839cc7cd35daad3f",
    "schema_version": "1.0.0",
    "event_type": "agent_order",
    "source": "synthetic_agent",
    "symbol": "BTCUSDT",
    "exchange": "binance_usdm",
    "timestamp": "2024-05-01T00:00:01Z",
    "sequence": 10,
    "scenario_id": "scenario-576-passive_market_maker",
    "agent_id": "agent-passive_market_maker",
    "order_id": "scenario-576-passive_market_maker-agent-passive_market_maker-10",
    "action": "new",
    "side": "buy",
    "price": 65510.424,
    "quantity": 0.01,
    "remaining_quantity": 0.01
  },
  {
    "event_id": "15b0d8d54330702614611b15a9ceb37d082c389826b62cb5484b47913627088d",
    "schema_version": "1.0.0",
    "event_type": "agent_order",
    "source": "synthetic_agent",
    "symbol": "BTCUSDT",
    "exchange": "binance_usdm",
    "timestamp": "2024-05-01T00:00:01.100000Z",
    "sequence": 11,
    "scenario_id": "scenario-576-passive_market_maker",
    "agent_id": "agent-passive_market_maker",
    "order_id": "scenario-576-passive_market_maker-agent-passive_market_maker-11",
    "action": "new",
    "side": "sell",
    "price": 65641.57599999999,
    "quantity": 0.01,
    "remaining_quantity": 0.01
  },
  {
    "event_id": "2985e072f0b76cbf724b9e41ffec51eaece27c099d7b5f9495a2ba6c8caedde8",
    "schema_version": "1.0.0",
    "event_type": "agent_order",
    "source": "synthetic_agent",
    "symbol": "BTCUSDT",
    "exchange": "binance_usdm",
    "timestamp": "2024-05-01T00:00:01.200000Z",
    "sequence": 12,
    "scenario_id": "scenario-576-passive_market_maker",
    "agent_id": "agent-passive_market_maker",
    "order_id": "scenario-576-passive_market_maker-agent-passive_market_maker-12",
    "action": "new",
    "side": "buy",
    "price": 65510.424,
    "quantity": 0.01,
    "remaining_quantity": 0.01
  },
  {
    "event_id": "8a9b209626afb76493fbc2968ea228365fe4ff547d0605c79f9b2528cbccb212",
    "schema_version": "1.0.0",
    "event_type": "agent_order",
    "source": "synthetic_agent",
    "symbol": "BTCUSDT",
    "exchange": "binance_usdm",
    "timestamp": "2024-05-01T00:00:01.300000Z",
    "sequence": 13,
    "scenario_id": "scenario-576-passive_market_maker",
    "agent_id": "agent-passive_market_maker",
    "order_id": "scenario-576-passive_market_maker-agent-passive_market_maker-13",
    "action": "new",
    "side": "sell",
    "price": 65641.57599999999,
    "quantity": 0.01,
    "remaining_quantity": 0.01
  },
  {
    "event_id": "cfd117fa2c91c773e2b1498fac1fef1a8c3b8f17fecf4230c55defb4817a7d4d",
    "schema_version": "1.0.0",
    "event_type": "agent_order",
    "source": "synthetic_agent",
    "symbol": "BTCUSDT",
    "exchange": "binance_usdm",
    "timestamp": "2024-05-01T00:00:01.400000Z",
    "sequence": 14,
    "scenario_id": "scenario-576-passive_market_maker",
    "agent_id": "agent-passive_market_maker",
    "order_id": "scenario-576-passive_market_maker-agent-passive_market_maker-14",
    "action": "new",
    "side": "buy",
    "price": 65510.424,
    "quantity": 0.01,
    "remaining_quantity": 0.01
  },
  {
    "event_id": "edb6684ff750b4705b3da1c7fcb495bf4ea411eb65bb72eb50dbe5d51fab7b91",
    "schema_version": "1.0.0",
    "event_type": "agent_order",
    "source": "synthetic_agent",
    "symbol": "BTCUSDT",
    "exchange": "binance_usdm",
    "timestamp": "2024-05-01T00:00:01.500000Z",
    "sequence": 15,
    "scenario_id": "scenario-576-passive_market_maker",
    "agent_id": "agent-passive_market_maker",
    "order_id": "scenario-576-passive_market_maker-agent-passive_market_maker-15",
    "action": "new",
    "side": "sell",
    "price": 65641.57599999999,
    "quantity": 0.01,
    "remaining_quantity": 0.01
  },
  {
    "event_id": "9812e7fa5248f27e83ea5c8418275fe7cab6428e9f94940909bbf00d31f00c15",
    "schema_version": "1.0.0",
    "event_type": "agent_order",
    "source": "synthetic_agent",
    "symbol": "BTCUSDT",
    "exchange": "binance_usdm",
    "timestamp": "2024-05-01T00:00:01.600000Z",
    "sequence": 16,
    "scenario_id": "scenario-576-passive_market_maker",
    "agent_id": "agent-passive_market_maker",
    "order_id": "scenario-576-passive_market_maker-agent-passive_market_maker-16",
    "action": "new",
    "side": "buy",
    "price": 65510.424,
    "quantity": 0.01,
    "remaining_quantity": 0.01
  },
  {
    "event_id": "78eaed99e09408cf386f2b939f2cca83bcafe300cba86e11ab9b7dc953a25400",
    "schema_version": "1.0.0",
    "event_type": "agent_order",
    "source": "synthetic_agent",
    "symbol": "BTCUSDT",
    "exchange": "binance_usdm",
    "timestamp": "2024-05-01T00:00:01.700000Z",
    "sequence": 17,
    "scenario_id": "scenario-576-passive_market_maker",
    "agent_id": "agent-passive_market_maker",
    "order_id": "scenario-576-passive_market_maker-agent-passive_market_maker-17",
    "action": "new",
    "side": "sell",
    "price": 65641.57599999999,
    "quantity": 0.01,
    "remaining_quantity": 0.01
  },
  {
    "event_id": "cacfa4002b5e38a4bd87fca971dd43cd449ea644c0697a814c918bd05f7064c5",
    "schema_version": "1.0.0",
    "event_type": "agent_order",
    "source": "synthetic_agent",
    "symbol": "BTCUSDT",
    "exchange": "binance_usdm",
    "timestamp": "2024-05-01T00:00:01.800000Z",
    "sequence": 18,
    "scenario_id": "scenario-576-passive_market_maker",
    "agent_id": "agent-passive_market_maker",
    "order_id": "scenario-576-passive_market_maker-agent-passive_market_maker-18",
    "action": "new",
    "side": "buy",
    "price": 65510.424,
    "quantity": 0.01,
    "remaining_quantity": 0.01
  },
  {
    "event_id": "83acee0d7fcc6a5d59016b3145b5af51977b3b1fb8e3f95c2131e98dfd68fcd9",
    "schema_version": "1.0.0",
    "event_type": "agent_order",
    "source": "synthetic_agent",
    "symbol": "BTCUSDT",
    "exchange": "binance_usdm",
    "timestamp": "2024-05-01T00:00:01.900000Z",
    "sequence": 19,
    "scenario_id": "scenario-576-passive_market_maker",
    "agent_id": "agent-passive_market_maker",
    "order_id": "scenario-576-passive_market_maker-agent-passive_market_maker-19",
    "action": "new",
    "side": "sell",
    "price": 65641.57599999999,
    "quantity": 0.01,
    "remaining_quantity": 0.01
  },
  {
    "event_id": "93d30db975d73bb6b23bf1143f7d0367b1f69858008116f04cceb939c61a60a4",
    "schema_version": "1.0.0",
    "event_type": "agent_order",
    "source": "synthetic_agent",
    "symbol": "BTCUSDT",
    "exchange": "binance_usdm",
    "timestamp": "2024-05-01T00:00:02Z",
    "sequence": 20,
    "scenario_id": "scenario-576-passive_market_maker",
    "agent_id": "agent-passive_market_maker",
    "order_id": "scenario-576-passive_market_maker-agent-passive_market_maker-20",
    "action": "new",
    "side": "buy",
    "price": 65510.424,
    "quantity": 0.01,
    "remaining_quantity": 0.01
  },
  {
    "event_id": "c9cc1b43a8d1d13290752b25df66227b0498a57ec3fe80d20a98f1fce50e5c81",
    "schema_version": "1.0.0",
    "event_type": "agent_order",
    "source": "synthetic_agent",
    "symbol": "BTCUSDT",
    "exchange": "binance_usdm",
    "timestamp": "2024-05-01T00:00:02.100000Z",
    "sequence": 21,
    "scenario_id": "scenario-576-passive_market_maker",
    "agent_id": "agent-passive_market_maker",
    "order_id": "scenario-576-passive_market_maker-agent-passive_market_maker-21",
    "action": "new",
    "side": "sell",
    "price": 65641.57599999999,
    "quantity": 0.01,
    "remaining_quantity": 0.01
  },
  {
    "event_id": "b1643edac67b5e4f92e1e99f858ba06d5aeb279f260ede60022afc7f71e493f5",
    "schema_version": "1.0.0",
    "event_type": "agent_order",
    "source": "synthetic_agent",
    "symbol": "BTCUSDT",
    "exchange": "binance_usdm",
    "timestamp": "2024-05-01T00:00:02.200000Z",
    "sequence": 22,
    "scenario_id": "scenario-576-passive_market_maker",
    "agent_id": "agent-passive_market_maker",
    "order_id": "scenario-576-passive_market_maker-agent-passive_market_maker-22",
    "action": "new",
    "side": "buy",
    "price": 65510.424,
    "quantity": 0.01,
    "remaining_quantity": 0.01
  },
  {
    "event_id": "cc3790a9ca32683b8f35541d0ebda7116b673eef0e4a089cb6ba8a2755ef737b",
    "schema_version": "1.0.0",
    "event_type": "agent_order",
    "source": "synthetic_agent",
    "symbol": "BTCUSDT",
    "exchange": "binance_usdm",
    "timestamp": "2024-05-01T00:00:02.300000Z",
    "sequence": 23,
    "scenario_id": "scenario-576-passive_market_maker",
    "agent_id": "agent-passive_market_maker",
    "order_id": "scenario-576-passive_market_maker-agent-passive_market_maker-23",
    "action": "new",
    "side": "sell",
    "price": 65641.57599999999,
    "quantity": 0.01,
    "remaining_quantity": 0.01
  },
  {
    "event_id": "59f00e587582e07c1aee2961b1d1a9f50f149cdc1c9f2589bbb3aec2b36cf2db",
    "schema_version": "1.0.0",
    "event_type": "agent_order",
    "source": "synthetic_agent",
    "symbol": "BTCUSDT",
    "exchange": "binance_usdm",
    "timestamp": "2024-05-01T00:00:02.400000Z",
    "sequence": 24,
    "scenario_id": "scenario-576-passive_market_maker",
    "agent_id": "agent-passive_market_maker",
    "order_id": "scenario-576-passive_market_maker-agent-passive_market_maker-24",
    "action": "new",
    "side": "buy",
    "price": 65510.424,
    "quantity": 0.01,
    "remaining_quantity": 0.01
  },
  {
    "event_id": "4be1dbae4a0bd40f217c0f1684165628d44f9534f5bf3549b8c5e531271a75dd",
    "schema_version": "1.0.0",
    "event_type": "agent_order",
    "source": "synthetic_agent",
    "symbol": "BTCUSDT",
    "exchange": "binance_usdm",
    "timestamp": "2024-05-01T00:00:02.500000Z",
    "sequence": 25,
    "scenario_id": "scenario-576-passive_market_maker",
    "agent_id": "agent-passive_market_maker",
    "order_id": "scenario-576-passive_market_maker-agent-passive_market_maker-25",
    "action": "new",
    "side": "sell",
    "price": 65641.57599999999,
    "quantity": 0.01,
    "remaining_quantity": 0.01
  },
  {
    "event_id": "ed0463925725504e1031eb43d93feef61a610421c718d563e49709c9532731e5",
    "schema_version": "1.0.0",
    "event_type": "agent_order",
    "source": "synthetic_agent",
    "symbol": "BTCUSDT",
    "exchange": "binance_usdm",
    "timestamp": "2024-05-01T00:00:02.600000Z",
    "sequence": 26,
    "scenario_id": "scenario-576-passive_market_maker",
    "agent_id": "agent-passive_market_maker",
    "order_id": "scenario-576-passive_market_maker-agent-passive_market_maker-26",
    "action": "new",
    "side": "buy",
    "price": 65510.424,
    "quantity": 0.01,
    "remaining_quantity": 0.01
  },
  {
    "event_id": "ef10bcf8ce1f096c243751bd6eb345cc0b835298d230369e8088525bbf025335",
    "schema_version": "1.0.0",
    "event_type": "agent_order",
    "source": "synthetic_agent",
    "symbol": "BTCUSDT",
    "exchange": "binance_usdm",
    "timestamp": "2024-05-01T00:00:02.700000Z",
    "sequence": 27,
    "scenario_id": "scenario-576-passive_market_maker",
    "agent_id": "agent-passive_market_maker",
    "order_id": "scenario-576-passive_market_maker-agent-passive_market_maker-27",
    "action": "new",
    "side": "sell",
    "price": 65641.57599999999,
    "quantity": 0.01,
    "remaining_quantity": 0.01
  },
  {
    "event_id": "ba36584fb3370a6868844bb5f15e90f36631cf301cfa2bb7b3e785aa38fb53c6",
    "schema_version": "1.0.0",
    "event_type": "agent_order",
    "source": "synthetic_agent",
    "symbol": "BTCUSDT",
    "exchange": "binance_usdm",
    "timestamp": "2024-05-01T00:00:02.800000Z",
    "sequence": 28,
    "scenario_id": "scenario-576-passive_market_maker",
    "agent_id": "agent-passive_market_maker",
    "order_id": "scenario-576-passive_market_maker-agent-passive_market_maker-28",
    "action": "new",
    "side": "buy",
    "price": 65510.424,
    "quantity": 0.01,
    "remaining_quantity": 0.01
  },
  {
    "event_id": "acb4737862df1bbf2fd3d248b782442ecd93857630bb231e7509010384767768",
    "schema_version": "1.0.0",
    "event_type": "agent_order",
    "source": "synthetic_agent",
    "symbol": "BTCUSDT",
    "exchange": "binance_usdm",
    "timestamp": "2024-05-01T00:00:02.900000Z",
    "sequence": 29,
    "scenario_id": "scenario-576-passive_market_maker",
    "agent_id": "agent-passive_market_maker",
    "order_id": "scenario-576-passive_market_maker-agent-passive_market_maker-29",
    "action": "new",
    "side": "sell",
    "price": 65641.57599999999,
    "quantity": 0.01,
    "remaining_quantity": 0.01
  }
]