[
  {
    "event_id": "30f435e5918fdba4fb139c70fad3f832544ff9a593d0cbf0b08036e52b7c539c",
    "schema_version": "1.0.0",
    "event_type": "agent_order",
    "source": "synthetic_agent",
    "symbol": "BTCUSDT",
    "exchange": "binance_usdm",
    "timestamp": "2024-05-01T00:00:00Z",
    "sequence": 0,
    "scenario_id": "scenario-154-runaway_inventory",
    "agent_id": "agent-runaway_inventory",
    "order_id": "scenario-154-runaway_inventory-agent-runaway_inventory-0",
    "action": "new",
    "side": "buy",
    "price": 65154.0,
    "quantity": 0.01,
    "remaining_quantity": 0.01
  },
  {
    "event_id": "15ed20840ab7d8de01a45bd427f06364f51c54981903aa3c4de9923dc7c27028",
    "schema_version": "1.0.0",
    "event_type": "agent_order",
    "source": "synthetic_agent",
    "symbol": "BTCUSDT",
    "exchange": "binance_usdm",
    "timestamp": "2024-05-01T00:00:00.070000Z",
    "sequence": 1,
    "scenario_id": "scenario-154-runaway_inventory",
    "agent_id": "agent-runaway_inventory",
    "order_id": "scenario-154-runaway_inventory-agent-runaway_inventory-1",
    "action": "new",
    "side": "buy",
    "price": 65155.95462,
    "quantity": 0.012,
    "remaining_quantity": 0.012
  },
  {
    "event_id": "2a4313a8d19a280b1a3f76119b57b405f6932705dcaf6931b64ff65ca8d55b07",
    "schema_version": "1.0.0",
    "event_type": "agent_order",
    "source": "synthetic_agent",
    "symbol": "BTCUSDT",
    "exchange": "binance_usdm",
    "timestamp": "2024-05-01T00:00:00.140000Z",
    "sequence": 2,
    "scenario_id": "scenario-154-runaway_inventory",
    "agent_id": "agent-runaway_inventory",
    "order_id": "scenario-154-runaway_inventory-agent-runaway_inventory-2",
    "action": "new",
    "side": "buy",
    "price": 65157.90923999999,
    "quantity": 0.014,
    "remaining_quantity": 0.014
  },
  {
    "event_id": "cdae14d226a8d3cd7e804918f4b2a383b358365072c2dd40660bd20e154e42b3",
    "schema_version": "1.0.0",
    "event_type": "agent_order",
    "source": "synthetic_agent",
    "symbol": "BTCUSDT",
    "exchange": "binance_usdm",
    "timestamp": "2024-05-01T00:00:00.210000Z",
    "sequence": 3,
    "scenario_id": "scenario-154-runaway_inventory",
    "agent_id": "agent-runaway_inventory",
    "order_id": "scenario-154-runaway_inventory-agent-runaway_inventory-3",
    "action": "new",
    "side": "buy",
    "price": 65159.86386,
    "quantity": 0.016,
    "remaining_quantity": 0.016
  },
  {
    "event_id": "914ef269cd78df9308a3d4d1f8aa54f0adc1c9cb24f9b256c7fadadcfadba866",
    "schema_version": "1.0.0",
    "event_type": "agent_order",
    "source": "synthetic_agent",
    "symbol": "BTCUSDT",
    "exchange": "binance_usdm",
    "timestamp": "2024-05-01T00:00:00.280000Z",
    "sequence": 4,
    "scenario_id": "scenario-154-runaway_inventory",
    "agent_id": "agent-runaway_inventory",
    "order_id": "scenario-154-runaway_inventory-agent-runaway_inventory-4",
    "action": "new",
    "side": "buy",
    "price": 65161.818479999994,
    "quantity": 0.018000000000000002,
    "remaining_quantity": 0.018000000000000002
  },
  {
    "event_id": "e3305c8b2f6c7a974fb2de24f4a77b27d1c8fea1583c9b75964dca48271b1dc2",
    "schema_version": "1.0.0",
    "event_type": "agent_order",
    "source": "synthetic_agent",
    "symbol": "BTCUSDT",
    "exchange": "binance_usdm",
    "timestamp": "2024-05-01T00:00:00.350000Z",
    "sequence": 5,
    "scenario_id": "scenario-154-runaway_inventory",
    "agent_id": "agent-runaway_inventory",
    "order_id": "scenario-154-runaway_inventory-agent-runaway_inventory-5",
    "action": "new",
    "side": "buy",
    "price": 65163.773100000006,
    "quantity": 0.02,
    "remaining_quantity": 0.02
  },
  {
    "event_id": "94147b12b72872b176fac8004dcfab6a64653f90528c26f3d050d089dd89bee4",
    "schema_version": "1.0.0",
    "event_type": "agent_order",
    "source": "synthetic_agent",
    "symbol": "BTCUSDT",
    "exchange": "binance_usdm",
    "timestamp": "2024-05-01T00:00:00.420000Z",
    "sequence": 6,
    "scenario_id": "scenario-154-runaway_inventory",
    "agent_id": "agent-runaway_inventory",
    "order_id": "scenario-154-runaway_inventory-agent-runaway_inventory-6",
    "action": "new",
    "side": "buy",
    "price": 65165.72772,
    "quantity": 0.022,
    "remaining_quantity": 0.022
  },
  {
    "event_id": "ee49391aadaa36dd55eb006a90e60b20f228d0d3e9bd6e78c7f8466628dbcda5",
    "schema_version": "1.0.0",
    "event_type": "agent_order",
    "source": "synthetic_agent",
    "symbol": "BTCUSDT",
    "exchange": "binance_usdm",
    "timestamp": "2024-05-01T00:00:00.490000Z",
    "sequence": 7,
    "scenario_id": "scenario-154-runaway_inventory",
    "agent_id": "agent-runaway_inventory",
    "order_id": "scenario-154-runaway_inventory-agent-runaway_inventory-7",
    "action": "new",
    "side": "buy",
    "price": 65167.68234,
    "quantity": 0.024,
    "remaining_quantity": 0.024
  },
  {
    "event_id": "822265beb110f51d3c249e728d9323cd81ffe89263882fcfd68c6a8411c8114a",
    "schema_version": "1.0.0",
    "event_type": "agent_order",
    "source": "synthetic_agent",
    "symbol": "BTCUSDT",
    "exchange": "binance_usdm",
    "timestamp": "2024-05-01T00:00:00.560000Z",
    "sequence": 8,
    "scenario_id": "scenario-154-runaway_inventory",
    "agent_id": "agent-runaway_inventory",
    "order_id": "scenario-154-runaway_inventory-agent-runaway_inventory-8",
    "action": "new",
    "side": "buy",
    "price": 65169.63696,
    "quantity": 0.026000000000000002,
    "remaining_quantity": 0.026000000000000002
  },
  {
    "event_id": "a983726c26a322d26e59cd00cdccbd9033859a5da49f5b491fff732361487f65",
    "schema_version": "1.0.0",
    "event_type": "agent_order",
    "source": "synthetic_agent",
    "symbol": "BTCUSDT",
    "exchange": "binance_usdm",
    "timestamp": "2024-05-01T00:00:00.630000Z",
    "sequence": 9,
    "scenario_id": "scenario-154-runaway_inventory",
    "agent_id": "agent-runaway_inventory",
    "order_id": "scenario-154-runaway_inventory-agent-runaway_inventory-9",
    "action": "new",
    "side": "buy",
    "price": 65171.59158,
    "quantity": 0.028000000000000004,
    "remaining_quantity": 0.028000000000000004
  },
  {
    "event_id": "5e233637bbe8a860879abadf65d0aad5b246078d53f26571097599347f1235ec",
    "schema_version": "1.0.0",
    "event_type": "agent_order",
    "source": "synthetic_agent",
    "symbol": "BTCUSDT",
    "exchange": "binance_usdm",
    "timestamp": "2024-05-01T00:00:00.700000Z",
    "sequence": 10,
    "scenario_id": "scenario-154-runaway_inventory",
    "agent_id": "agent-runaway_inventory",
    "order_id": "scenario-154-runaway_inventory-agent-runaway_inventory-10",
    "action": "new",
    "side": "buy",
    "price": 65173.5462,
    "quantity": 0.03,
    "remaining_quantity": 0.03
  },
  {
    "event_id": "98c7ac20b18c3fefc1be890ab1a416286bfce50befcda5bb8ab9fa73d951f2c8",
    "schema_version": "1.0.0",
    "event_type": "agent_order",
    "source": "synthetic_agent",
    "symbol": "BTCUSDT",
    "exchange": "binance_usdm",
    "timestamp": "2024-05-01T00:00:00.770000Z",
    "sequence": 11,
    "scenario_id": "scenario-154-runaway_inventory",
    "agent_id": "agent-runaway_inventory",
    "order_id": "scenario-154-runaway_inventory-agent-runaway_inventory-11",
    "action": "new",
    "side": "buy",
    "price": 65175.500819999994,
    "quantity": 0.032,
    "remaining_quantity": 0.032
  },
  {
    "event_id": "144b7df4e159af4508049f8f97067d77c40e4aa677416c7d84037f1022b0fb67",
    "schema_version": "1.0.0",
    "event_type": "agent_order",
    "source": "synthetic_agent",
    "symbol": "BTCUSDT",
    "exchange": "binance_usdm",
    "timestamp": "2024-05-01T00:00:00.840000Z",
    "sequence": 12,
    "scenario_id": "scenario-154-runaway_inventory",
    "agent_id": "agent-runaway_inventory",
    "order_id": "scenario-154-runaway_inventory-agent-runaway_inventory-12",
    "action": "new",
    "side": "buy",
    "price": 65177.45544,
    "quantity": 0.034,
    "remaining_quantity": 0.034
  },
  {
    "event_id": "8f5dcb6f4cb98497e156ce7100fbe24b4155d43323d62b5aa7155559ce1fd2e8",
    "schema_version": "1.0.0",
    "event_type": "agent_order",
    "source": "synthetic_agent",
    "symbol": "BTCUSDT",
    "exchange": "binance_usdm",
    "timestamp": "2024-05-01T00:00:00.910000Z",
    "sequence": 13,
    "scenario_id": "scenario-154-runaway_inventory",
    "agent_id": "agent-runaway_inventory",
    "order_id": "scenario-154-runaway_inventory-agent-runaway_inventory-13",
    "action": "new",
    "side": "buy",
    "price": 65179.410059999995,
    "quantity": 0.036000000000000004,
    "remaining_quantity": 0.036000000000000004
  },
  {
    "event_id": "4db4c7fdb0209d64692078585f70f5a2d15f80bc259cee73eeed6f8be86c3ca0",
    "schema_version": "1.0.0",
    "event_type": "agent_order",
    "source": "synthetic_agent",
    "symbol": "BTCUSDT",
    "exchange": "binance_usdm",
    "timestamp": "2024-05-01T00:00:00.980000Z",
    "sequence": 14,
    "scenario_id": "scenario-154-runaway_inventory",
    "agent_id": "agent-runaway_inventory",
    "order_id": "scenario-154-runaway_inventory-agent-runaway_inventory-14",
    "action": "new",
    "side": "buy",
    "price": 65181.364680000006,
    "quantity": 0.038,
    "remaining_quantity": 0.038
  },
  {
    "event_id": "9c28470d19ebc81de257e8a278f73837bfa86eea6dccc746d7822f0bfd91aba2",
    "schema_version": "1.0.0",
    "event_type": "agent_order",
    "source": "synthetic_agent",
    "symbol": "BTCUSDT",
    "exchange": "binance_usdm",
    "timestamp": "2024-05-01T00:00:01.050000Z",
    "sequence": 15,
    "scenario_id": "scenario-154-runaway_inventory",
    "agent_id": "agent-runaway_inventory",
    "order_id": "scenario-154-runaway_inventory-agent-runaway_inventory-15",
    "action": "new",
    "side": "buy",
    "price": 65183.3193,
    "quantity": 0.04,
    "remaining_quantity": 0.04
  },
  {
    "event_id": "0cca8988bdc7a73b04036c4131525dab7d861dc496397ca58670016802ee04df",
    "schema_version": "1.0.0",
    "event_type": "agent_order",
    "source": "synthetic_agent",
    "symbol": "BTCUSDT",
    "exchange": "binance_usdm",
    "timestamp": "2024-05-01T00:00:01.120000Z",
    "sequence": 16,
    "scenario_id": "scenario-154-runaway_inventory",
    "agent_id": "agent-runaway_inventory",
    "order_id": "scenario-154-runaway_inventory-agent-runaway_inventory-16",
    "action": "new",
    "side": "buy",
    "price": 65185.27392,
    "quantity": 0.042,
    "remaining_quantity": 0.042
  },
  {
    "event_id": "affb6a73f670fb3686091d8d89bd4c7e8000a3e2435e3dc88044d644c99773ec",
    "schema_version": "1.0.0",
    "event_type": "agent_order",
    "source": "synthetic_agent",
    "symbol": "BTCUSDT",
    "exchange": "binance_usdm",
    "timestamp": "2024-05-01T00:00:01.190000Z",
    "sequence": 17,
    "scenario_id": "scenario-154-runaway_inventory",
    "agent_id": "agent-runaway_inventory",
    "order_id": "scenario-154-runaway_inventory-agent-runaway_inventory-17",
    "action": "new",
    "side": "buy",
    "price": 65187.228540000004,
    "quantity": 0.044000000000000004,
    "remaining_quantity": 0.044000000000000004
  },
  {
    "event_id": "98d40d785425f2259c99d2c95472b26b11c686ef7a37b1506c6cbe62e2cff2be",
    "schema_version": "1.0.0",
    "event_type": "agent_order",
    "source": "synthetic_agent",
    "symbol": "BTCUSDT",
    "exchange": "binance_usdm",
    "timestamp": "2024-05-01T00:00:01.260000Z",
    "sequence": 18,
    "scenario_id": "scenario-154-runaway_inventory",
    "agent_id": "agent-runaway_inventory",
    "order_id": "scenario-154-runaway_inventory-agent-runaway_inventory-18",
    "action": "new",
    "side": "buy",
    "price": 65189.18316,
    "quantity": 0.046000000000000006,
    "remaining_quantity": 0.046000000000000006
  },
  {
    "event_id": "4314adb5b81fb5703448257a77c7c00e45594b1b9e1d511770c74c7eac8334c9",
    "schema_version": "1.0.0",
    "event_type": "agent_order",
    "source": "synthetic_agent",
    "symbol": "BTCUSDT",
    "exchange": "binance_usdm",
    "timestamp": "2024-05-01T00:00:01.330000Z",
    "sequence": 19,
    "scenario_id": "scenario-154-runaway_inventory",
    "agent_id": "agent-runaway_inventory",
    "order_id": "scenario-154-runaway_inventory-agent-runaway_inventory-19",
    "action": "new",
    "side": "buy",
    "price": 65191.13778,
    "quantity": 0.048,
    "remaining_quantity": 0.048
  },
  {
    "event_id": "af2e437c5901d18176a012bfb95da51fffe3c3485471f1b33f9ba222c6bf77f3",
    "schema_version": "1.0.0",
    "event_type": "agent_order",
    "source": "synthetic_agent",
    "symbol": "BTCUSDT",
    "exchange": "binance_usdm",
    "timestamp": "2024-05-01T00:00:01.400000Z",
    "sequence": 20,
    "scenario_id": "scenario-154-runaway_inventory",
    "agent_id": "agent-runaway_inventory",
    "order_id": "scenario-154-runaway_inventory-agent-runaway_inventory-20",
    "action": "new",
    "side": "buy",
    "price": 65193.092399999994,
    "quantity": 0.05,
    "remaining_quantity": 0.05
  },
  {
    "event_id": "7eed0905658a7a1aad58c82255ef6d8c0b40a907c670013b8e2470562c2df533",
    "schema_version": "1.0.0",
    "event_type": "agent_order",
    "source": "synthetic_agent",
    "symbol": "BTCUSDT",
    "exchange": "binance_usdm",
    "timestamp": "2024-05-01T00:00:01.470000Z",
    "sequence": 21,
    "scenario_id": "scenario-154-runaway_inventory",
    "agent_id": "agent-runaway_inventory",
    "order_id": "scenario-154-runaway_inventory-agent-runaway_inventory-21",
    "action": "new",
    "side": "buy",
    "price": 65195.04701999999,
    "quantity": 0.052000000000000005,
    "remaining_quantity": 0.052000000000000005
  },
  {
    "event_id": "31b9b48564cb10c3f32d5cd6fd8a3298f236fed239a8fac41261de2c3ff1c4f8",
    "schema_version": "1.0.0",
    "event_type": "agent_order",
    "source": "synthetic_agent",
    "symbol": "BTCUSDT",
    "exchange": "binance_usdm",
    "timestamp": "2024-05-01T00:00:01.540000Z",
    "sequence": 22,
    "scenario_id": "scenario-154-runaway_inventory",
    "agent_id": "agent-runaway_inventory",
    "order_id": "scenario-154-runaway_inventory-agent-runaway_inventory-22",
    "action": "new",
    "side": "buy",
    "price": 65197.00164000001,
    "quantity": 0.054,
    "remaining_quantity": 0.054
  },
  {
    "event_id": "9a5ff8f63383338f8b761e6eb4810f6fdc372556b9770c42977736d1c1352824",
    "schema_version": "1.0.0",
    "event_type": "agent_order",
    "source": "synthetic_agent",
    "symbol": "BTCUSDT",
    "exchange": "binance_usdm",
    "timestamp": "2024-05-01T00:00:01.610000Z",
    "sequence": 23,
    "scenario_id": "scenario-154-runaway_inventory",
    "agent_id": "agent-runaway_inventory",
    "order_id": "scenario-154-runaway_inventory-agent-runaway_inventory-23",
    "action": "new",
    "side": "buy",
    "price": 65198.956260000006,
    "quantity": 0.056,
    "remaining_quantity": 0.056
  },
  {
    "event_id": "9ff180cef6f9f3f72efeea9410479bc1b1626e2261b2deb749769d212adba19c",
    "schema_version": "1.0.0",
    "event_type": "agent_order",
    "source": "synthetic_agent",
    "symbol": "BTCUSDT",
    "exchange": "binance_usdm",
    "timestamp": "2024-05-01T00:00:01.680000Z",
    "sequence": 24,
    "scenario_id": "scenario-154-runaway_inventory",
    "agent_id": "agent-runaway_inventory",
    "order_id": "scenario-154-runaway_inventory-agent-runaway_inventory-24",
    "action": "new",
    "side": "buy",
    "price": 65200.91088,
    "quantity": 0.058,
    "remaining_quantity": 0.058
  },
  {
    "event_id": "5bedbc8a149f589e9094ef5c3ca0bd9579f33d5229a19d834384d9b75b189948",
    "schema_version": "1.0.0",
    "event_type": "agent_order",
    "source": "synthetic_agent",
    "symbol": "BTCUSDT",
    "exchange": "binance_usdm",
    "timestamp": "2024-05-01T00:00:01.750000Z",
    "sequence": 25,
    "scenario_id": "scenario-154-runaway_inventory",
    "agent_id": "agent-runaway_inventory",
    "order_id": "scenario-154-runaway_inventory-agent-runaway_inventory-25",
    "action": "new",
    "side": "buy",
    "price": 65202.8655,
    "quantity": 0.060000000000000005,
    "remaining_quantity": 0.060000000000000005
  },
  {
    "event_id": "ad28cec85657c326462faf94264a45f9cf6e3c46a58444a39ff5f00a3321d25a",
    "schema_version": "1.0.0",
    "event_type": "agent_order",
    "source": "synthetic_agent",
    "symbol": "BTCUSDT",
    "exchange": "binance_usdm",
    "timestamp": "2024-05-01T00:00:01.820000Z",
    "sequence": 26,
    "scenario_id": "scenario-154-runaway_inventory",
    "agent_id": "agent-runaway_inventory",
    "order_id": "scenario-154-runaway_inventory-agent-runaway_inventory-26",
    "action": "new",
    "side": "buy",
    "price": 65204.82012,
    "quantity": 0.062000000000000006,
    "remaining_quantity": 0.062000000000000006
  },
  {
    "event_id": "0464e901fc8ebdf859cdb16fc98d7adf1227a19e71eb0d3a328c986d42b023b8",
    "schema_version": "1.0.0",
    "event_type": "agent_order",
    "source": "synthetic_agent",
    "symbol": "BTCUSDT",
    "exchange": "binance_usdm",
    "timestamp": "2024-05-01T00:00:01.890000Z",
    "sequence": 27,
    "scenario_id": "scenario-154-runaway_inventory",
    "agent_id": "agent-runaway_inventory",
    "order_id": "scenario-154-runaway_inventory-agent-runaway_inventory-27",
    "action": "new",
    "side": "buy",
    "price": 65206.77474,
    "quantity": 0.064,
    "remaining_quantity": 0.064
  },
  {
    "event_id": "a8c5d7c0914290686aed9c6c446aea239bc701d8aa3abe1cdf165cb5638c62d5",
    "schema_version": "1.0.0",
    "event_type": "agent_order",
    "source": "synthetic_agent",
    "symbol": "BTCUSDT",
    "exchange": "binance_usdm",
    "timestamp": "2024-05-01T00:00:01.960000Z",
    "sequence": 28,
    "scenario_id": "scenario-154-runaway_inventory",
    "agent_id": "agent-runaway_inventory",
    "order_id": "scenario-154-runaway_inventory-agent-runaway_inventory-28",
    "action": "new",
    "side": "buy",
    "price": 65208.72936,
    "quantity": 0.066,
    "remaining_quantity": 0.066
  },
  {
    "event_id": "22b5902542f623d670f5bead8d7de289ed26e007c91885d9ec784e6a1ec3a071",
    "schema_version": "1.0.0",
    "event_type": "agent_order",
    "source": "synthetic_agent",
    "symbol": "BTCUSDT",
    "exchange": "binance_usdm",
    "timestamp": "2024-05-01T00:00:02.030000Z",
    "sequence": 29,
    "scenario_id": "scenario-154-runaway_inventory",
    "agent_id": "agent-runaway_inventory",
    "order_id": "scenario-154-runaway_inventory-agent-runaway_inventory-29",
    "action": "new",
    "side": "buy",
    "price": 65210.683979999994,
    "quantity": 0.068,
    "remaining_quantity": 0.068
  }
]