[
  {
    "event_id": "62d536269948d775393eb7639ff3b20201ad3d600ff26346babe9f357096da73",
    "schema_version": "1.0.0",
    "event_type": "agent_order",
    "source": "synthetic_agent",
    "symbol": "BTCUSDT",
    "exchange": "binance_usdm",
    "timestamp": "2024-05-01T00:00:00Z",
    "sequence": 0,
    "scenario_id": "scenario-332-latency_edge",
    "agent_id": "agent-latency_edge",
    "order_id": "scenario-332-latency_edge-agent-latency_edge-0",
    "action": "new",
    "side": "buy",
    "price": 65371.199199999995,
    "quantity": 0.006,
    "remaining_quantity": 0.006
  },
  {
    "event_id": "7db14e14d35a3da5238b8fa41306f9cae7a388499c825f6ae641d6764ea8d9da",
    "schema_version": "1.0.0",
    "event_type": "agent_order",
    "source": "synthetic_agent",
    "symbol": "BTCUSDT",
    "exchange": "binance_usdm",
    "timestamp": "2024-05-01T00:00:00.008000Z",
    "sequence": 1,
    "scenario_id": "scenario-332-latency_edge",
    "agent_id": "agent-latency_edge",
    "order_id": "scenario-332-latency_edge-agent-latency_edge-1",
    "action": "new",
    "side": "buy",
    "price": 65371.199199999995,
    "quantity": 0.006,
    "remaining_quantity": 0.006
  },
  {
    "event_id": "d2b5e022d718e7ac4b172298e24a623d3e924c1fb5a0f54853527650395369de",
    "schema_version": "1.0.0",
    "event_type": "agent_order",
    "source": "synthetic_agent",
    "symbol": "BTCUSDT",
    "exchange": "binance_usdm",
    "timestamp": "2024-05-01T00:00:00.016000Z",
    "sequence": 2,
    "scenario_id": "scenario-332-latency_edge",
    "agent_id": "agent-latency_edge",
    "order_id": "scenario-332-latency_edge-agent-latency_edge-2",
    "action": "new",
    "side": "sell",
    "price": 65292.8008,
    "quantity": 0.006,
    "remaining_quantity": 0.006
  },
  {
    "event_id": "7f50a16043fc74bd6ad9a7d68a78aa8f007e6287650294f4cb65790719b20058",
    "schema_version": "1.0.0",
    "event_type": "agent_order",
    "source": "synthetic_agent",
    "symbol": "BTCUSDT",
    "exchange": "binance_usdm",
    "timestamp": "2024-05-01T00:00:00.024000Z",
    "sequence": 3,
    "scenario_id": "scenario-332-latency_edge",
    "agent_id": "agent-latency_edge",
    "order_id": "scenario-332-latency_edge-agent-latency_edge-3",
    "action": "new",
    "side": "sell",
    "price": 65292.8008,
    "quantity": 0.006,
    "remaining_quantity": 0.006
  },
  {
    "event_id": "3f5f423f90efbe56f0eaaf562a7adb9f191dede55027ac7656595fdebd52439e",
    "schema_version": "1.0.0",
    "event_type": "agent_order",
    "source": "synthetic_agent",
    "symbol": "BTCUSDT",
    "exchange": "binance_usdm",
    "timestamp": "2024-05-01T00:00:00.032000Z",
    "sequence": 4,
    "scenario_id": "scenario-332-latency_edge",
    "agent_id": "agent-latency_edge",
    "order_id": "scenario-332-latency_edge-agent-latency_edge-4",
    "action": "new",
    "side": "buy",
    "price": 65371.199199999995,
    "quantity": 0.006,
    "remaining_quantity": 0.006
  },
  {
    "event_id": "7226d7b116559bd77e4c0515bdeda0399196dce97854b14c62dabf62818c941e",
    "schema_version": "1.0.0",
    "event_type": "agent_order",
    "source": "synthetic_agent",
    "symbol": "BTCUSDT",
    "exchange": "binance_usdm",
    "timestamp": "2024-05-01T00:00:00.040000Z",
    "sequence": 5,
    "scenario_id": "scenario-332-latency_edge",
    "agent_id": "agent-latency_edge",
    "order_id": "scenario-332-latency_edge-agent-latency_edge-5",
    "action": "new",
    "side": "buy",
    "price": 65371.199199999995,
    "quantity": 0.006,
    "remaining_quantity": 0.006
  },
  {
    "event_id": "8dc4c5e440e0cf93727e35d2a2f64c0a163a252f2573ed5f67280ba9a1972a8b",
    "schema_version": "1.0.0",
    "event_type": "agent_order",
    "source": "synthetic_agent",
    "symbol": "BTCUSDT",
    "exchange": "binance_usdm",
    "timestamp": "2024-05-01T00:00:00.048000Z",
    "sequence": 6,
    "scenario_id": "scenario-332-latency_edge",
    "agent_id": "agent-latency_edge",
    "order_id": "scenario-332-latency_edge-agent-latency_edge-6",
    "action": "new",
    "side": "sell",
    "price": 65292.8008,
    "quantity": 0.006,
    "remaining_quantity": 0.006
  },
  {
    "event_id": "27d2227a0f4431be19ce93837ac2b8f2d3239203a46cfc9f0a6b58121313161f",
    "schema_version": "1.0.0",
    "event_type": "agent_order",
    "source": "synthetic_agent",
    "symbol": "BTCUSDT",
    "exchange": "binance_usdm",
    "timestamp": "2024-05-01T00:00:00.056000Z",
    "sequence": 7,
    "scenario_id": "scenario-332-latency_edge",
    "agent_id": "agent-latency_edge",
    "order_id": "scenario-332-latency_edge-agent-latency_edge-7",
    "action": "new",
    "side": "sell",
    "price": 65292.8008,
    "quantity": 0.006,
    "remaining_quantity": 0.006
  },
  {
    "event_id": "dadd10290fd6adf20af3e46676c4f316a0c99b478272bd095bd18476d462a236",
    "schema_version": "1.0.0",
    "event_type": "agent_order",
    "source": "synthetic_agent",
    "symbol": "BTCUSDT",
    "exchange": "binance_usdm",
    "timestamp": "2024-05-01T00:00:00.064000Z",
    "sequence": 8,
    "scenario_id": "scenario-332-latency_edge",
    "agent_id": "agent-latency_edge",
    "order_id": "scenario-332-latency_edge-agent-latency_edge-8",
    "action": "new",
    "side": "buy",
    "price": 65371.199199999995,
    "quantity": 0.006,
    "remaining_quantity": 0.006
  },
  {
    "event_id": "4e98fe0dad9b2f3801c7d0eb4115c9f9747f779f62775e0254829d68b578edd7",
    "schema_version": "1.0.0",
    "event_type": "agent_order",
    "source": "synthetic_agent",
    "symbol": "BTCUSDT",
    "exchange": "binance_usdm",
    "timestamp": "2024-05-01T00:00:00.072000Z",
    "sequence": 9,
    "scenario_id": "scenario-332-latency_edge",
    "agent_id": "agent-latency_edge",
    "order_id": "scenario-332-latency_edge-agent-latency_edge-9",
    "action": "new",
    "side": "buy",
    "price": 65371.199199999995,
    "quantity": 0.006,
    "remaining_quantity": 0.006
  },
  {
    "event_id": "8b2ab7e4a3d755e33c41e298da6f13f85a2009f75785b39d5c1b88dc5817b256",
    "schema_version": "1.0.0",
    "event_type": "agent_order",
    "source": "synthetic_agent",
    "symbol": "BTCUSDT",
    "exchange": "binance_usdm",
    "timestamp": "2024-05-01T00:00:00.080000Z",
    "sequence": 10,
    "scenario_id": "scenario-332-latency_edge",
    "agent_id": "agent-latency_edge",
    "order_id": "scenario-332-latency_edge-agent-latency_edge-10",
    "action": "new",
    "side": "sell",
    "price": 65292.8008,
    "quantity": 0.006,
    "remaining_quantity": 0.006
  },
  {
    "event_id": "814eead4edb36415f66fbf1aa0f58cd583ddc674b515eb379f39d90ff1706c58",
    "schema_version": "1.0.0",
    "event_type": "agent_order",
    "source": "synthetic_agent",
    "symbol": "BTCUSDT",
    "exchange": "binance_usdm",
    "timestamp": "2024-05-01T00:00:00.088000Z",
    "sequence": 11,
    "scenario_id": "scenario-332-latency_edge",
    "agent_id": "agent-latency_edge",
    "order_id": "scenario-332-latency_edge-agent-latency_edge-11",
    "action": "new",
    "side": "sell",
    "price": 65292.8008,
    "quantity": 0.006,
    "remaining_quantity": 0.006
  },
  {
    "event_id": "a1470c06195491e805d1becee4246a61af90fa1ab910403c8a767f935a681b4d",
    "schema_version": "1.0.0",
    "event_type": "agent_order",
    "source": "synthetic_agent",
    "symbol": "BTCUSDT",
    "exchange": "binance_usdm",
    "timestamp": "2024-05-01T00:00:00.096000Z",
    "sequence": 12,
    "scenario_id": "scenario-332-latency_edge",
    "agent_id": "agent-latency_edge",
    "order_id": "scenario-332-latency_edge-agent-latency_edge-12",
    "action": "new",
    "side": "buy",
    "price": 65371.199199999995,
    "quantity": 0.006,
    "remaining_quantity": 0.006
  },
  {
    "event_id": "75e06d3e7cddb36eb1eb92d956427be35e740db44c107e34e6b2915a93cccbae",
    "schema_version": "1.0.0",
    "event_type": "agent_order",
    "source": "synthetic_agent",
    "symbol": "BTCUSDT",
    "exchange": "binance_usdm",
    "timestamp": "2024-05-01T00:00:00.104000Z",
    "sequence": 13,
    "scenario_id": "scenario-332-latency_edge",
    "agent_id": "agent-latency_edge",
    "order_id": "scenario-332-latency_edge-agent-latency_edge-13",
    "action": "new",
    "side": "buy",
    "price": 65371.199199999995,
    "quantity": 0.006,
    "remaining_quantity": 0.006
  },
  {
    "event_id": "f22f67a7aca004c2b16a59b838be978df41d2164aab689bd2e7aaadb6312b074",
    "schema_version": "1.0.0",
    "event_type": "agent_order",
    "source": "synthetic_agent",
    "symbol": "BTCUSDT",
    "exchange": "binance_usdm",
    "timestamp": "2024-05-01T00:00:00.112000Z",
    "sequence": 14,
    "scenario_id": "scenario-332-latency_edge",
    "agent_id": "agent-latency_edge",
    "order_id": "scenario-332-latency_edge-agent-latency_edge-14",
    "action": "new",
    "side": "sell",
    "price": 65292.8008,
    "quantity": 0.006,
    "remaining_quantity": 0.006
  },
  {
    "event_id": "aed42554038457edf5c34500b126df53cf2237b51d8a6bbe8bddfa9b71d279db",
    "schema_version": "1.0.0",
    "event_type": "agent_order",
    "source": "synthetic_agent",
    "symbol": "BTCUSDT",
    "exchange": "binance_usdm",
    "timestamp": "2024-05-01T00:00:00.120000Z",
    "sequence": 15,
    "scenario_id": "scenario-332-latency_edge",
    "agent_id": "agent-latency_edge",
    "order_id": "scenario-332-latency_edge-agent-latency_edge-15",
    "action": "new",
    "side": "sell",
    "price": 65292.8008,
    "quantity": 0.006,
    "remaining_quantity": 0.006
  },
  {
    "event_id": "2aef5551fcd78a455546dd5282bf29cd49299f85bc125522ed58db60c57bdbbf",
    "schema_version": "1.0.0",
    "event_type": "agent_order",
    "source": "synthetic_agent",
    "symbol": "BTCUSDT",
    "exchange": "binance_usdm",
    "timestamp": "2024-05-01T00:00:00.128000Z",
    "sequence": 16,
    "scenario_id": "scenario-332-latency_edge",
    "agent_id": "agent-latency_edge",
    "order_id": "scenario-332-latency_edge-agent-latency_edge-16",
    "action": "new",
    "side": "buy",
    "price": 65371.199199999995,
    "quantity": 0.006,
    "remaining_quantity": 0.006
  },
  {
    "event_id": "0c2b889bcac0fe88e4aca41dd05394dc607c88f1336e1203f93d94c606b0737b",
    "schema_version": "1.0.0",
    "event_type": "agent_order",
    "source": "synthetic_agent",
    "symbol": "BTCUSDT",
    "exchange": "binance_usdm",
    "timestamp": "2024-05-01T00:00:00.136000Z",
    "sequence": 17,
    "scenario_id": "scenario-332-latency_edge",
    "agent_id": "agent-latency_edge",
    "order_id": "scenario-332-latency_edge-agent-latency_edge-17",
    "action": "new",
    "side": "buy",
    "price": 65371.199199999995,
    "quantity": 0.006,
    "remaining_quantity": 0.006
  },
  {
    "event_id": "76c30bc1170e73760c964982d1068df2fddbc74565dc062ea042039db1def9ae",
    "schema_version": "1.0.0",
    "event_type": "agent_order",
    "source": "synthetic_agent",
    "symbol": "BTCUSDT",
    "exchange": "binance_usdm",
    "timestamp": "2024-05-01T00:00:00.144000Z",
    "sequence": 18,
    "scenario_id": "scenario-332-latency_edge",
    "agent_id": "agent-latency_edge",
    "order_id": "scenario-332-latency_edge-agent-latency_edge-18",
    "action": "new",
    "side": "sell",
    "price": 65292.8008,
    "quantity": 0.006,
    "remaining_quantity": 0.006
  },
  {
    "event_id": "6a4502ddc553cad0a9c9c41870e1e3be76e5281fdb5095c975b11090c4fbe13a",
    "schema_version": "1.0.0",
    "event_type": "agent_order",
    "source": "synthetic_agent",
    "symbol": "BTCUSDT",
    "exchange": "binance_usdm",
    "timestamp": "2024-05-01T00:00:00.152000Z",
    "sequence": 19,
    "scenario_id": "scenario-332-latency_edge",
    "agent_id": "agent-latency_edge",
    "order_id": "scenario-332-latency_edge-agent-latency_edge-19",
    "action": "new",
    "side": "sell",
    "price": 65292.8008,
    "quantity": 0.006,
    "remaining_quantity": 0.006
  },
  {
    "event_id": "57fdebdf9f1e32498a283e5d8abe878b3ff266b17afd956276037031d02c206e",
    "schema_version": "1.0.0",
    "event_type": "agent_order",
    "source": "synthetic_agent",
    "symbol": "BTCUSDT",
    "exchange": "binance_usdm",
    "timestamp": "2024-05-01T00:00:00.160000Z",
    "sequence": 20,
    "scenario_id": "scenario-332-latency_edge",
    "agent_id": "agent-latency_edge",
    "order_id": "scenario-332-latency_edge-agent-latency_edge-20",
    "action": "new",
    "side": "buy",
    "price": 65371.199199999995,
    "quantity": 0.006,
    "remaining_quantity": 0.006
  },
  {
    "event_id": "19cb4329646f85393cf9b317661a0a5e42a642a2b588265eea85692456d77eda",
    "schema_version": "1.0.0",
    "event_type": "agent_order",
    "source": "synthetic_agent",
    "symbol": "BTCUSDT",
    "exchange": "binance_usdm",
    "timestamp": "2024-05-01T00:00:00.168000Z",
    "sequence": 21,
    "scenario_id": "scenario-332-latency_edge",
    "agent_id": "agent-latency_edge",
    "order_id": "scenario-332-latency_edge-agent-latency_edge-21",
    "action": "new",
    "side": "buy",
    "price": 65371.199199999995,
    "quantity": 0.006,
    "remaining_quantity": 0.006
  },
  {
    "event_id": "737576787ff9d0fccc04992764d16316b95f39380c740cf018f290d0a0a8ac18",
    "schema_version": "1.0.0",
    "event_type": "agent_order",
    "source": "synthetic_agent",
    "symbol": "BTCUSDT",
    "exchange": "binance_usdm",
    "timestamp": "2024-05-01T00:00:00.176000Z",
    "sequence": 22,
    "scenario_id": "scenario-332-latency_edge",
    "agent_id": "agent-latency_edge",
    "order_id": "scenario-332-latency_edge-agent-latency_edge-22",
    "action": "new",
    "side": "sell",
    "price": 65292.8008,
    "quantity": 0.006,
    "remaining_quantity": 0.006
  },
  {
    "event_id": "f85e8bf494980937c7e8620e34892a4375959eb5fb155a64fb535c7dc730365d",
    "schema_version": "1.0.0",
    "event_type": "agent_order",
    "source": "synthetic_agent",
    "symbol": "BTCUSDT",
    "exchange": "binance_usdm",
    "timestamp": "2024-05-01T00:00:00.184000Z",
    "sequence": 23,
    "scenario_id": "scenario-332-latency_edge",
    "agent_id": "agent-latency_edge",
    "order_id": "scenario-332-latency_edge-agent-latency_edge-23",
    "action": "new",
    "side": "sell",
    "price": 65292.8008,
    "quantity": 0.006,
    "remaining_quantity": 0.006
  },
  {
    "event_id": "97c797b0c1f5dabee9570c5b77be8fcab537aca0de1b49b60f23b901bf1335cb",
    "schema_version": "1.0.0",
    "event_type": "agent_order",
    "source": "synthetic_agent",
    "symbol": "BTCUSDT",
    "exchange": "binance_usdm",
    "timestamp": "2024-05-01T00:00:00.192000Z",
    "sequence": 24,
    "scenario_id": "scenario-332-latency_edge",
    "agent_id": "agent-latency_edge",
    "order_id": "scenario-332-latency_edge-agent-latency_edge-24",
    "action": "new",
    "side": "buy",
    "price": 65371.199199999995,
    "quantity": 0.006,
    "remaining_quantity": 0.006
  },
  {
    "event_id": "37558d9129617cb2192863b039b7e341a255ca40b5c6c902dd8af1c62e9eaaca",
    "schema_version": "1.0.0",
    "event_type": "agent_order",
    "source": "synthetic_agent",
    "symbol": "BTCUSDT",
    "exchange": "binance_usdm",
    "timestamp": "2024-05-01T00:00:00.200000Z",
    "sequence": 25,
    "scenario_id": "scenario-332-latency_edge",
    "agent_id": "agent-latency_edge",
    "order_id": "scenario-332-latency_edge-agent-latency_edge-25",
    "action": "new",
    "side": "buy",
    "price": 65371.199199999995,
    "quantity": 0.006,
    "remaining_quantity": 0.006
  },
  {
    "event_id": "bd0d66cd5f7bb97834f6dd9dfe09faf601adc443a337712f1cea6b5df1a2b6fc",
    "schema_version": "1.0.0",
    "event_type": "agent_order",
    "source": "synthetic_agent",
    "symbol": "BTCUSDT",
    "exchange": "binance_usdm",
    "timestamp": "2024-05-01T00:00:00.208000Z",
    "sequence": 26,
    "scenario_id": "scenario-332-latency_edge",
    "agent_id": "agent-latency_edge",
    "order_id": "scenario-332-latency_edge-agent-latency_edge-26",
    "action": "new",
    "side": "sell",
    "price": 65292.8008,
    "quantity": 0.006,
    "remaining_quantity": 0.006
  },
  {
    "event_id": "d577c17c4d40d8b9d1d35765501f0ce903f16ffb39abc7161280d2c233012f6a",
    "schema_version": "1.0.0",
    "event_type": "agent_order",
    "source": "synthetic_agent",
    "symbol": "BTCUSDT",
    "exchange": "binance_usdm",
    "timestamp": "2024-05-01T00:00:00.216000Z",
    "sequence": 27,
    "scenario_id": "scenario-332-latency_edge",
    "agent_id": "agent-latency_edge",
    "order_id": "scenario-332-latency_edge-agent-latency_edge-27",
    "action": "new",
    "side": "sell",
    "price": 65292.8008,
    "quantity": 0.006,
    "remaining_quantity": 0.006
  },
  {
    "event_id": "0d38e724328c912cbdcf234a3a2795a96471be58bab0b2ea7b7aef24c183f911",
    "schema_version": "1.0.0",
    "event_type": "agent_order",
    "source": "synthetic_agent",
    "symbol": "BTCUSDT",
    "exchange": "binance_usdm",
    "timestamp": "2024-05-01T00:00:00.224000Z",
    "sequence": 28,
    "scenario_id": "scenario-332-latency_edge",
    "agent_id": "agent-latency_edge",
    "order_id": "scenario-332-latency_edge-agent-latency_edge-28",
    "action": "new",
    "side": "buy",
    "price": 65371.199199999995,
    "quantity": 0.006,
    "remaining_quantity": 0.006
  },
  {
    "event_id": "1b9af1a2418a795629c29adba0371053da2cd62ab603fbbcabe4eeaf28825078",
    "schema_version": "1.0.0",
    "event_type": "agent_order",
    "source": "synthetic_agent",
    "symbol": "BTCUSDT",
    "exchange": "binance_usdm",
    "timestamp": "2024-05-01T00:00:00.232000Z",
    "sequence": 29,
    "scenario_id": "scenario-332-latency_edge",
    "agent_id": "agent-latency_edge",
    "order_id": "scenario-332-latency_edge-agent-latency_edge-29",
    "action": "new",
    "side": "buy",
    "price": 65371.199199999995,
    "quantity": 0.006,
    "remaining_quantity": 0.006
  }
]