[
  {
    "event_id": "57118587ba393639d2a38c95be4697d63827c3d4a8d1bb0c8598164da7d35838",
    "schema_version": "1.0.0",
    "event_type": "agent_order",
    "source": "synthetic_agent",
    "symbol": "BTCUSDT",
    "exchange": "binance_usdm",
    "timestamp": "2024-05-01T00:00:00Z",
    "sequence": 0,
    "scenario_id": "scenario-356-latency_edge",
    "agent_id": "agent-latency_edge",
    "order_id": "scenario-356-latency_edge-agent-latency_edge-0",
    "action": "new",
    "side": "buy",
    "price": 65395.213599999995,
    "quantity": 0.006,
    "remaining_quantity": 0.006
  },
  {
    "event_id": "6bd7c7e531ec2b354cd27bfae31bebe2061be41af7ffb97e3f15a95c77abdde4",
    "schema_version": "1.0.0",
    "event_type": "agent_order",
    "source": "synthetic_agent",
    "symbol": "BTCUSDT",
    "exchange": "binance_usdm",
    "timestamp": "2024-05-01T00:00:00.008000Z",
    "sequence": 1,
    "scenario_id": "scenario-356-latency_edge",
    "agent_id": "agent-latency_edge",
    "order_id": "scenario-356-latency_edge-agent-latency_edge-1",
    "action": "new",
    "side": "buy",
    "price": 65395.213599999995,
    "quantity": 0.006,
    "remaining_quantity": 0.006
  },
  {
    "event_id": "2a61526decfc145fa48628ef2603dd41ba31bdcbfd9a0145616f2da775faef46",
    "schema_version": "1.0.0",
    "event_type": "agent_order",
    "source": "synthetic_agent",
    "symbol": "BTCUSDT",
    "exchange": "binance_usdm",
    "timestamp": "2024-05-01T00:00:00.016000Z",
    "sequence": 2,
    "scenario_id": "scenario-356-latency_edge",
    "agent_id": "agent-latency_edge",
    "order_id": "scenario-356-latency_edge-agent-latency_edge-2",
    "action": "new",
    "side": "sell",
    "price": 65316.7864,
    "quantity": 0.006,
    "remaining_quantity": 0.006
  },
  {
    "event_id": "8d8ae204c79f879b3c86f8091e099cccf20a72db5353f6bc062911d51d9a8ac9",
    "schema_version": "1.0.0",
    "event_type": "agent_order",
    "source": "synthetic_agent",
    "symbol": "BTCUSDT",
    "exchange": "binance_usdm",
    "timestamp": "2024-05-01T00:00:00.024000Z",
    "sequence": 3,
    "scenario_id": "scenario-356-latency_edge",
    "agent_id": "agent-latency_edge",
    "order_id": "scenario-356-latency_edge-agent-latency_edge-3",
    "action": "new",
    "side": "sell",
    "price": 65316.7864,
    "quantity": 0.006,
    "remaining_quantity": 0.006
  },
  {
    "event_id": "464e759c1eac83ff51162c72d6fe89a57f88cfbe8917a893fad61aa38f5b154c",
    "schema_version": "1.0.0",
    "event_type": "agent_order",
    "source": "synthetic_agent",
    "symbol": "BTCUSDT",
    "exchange": "binance_usdm",
    "timestamp": "2024-05-01T00:00:00.032000Z",
    "sequence": 4,
    "scenario_id": "scenario-356-latency_edge",
    "agent_id": "agent-latency_edge",
    "order_id": "scenario-356-latency_edge-agent-latency_edge-4",
    "action": "new",
    "side": "buy",
    "price": 65395.213599999995,
    "quantity": 0.006,
    "remaining_quantity": 0.006
  },
  {
    "event_id": "90440412d212bdbdca6b0a302404d6e36329b905fae901e3ec578e15a8dc2a1e",
    "schema_version": "1.0.0",
    "event_type": "agent_order",
    "source": "synthetic_agent",
    "symbol": "BTCUSDT",
    "exchange": "binance_usdm",
    "timestamp": "2024-05-01T00:00:00.040000Z",
    "sequence": 5,
    "scenario_id": "scenario-356-latency_edge",
    "agent_id": "agent-latency_edge",
    "order_id": "scenario-356-latency_edge-agent-latency_edge-5",
    "action": "new",
    "side": "buy",
    "price": 65395.213599999995,
    "quantity": 0.006,
    "remaining_quantity": 0.006
  },
  {
    "event_id": "63c128f7649be9190ea8d4876389146109d09f3d298ab130af77c7c1d7fcf2ea",
    "schema_version": "1.0.0",
    "event_type": "agent_order",
    "source": "synthetic_agent",
    "symbol": "BTCUSDT",
    "exchange": "binance_usdm",
    "timestamp": "2024-05-01T00:00:00.048000Z",
    "sequence": 6,
    "scenario_id": "scenario-356-latency_edge",
    "agent_id": "agent-latency_edge",
    "order_id": "scenario-356-latency_edge-agent-latency_edge-6",
    "action": "new",
    "side": "sell",
    "price": 65316.7864,
    "quantity": 0.006,
    "remaining_quantity": 0.006
  },
  {
    "event_id": "e0254c730b9d67dd0a9c220432fd482cfa339a8ef9de8ccf85b8372ba97d4741",
    "schema_version": "1.0.0",
    "event_type": "agent_order",
    "source": "synthetic_agent",
    "symbol": "BTCUSDT",
    "exchange": "binance_usdm",
    "timestamp": "2024-05-01T00:00:00.056000Z",
    "sequence": 7,
    "scenario_id": "scenario-356-latency_edge",
    "agent_id": "agent-latency_edge",
    "order_id": "scenario-356-latency_edge-agent-latency_edge-7",
    "action": "new",
    "side": "sell",
    "price": 65316.7864,
    "quantity": 0.006,
    "remaining_quantity": 0.006
  },
  {
    "event_id": "6058159e54f733ca2f99f7f53446ba253d67b00e1ea903d79e28ba05dfc6f8a0",
    "schema_version": "1.0.0",
    "event_type": "agent_order",
    "source": "synthetic_agent",
    "symbol": "BTCUSDT",
    "exchange": "binance_usdm",
    "timestamp": "2024-05-01T00:00:00.064000Z",
    "sequence": 8,
    "scenario_id": "scenario-356-latency_edge",
    "agent_id": "agent-latency_edge",
    "order_id": "scenario-356-latency_edge-agent-latency_edge-8",
    "action": "new",
    "side": "buy",
    "price": 65395.213599999995,
    "quantity": 0.006,
    "remaining_quantity": 0.006
  },
  {
    "event_id": "bf41957987f706890306c85339e4d54018b61e713bfd9d332fc4087796222410",
    "schema_version": "1.0.0",
    "event_type": "agent_order",
    "source": "synthetic_agent",
    "symbol": "BTCUSDT",
    "exchange": "binance_usdm",
    "timestamp": "2024-05-01T00:00:00.072000Z",
    "sequence": 9,
    "scenario_id": "scenario-356-latency_edge",
    "agent_id": "agent-latency_edge",
    "order_id": "scenario-356-latency_edge-agent-latency_edge-9",
    "action": "new",
    "side": "buy",
    "price": 65395.213599999995,
    "quantity": 0.006,
    "remaining_quantity": 0.006
  },
  {
    "event_id": "5072f5510fefacb5321b833e62b6876863d8680c3e8ff92fced9a89ad177cac9",
    "schema_version": "1.0.0",
    "event_type": "agent_order",
    "source": "synthetic_agent",
    "symbol": "BTCUSDT",
    "exchange": "binance_usdm",
    "timestamp": "2024-05-01T00:00:00.080000Z",
    "sequence": 10,
    "scenario_id": "scenario-356-latency_edge",
    "agent_id": "agent-latency_edge",
    "order_id": "scenario-356-latency_edge-agent-latency_edge-10",
    "action": "new",
    "side": "sell",
    "price": 65316.7864,
    "quantity": 0.006,
    "remaining_quantity": 0.006
  },
  {
    "event_id": "9aa3932997f5a8c2f2c4670cd2e0ad3a501d46bab9b20d27fd08b99e848a93cb",
    "schema_version": "1.0.0",
    "event_type": "agent_order",
    "source": "synthetic_agent",
    "symbol": "BTCUSDT",
    "exchange": "binance_usdm",
    "timestamp": "2024-05-01T00:00:00.088000Z",
    "sequence": 11,
    "scenario_id": "scenario-356-latency_edge",
    "agent_id": "agent-latency_edge",
    "order_id": "scenario-356-latency_edge-agent-latency_edge-11",
    "action": "new",
    "side": "sell",
    "price": 65316.7864,
    "quantity": 0.006,
    "remaining_quantity": 0.006
  },
  {
    "event_id": "24a675edc776935a2bf2f86aeb296edf7c39dc5e363ece3cc9119c1167bbb8ae",
    "schema_version": "1.0.0",
    "event_type": "agent_order",
    "source": "synthetic_agent",
    "symbol": "BTCUSDT",
    "exchange": "binance_usdm",
    "timestamp": "2024-05-01T00:00:00.096000Z",
    "sequence": 12,
    "scenario_id": "scenario-356-latency_edge",
    "agent_id": "agent-latency_edge",
    "order_id": "scenario-356-latency_edge-agent-latency_edge-12",
    "action": "new",
    "side": "buy",
    "price": 65395.213599999995,
    "quantity": 0.006,
    "remaining_quantity": 0.006
  },
  {
    "event_id": "43eb23fd9bbf211928e96d2899ee641547e295ff06d73b44d19f156b64cf4ffa",
    "schema_version": "1.0.0",
    "event_type": "agent_order",
    "source": "synthetic_agent",
    "symbol": "BTCUSDT",
    "exchange": "binance_usdm",
    "timestamp": "2024-05-01T00:00:00.104000Z",
    "sequence": 13,
    "scenario_id": "scenario-356-latency_edge",
    "agent_id": "agent-latency_edge",
    "order_id": "scenario-356-latency_edge-agent-latency_edge-13",
    "action": "new",
    "side": "buy",
    "price": 65395.213599999995,
    "quantity": 0.006,
    "remaining_quantity": 0.006
  },
  {
    "event_id": "f20ad6ec7294015f1d58aa2b1bb3363be2fcb56979e5ce3e2be343857d331b64",
    "schema_version": "1.0.0",
    "event_type": "agent_order",
    "source": "synthetic_agent",
    "symbol": "BTCUSDT",
    "exchange": "binance_usdm",
    "timestamp": "2024-05-01T00:00:00.112000Z",
    "sequence": 14,
    "scenario_id": "scenario-356-latency_edge",
    "agent_id": "agent-latency_edge",
    "order_id": "scenario-356-latency_edge-agent-latency_edge-14",
    "action": "new",
    "side": "sell",
    "price": 65316.7864,
    "quantity": 0.006,
    "remaining_quantity": 0.006
  },
  {
    "event_id": "c8f77d608ac84eff7f03d5c21406258c537f6cdcfa6fce3666f5426043482a80",
    "schema_version": "1.0.0",
    "event_type": "agent_order",
    "source": "synthetic_agent",
    "symbol": "BTCUSDT",
    "exchange": "binance_usdm",
    "timestamp": "2024-05-01T00:00:00.120000Z",
    "sequence": 15,
    "scenario_id": "scenario-356-latency_edge",
    "agent_id": "agent-latency_edge",
    "order_id": "scenario-356-latency_edge-agent-latency_edge-15",
    "action": "new",
    "side": "sell",
    "price": 65316.7864,
    "quantity": 0.006,
    "remaining_quantity": 0.006
  },
  {
    "event_id": "6eb61e1928000345c5de6fe7d05125baffabf29f2c5f5997b877fc24611fb0d9",
    "schema_version": "1.0.0",
    "event_type": "agent_order",
    "source": "synthetic_agent",
    "symbol": "BTCUSDT",
    "exchange": "binance_usdm",
    "timestamp": "2024-05-01T00:00:00.128000Z",
    "sequence": 16,
    "scenario_id": "scenario-356-latency_edge",
    "agent_id": "agent-latency_edge",
    "order_id": "scenario-356-latency_edge-agent-latency_edge-16",
    "action": "new",
    "side": "buy",
    "price": 65395.213599999995,
    "quantity": 0.006,
    "remaining_quantity": 0.006
  },
  {
    "event_id": "193d68ea38562f109dcfe1ec6064004b06db627ff015c3b3e3e38ec43b2d45c8",
    "schema_version": "1.0.0",
    "event_type": "agent_order",
    "source": "synthetic_agent",
    "symbol": "BTCUSDT",
    "exchange": "binance_usdm",
    "timestamp": "2024-05-01T00:00:00.136000Z",
    "sequence": 17,
    "scenario_id": "scenario-356-latency_edge",
    "agent_id": "agent-latency_edge",
    "order_id": "scenario-356-latency_edge-agent-latency_edge-17",
    "action": "new",
    "side": "buy",
    "price": 65395.213599999995,
    "quantity": 0.006,
    "remaining_quantity": 0.006
  },
  {
    "event_id": "efc013b79a3712c6ac84bcaba9a8a07ea1307502cbbba69a91fd8422bdb34332",
    "schema_version": "1.0.0",
    "event_type": "agent_order",
    "source": "synthetic_agent",
    "symbol": "BTCUSDT",
    "exchange": "binance_usdm",
    "timestamp": "2024-05-01T00:00:00.144000Z",
    "sequence": 18,
    "scenario_id": "scenario-356-latency_edge",
    "agent_id": "agent-latency_edge",
    "order_id": "scenario-356-latency_edge-agent-latency_edge-18",
    "action": "new",
    "side": "sell",
    "price": 65316.7864,
    "quantity": 0.006,
    "remaining_quantity": 0.006
  },
  {
    "event_id": "8d2f3f2ffdd283ea56f5cde6a175f1aeeef5eb042b0fdadc5c86d31ccb3706a6",
    "schema_version": "1.0.0",
    "event_type": "agent_order",
    "source": "synthetic_agent",
    "symbol": "BTCUSDT",
    "exchange": "binance_usdm",
    "timestamp": "2024-05-01T00:00:00.152000Z",
    "sequence": 19,
    "scenario_id": "scenario-356-latency_edge",
    "agent_id": "agent-latency_edge",
    "order_id": "scenario-356-latency_edge-agent-latency_edge-19",
    "action": "new",
    "side": "sell",
    "price": 65316.7864,
    "quantity": 0.006,
    "remaining_quantity": 0.006
  },
  {
    "event_id": "7d775272d9a5c7dee6a91c486f0b71a0e3722b879d803d8a3f9165fb6f233490",
    "schema_version": "1.0.0",
    "event_type": "agent_order",
    "source": "synthetic_agent",
    "symbol": "BTCUSDT",
    "exchange": "binance_usdm",
    "timestamp": "2024-05-01T00:00:00.160000Z",
    "sequence": 20,
    "scenario_id": "scenario-356-latency_edge",
    "agent_id": "agent-latency_edge",
    "order_id": "scenario-356-latency_edge-agent-latency_edge-20",
    "action": "new",
    "side": "buy",
    "price": 65395.213599999995,
    "quantity": 0.006,
    "remaining_quantity": 0.006
  },
  {
    "event_id": "731657202e2494bf80c4e3ba3633c68563b0f5adcbd71b8e69f790c76fcd2ebe",
    "schema_version": "1.0.0",
    "event_type": "agent_order",
    "source": "synthetic_agent",
    "symbol": "BTCUSDT",
    "exchange": "binance_usdm",
    "timestamp": "2024-05-01T00:00:00.168000Z",
    "sequence": 21,
    "scenario_id": "scenario-356-latency_edge",
    "agent_id": "agent-latency_edge",
    "order_id": "scenario-356-latency_edge-agent-latency_edge-21",
    "action": "new",
    "side": "buy",
    "price": 65395.213599999995,
    "quantity": 0.006,
    "remaining_quantity": 0.006
  },
  {
    "event_id": "aa4fca21a56399ac4755a398a41d734dd52bb409b2fdcddc7637077ae305a7d0",
    "schema_version": "1.0.0",
    "event_type": "agent_order",
    "source": "synthetic_agent",
    "symbol": "BTCUSDT",
    "exchange": "binance_usdm",
    "timestamp": "2024-05-01T00:00:00.176000Z",
    "sequence": 22,
    "scenario_id": "scenario-356-latency_edge",
    "agent_id": "agent-latency_edge",
    "order_id": "scenario-356-latency_edge-agent-latency_edge-22",
    "action": "new",
    "side": "sell",
    "price": 65316.7864,
    "quantity": 0.006,
    "remaining_quantity": 0.006
  },
  {
    "event_id": "977c8886777fb52f0d9d8e91265228b3a297049d72236ef2a38e6e68098d5f76",
    "schema_version": "1.0.0",
    "event_type": "agent_order",
    "source": "synthetic_agent",
    "symbol": "BTCUSDT",
    "exchange": "binance_usdm",
    "timestamp": "2024-05-01T00:00:00.184000Z",
    "sequence": 23,
    "scenario_id": "scenario-356-latency_edge",
    "agent_id": "agent-latency_edge",
    "order_id": "scenario-356-latency_edge-agent-latency_edge-23",
    "action": "new",
    "side": "sell",
    "price": 65316.7864,
    "quantity": 0.006,
    "remaining_quantity": 0.006
  },
  {
    "event_id": "e6d921baeff764f04f77f8108ef4c37a83d1db32d8820d0e92475236b876c0ce",
    "schema_version": "1.0.0",
    "event_type": "agent_order",
    "source": "synthetic_agent",
    "symbol": "BTCUSDT",
    "exchange": "binance_usdm",
    "timestamp": "2024-05-01T00:00:00.192000Z",
    "sequence": 24,
    "scenario_id": "scenario-356-latency_edge",
    "agent_id": "agent-latency_edge",
    "order_id": "scenario-356-latency_edge-agent-latency_edge-24",
    "action": "new",
    "side": "buy",
    "price": 65395.213599999995,
    "quantity": 0.006,
    "remaining_quantity": 0.006
  },
  {
    "event_id": "d54cf1d6e45e1154bc2076c90c30000d3e2368c6d4c12facc0979d26cf37350e",
    "schema_version": "1.0.0",
    "event_type": "agent_order",
    "source": "synthetic_agent",
    "symbol": "BTCUSDT",
    "exchange": "binance_usdm",
    "timestamp": "2024-05-01T00:00:00.200000Z",
    "sequence": 25,
    "scenario_id": "scenario-356-latency_edge",
    "agent_id": "agent-latency_edge",
    "order_id": "scenario-356-latency_edge-agent-latency_edge-25",
    "action": "new",
    "side": "buy",
    "price": 65395.213599999995,
    "quantity": 0.006,
    "remaining_quantity": 0.006
  },
  {
    "event_id": "63d3f8cdc540818e8705bf56de6a008bff946ff659571acda4e74cc8bfc94171",
    "schema_version": "1.0.0",
    "event_type": "agent_order",
    "source": "synthetic_agent",
    "symbol": "BTCUSDT",
    "exchange": "binance_usdm",
    "timestamp": "2024-05-01T00:00:00.208000Z",
    "sequence": 26,
    "scenario_id": "scenario-356-latency_edge",
    "agent_id": "agent-latency_edge",
    "order_id": "scenario-356-latency_edge-agent-latency_edge-26",
    "action": "new",
    "side": "sell",
    "price": 65316.7864,
    "quantity": 0.006,
    "remaining_quantity": 0.006
  },
  {
    "event_id": "4128aa2f24c62db6a7402ded4f3cc12f4aa46b11a9f82c08e47712e66634df24",
    "schema_version": "1.0.0",
    "event_type": "agent_order",
    "source": "synthetic_agent",
    "symbol": "BTCUSDT",
    "exchange": "binance_usdm",
    "timestamp": "2024-05-01T00:00:00.216000Z",
    "sequence": 27,
    "scenario_id": "scenario-356-latency_edge",
    "agent_id": "agent-latency_edge",
    "order_id": "scenario-356-latency_edge-agent-latency_edge-27",
    "action": "new",
    "side": "sell",
    "price": 65316.7864,
    "quantity": 0.006,
    "remaining_quantity": 0.006
  },
  {
    "event_id": "4ee42a8cf2913f776ad878d41f831986b213873655843452aed3e9f6eb4b8fec",
    "schema_version": "1.0.0",
    "event_type": "agent_order",
    "source": "synthetic_agent",
    "symbol": "BTCUSDT",
    "exchange": "binance_usdm",
    "timestamp": "2024-05-01T00:00:00.224000Z",
    "sequence": 28,
    "scenario_id": "scenario-356-latency_edge",
    "agent_id": "agent-latency_edge",
    "order_id": "scenario-356-latency_edge-agent-latency_edge-28",
    "action": "new",
    "side": "buy",
    "price": 65395.213599999995,
    "quantity": 0.006,
    "remaining_quantity": 0.006
  },
  {
    "event_id": "65c949e4ed0fcd288984518831babce8c4af0e2b32cd36fbd15159f91272bc3e",
    "schema_version": "1.0.0",
    "event_type": "agent_order",
    "source": "synthetic_agent",
    "symbol": "BTCUSDT",
    "exchange": "binance_usdm",
    "timestamp": "2024-05-01T00:00:00.232000Z",
    "sequence": 29,
    "scenario_id": "scenario-356-latency_edge",
    "agent_id": "agent-latency_edge",
    "order_id": "scenario-356-latency_edge-agent-latency_edge-29",
    "action": "new",
    "side": "buy",
    "price": 65395.213599999995,
    "quantity": 0.006,
    "remaining_quantity": 0.006
  }
]