[
  {
    "event_id": "7a17258485b9f8728aef78fe98f9587f6c50ac5e464da3529b713371c42fee7c",
    "schema_version": "1.0.0",
    "event_type": "agent_order",
    "source": "synthetic_agent",
    "symbol": "BTCUSDT",
    "exchange": "binance_usdm",
    "timestamp": "2024-05-01T00:00:00Z",
    "sequence": 0,
    "scenario_id": "scenario-287-volatility_feedback",
    "agent_id": "agent-volatility_feedback",
    "order_id": "scenario-287-volatility_feedback-agent-volatility_feedback-0",
    "action": "new",
    "side": "buy",
    "price": 65352.28699999999,
    "quantity": 0.02,
    "remaining_quantity": 0.02
  },
  {
    "event_id": "dbf7778f44de08740b471d2e59ef01cc74d29423f0992e4b0515f1c25d8af706",
    "schema_version": "1.0.0",
    "event_type": "agent_order",
    "source": "synthetic_agent",
    "symbol": "BTCUSDT",
    "exchange": "binance_usdm",
    "timestamp": "2024-05-01T00:00:00.020000Z",
    "sequence": 1,
    "scenario_id": "scenario-287-volatility_feedback",
    "agent_id": "agent-volatility_feedback",
    "order_id": "scenario-287-volatility_feedback-agent-volatility_feedback-1",
    "action": "new",
    "side": "sell",
    "price": 65220.40726,
    "quantity": 0.03,
    "remaining_quantity": 0.03
  },
  {
    "event_id": "91dc86a6676e0328c97017dace8754cda24c72daaad697113e92c8c38658e2ef",
    "schema_version": "1.0.0",
    "event_type": "agent_order",
    "source": "synthetic_agent",
    "symbol": "BTCUSDT",
    "exchange": "binance_usdm",
    "timestamp": "2024-05-01T00:00:00.040000Z",
    "sequence": 2,
    "scenario_id": "scenario-287-volatility_feedback",
    "agent_id": "agent-volatility_feedback",
    "order_id": "scenario-287-volatility_feedback-agent-volatility_feedback-2",
    "action": "new",
    "side": "buy",
    "price": 65354.898479999996,
    "quantity": 0.04,
    "remaining_quantity": 0.04
  },
  {
    "event_id": "3f622c6b8459af563ad88c8f8b50b5e75b6daf3b5d217fa2bfbc1aef88e448c0",
    "schema_version": "1.0.0",
    "event_type": "agent_order",
    "source": "synthetic_agent",
    "symbol": "BTCUSDT",
    "exchange": "binance_usdm",
    "timestamp": "2024-05-01T00:00:00.060000Z",
    "sequence": 3,
    "scenario_id": "scenario-287-volatility_feedback",
    "agent_id": "agent-volatility_feedback",
    "order_id": "scenario-287-volatility_feedback-agent-volatility_feedback-3",
    "action": "new",
    "side": "sell",
    "price": 65217.79578,
    "quantity": 0.05,
    "remaining_quantity": 0.05
  },
  {
    "event_id": "d7195490da13dfa870d0bf3814123ef8eaa8dbbc0eef5b1300ce414197fd9c86",
    "schema_version": "1.0.0",
    "event_type": "agent_order",
    "source": "synthetic_agent",
    "symbol": "BTCUSDT",
    "exchange": "binance_usdm",
    "timestamp": "2024-05-01T00:00:00.080000Z",
    "sequence": 4,
    "scenario_id": "scenario-287-volatility_feedback",
    "agent_id": "agent-volatility_feedback",
    "order_id": "scenario-287-volatility_feedback-agent-volatility_feedback-4",
    "action": "new",
    "side": "buy",
    "price": 65357.509959999996,
    "quantity": 0.02,
    "remaining_quantity": 0.02
  },
  {
    "event_id": "593686b8c3817cbbc222f9ee55a2356285645ba7dd8ed55de507a7684a7bc254",
    "schema_version": "1.0.0",
    "event_type": "agent_order",
    "source": "synthetic_agent",
    "symbol": "BTCUSDT",
    "exchange": "binance_usdm",
    "timestamp": "2024-05-01T00:00:00.100000Z",
    "sequence": 5,
    "scenario_id": "scenario-287-volatility_feedback",
    "agent_id": "agent-volatility_feedback",
    "order_id": "scenario-287-volatility_feedback-agent-volatility_feedback-5",
    "action": "new",
    "side": "sell",
    "price": 65215.1843,
    "quantity": 0.03,
    "remaining_quantity": 0.03
  },
  {
    "event_id": "3993bdbbcf57e56e6347bc608f8340868f6023bbc1dd1ff2f2951aa03667e938",
    "schema_version": "1.0.0",
    "event_type": "agent_order",
    "source": "synthetic_agent",
    "symbol": "BTCUSDT",
    "exchange": "binance_usdm",
    "timestamp": "2024-05-01T00:00:00.120000Z",
    "sequence": 6,
    "scenario_id": "scenario-287-volatility_feedback",
    "agent_id": "agent-volatility_feedback",
    "order_id": "scenario-287-volatility_feedback-agent-volatility_feedback-6",
    "action": "new",
    "side": "buy",
    "price": 65360.12144,
    "quantity": 0.04,
    "remaining_quantity": 0.04
  },
  {
    "event_id": "915d95c5d085ed100b85ccf248efa825ca9a8a0ec012acd480fa18077f0dcad9",
    "schema_version": "1.0.0",
    "event_type": "agent_order",
    "source": "synthetic_agent",
    "symbol": "BTCUSDT",
    "exchange": "binance_usdm",
    "timestamp": "2024-05-01T00:00:00.140000Z",
    "sequence": 7,
    "scenario_id": "scenario-287-volatility_feedback",
    "agent_id": "agent-volatility_feedback",
    "order_id": "scenario-287-volatility_feedback-agent-volatility_feedback-7",
    "action": "new",
    "side": "sell",
    "price": 65212.57282,
    "quantity": 0.05,
    "remaining_quantity": 0.05
  },
  {
    "event_id": "be3917f69a0fd72e1295f9e1f8119a57ea4be54bc2621e5076a5f4406e44e109",
    "schema_version": "1.0.0",
    "event_type": "agent_order",
    "source": "synthetic_agent",
    "symbol": "BTCUSDT",
    "exchange": "binance_usdm",
    "timestamp": "2024-05-01T00:00:00.160000Z",
    "sequence": 8,
    "scenario_id": "scenario-287-volatility_feedback",
    "agent_id": "agent-volatility_feedback",
    "order_id": "scenario-287-volatility_feedback-agent-volatility_feedback-8",
    "action": "new",
    "side": "buy",
    "price": 65362.73292,
    "quantity": 0.02,
    "remaining_quantity": 0.02
  },
  {
    "event_id": "7f0200562aa99a13ce0136f3958b673de3d63babd3914ca7510ae05063465404",
    "schema_version": "1.0.0",
    "event_type": "agent_order",
    "source": "synthetic_agent",
    "symbol": "BTCUSDT",
    "exchange": "binance_usdm",
    "timestamp": "2024-05-01T00:00:00.180000Z",
    "sequence": 9,
    "scenario_id": "scenario-287-volatility_feedback",
    "agent_id": "agent-volatility_feedback",
    "order_id": "scenario-287-volatility_feedback-agent-volatility_feedback-9",
    "action": "new",
    "side": "sell",
    "price": 65209.96134,
    "quantity": 0.03,
    "remaining_quantity": 0.03
  },
  {
    "event_id": "22a3490a57aac2bbdca4cace3d8f7dbd36fdc94a288e66650af575a7ecc29ed0",
    "schema_version": "1.0.0",
    "event_type": "agent_order",
    "source": "synthetic_agent",
    "symbol": "BTCUSDT",
    "exchange": "binance_usdm",
    "timestamp": "2024-05-01T00:00:00.200000Z",
    "sequence": 10,
    "scenario_id": "scenario-287-volatility_feedback",
    "agent_id": "agent-volatility_feedback",
    "order_id": "scenario-287-volatility_feedback-agent-volatility_feedback-10",
    "action": "new",
    "side": "buy",
    "price": 65365.34440000001,
    "quantity": 0.04,
    "remaining_quantity": 0.04
  },
  {
    "event_id": "5de5c641dd0c984718c67b2dd2447ff0b962fe4eec90d7122fefdf96252ef75a",
    "schema_version": "1.0.0",
    "event_type": "agent_order",
    "source": "synthetic_agent",
    "symbol": "BTCUSDT",
    "exchange": "binance_usdm",
    "timestamp": "2024-05-01T00:00:00.220000Z",
    "sequence": 11,
    "scenario_id": "scenario-287-volatility_feedback",
    "agent_id": "agent-volatility_feedback",
    "order_id": "scenario-287-volatility_feedback-agent-volatility_feedback-11",
    "action": "new",
    "side": "sell",
    "price": 65207.34986,
    "quantity": 0.05,
    "remaining_quantity": 0.05
  },
  {
    "event_id": "2a85a0c91aafa8d1fdcb46cf4545f670e8e236acf8f049cbb9fc2a728e8d11d5",
    "schema_version": "1.0.0",
    "event_type": "agent_order",
    "source": "synthetic_agent",
    "symbol": "BTCUSDT",
    "exchange": "binance_usdm",
    "timestamp": "2024-05-01T00:00:00.240000Z",
    "sequence": 12,
    "scenario_id": "scenario-287-volatility_feedback",
    "agent_id": "agent-volatility_feedback",
    "order_id": "scenario-287-volatility_feedback-agent-volatility_feedback-12",
    "action": "new",
    "side": "buy",
    "price": 65367.955879999994,
    "quantity": 0.02,
    "remaining_quantity": 0.02
  },
  {
    "event_id": "dcaa11901d2d6e54dc13a13be518ffcd5c75461dc43dc218007d068806bb0bee",
    "schema_version": "1.0.0",
    "event_type": "agent_order",
    "source": "synthetic_agent",
    "symbol": "BTCUSDT",
    "exchange": "binance_usdm",
    "timestamp": "2024-05-01T00:00:00.260000Z",
    "sequence": 13,
    "scenario_id": "scenario-287-volatility_feedback",
    "agent_id": "agent-volatility_feedback",
    "order_id": "scenario-287-volatility_feedback-agent-volatility_feedback-13",
    "action": "new",
    "side": "sell",
    "price": 65204.738379999995,
    "quantity": 0.03,
    "remaining_quantity": 0.03
  },
  {
    "event_id": "d2db31e96bdbb7c97045fbc88f6f749338438095c60e6071ad29761820d7c151",
    "schema_version": "1.0.0",
    "event_type": "agent_order",
    "source": "synthetic_agent",
    "symbol": "BTCUSDT",
    "exchange": "binance_usdm",
    "timestamp": "2024-05-01T00:00:00.280000Z",
    "sequence": 14,
    "scenario_id": "scenario-287-volatility_feedback",
    "agent_id": "agent-volatility_feedback",
    "order_id": "scenario-287-volatility_feedback-agent-volatility_feedback-14",
    "action": "new",
    "side": "buy",
    "price": 65370.567359999994,
    "quantity": 0.04,
    "remaining_quantity": 0.04
  },
  {
    "event_id": "89db3f7f0728d4708e8ceb96169a1b13a7714e0687e057501f50afb552a25abc",
    "schema_version": "1.0.0",
    "event_type": "agent_order",
    "source": "synthetic_agent",
    "symbol": "BTCUSDT",
    "exchange": "binance_usdm",
    "timestamp": "2024-05-01T00:00:00.300000Z",
    "sequence": 15,
    "scenario_id": "scenario-287-volatility_feedback",
    "agent_id": "agent-volatility_feedback",
    "order_id": "scenario-287-volatility_feedback-agent-volatility_feedback-15",
    "action": "new",
    "side": "sell",
    "price": 65202.1269,
    "quantity": 0.05,
    "remaining_quantity": 0.05
  },
  {
    "event_id": "ec514f04a93da9906b7419137463cafe544775210ae53fd4524a58418b04648a",
    "schema_version": "1.0.0",
    "event_type": "agent_order",
    "source": "synthetic_agent",
    "symbol": "BTCUSDT",
    "exchange": "binance_usdm",
    "timestamp": "2024-05-01T00:00:00.320000Z",
    "sequence": 16,
    "scenario_id": "scenario-287-volatility_feedback",
    "agent_id": "agent-volatility_feedback",
    "order_id": "scenario-287-volatility_feedback-agent-volatility_feedback-16",
    "action": "new",
    "side": "buy",
    "price": 65373.17884,
    "quantity": 0.02,
    "remaining_quantity": 0.02
  },
  {
    "event_id": "cd320df3fa47fcf2269450d62622df4fb595a37951ad0281e8dc004db559fbf2",
    "schema_version": "1.0.0",
    "event_type": "agent_order",
    "source": "synthetic_agent",
    "symbol": "BTCUSDT",
    "exchange": "binance_usdm",
    "timestamp": "2024-05-01T00:00:00.340000Z",
    "sequence": 17,
    "scenario_id": "scenario-287-volatility_feedback",
    "agent_id": "agent-volatility_feedback",
    "order_id": "scenario-287-volatility_feedback-agent-volatility_feedback-17",
    "action": "new",
    "side": "sell",
    "price": 65199.515419999996,
    "quantity": 0.03,
    "remaining_quantity": 0.03
  },
  {
    "event_id": "2c71c1fe47b374f4c3a0a0fcd1fe20661ad13c40b2f69b24a5a9906202333af3",
    "schema_version": "1.0.0",
    "event_type": "agent_order",
    "source": "synthetic_agent",
    "symbol": "BTCUSDT",
    "exchange": "binance_usdm",
    "timestamp": "2024-05-01T00:00:00.360000Z",
    "sequence": 18,
    "scenario_id": "scenario-287-volatility_feedback",
    "agent_id": "agent-volatility_feedback",
    "order_id": "scenario-287-volatility_feedback-agent-volatility_feedback-18",
    "action": "new",
    "side": "buy",
    "price": 65375.79032,
    "quantity": 0.04,
    "remaining_quantity": 0.04
  },
  {
    "event_id": "03cade265134c41a641a34669bf0eaa26e7040547ff40430e9bd6fb99c0a79b0",
    "schema_version": "1.0.0",
    "event_type": "agent_order",
    "source": "synthetic_agent",
    "symbol": "BTCUSDT",
    "exchange": "binance_usdm",
    "timestamp": "2024-05-01T00:00:00.380000Z",
    "sequence": 19,
    "scenario_id": "scenario-287-volatility_feedback",
    "agent_id": "agent-volatility_feedback",
    "order_id": "scenario-287-volatility_feedback-agent-volatility_feedback-19",
    "action": "new",
    "side": "sell",
    "price": 65196.90394,
    "quantity": 0.05,
    "remaining_quantity": 0.05
  },
  {
    "event_id": "412c5289bd99aaa063cb4037e1ac07c2afe9d9d818eb062106b2e4e904ea9b1d",
    "schema_version": "1.0.0",
    "event_type": "agent_order",
    "source": "synthetic_agent",
    "symbol": "BTCUSDT",
    "exchange": "binance_usdm",
    "timestamp": "2024-05-01T00:00:00.400000Z",
    "sequence": 20,
    "scenario_id": "scenario-287-volatility_feedback",
    "agent_id": "agent-volatility_feedback",
    "order_id": "scenario-287-volatility_feedback-agent-volatility_feedback-20",
    "action": "new",
    "side": "buy",
    "price": 65378.40180000001,
    "quantity": 0.02,
    "remaining_quantity": 0.02
  },
  {
    "event_id": "e6b366e6db77556cabcd5109482babe16893836d265e682d866811dc0ea9ee2c",
    "schema_version": "1.0.0",
    "event_type": "agent_order",
    "source": "synthetic_agent",
    "symbol": "BTCUSDT",
    "exchange": "binance_usdm",
    "timestamp": "2024-05-01T00:00:00.420000Z",
    "sequence": 21,
    "scenario_id": "scenario-287-volatility_feedback",
    "agent_id": "agent-volatility_feedback",
    "order_id": "scenario-287-volatility_feedback-agent-volatility_feedback-21",
    "action": "new",
    "side": "sell",
    "price": 65194.292460000004,
    "quantity": 0.03,
    "remaining_quantity": 0.03
  },
  {
    "event_id": "9a4951ec7111c003872cf29a6c7b1d832275260634e1ad5cfd9cea17857f0682",
    "schema_version": "1.0.0",
    "event_type": "agent_order",
    "source": "synthetic_agent",
    "symbol": "BTCUSDT",
    "exchange": "binance_usdm",
    "timestamp": "2024-05-01T00:00:00.440000Z",
    "sequence": 22,
    "scenario_id": "scenario-287-volatility_feedback",
    "agent_id": "agent-volatility_feedback",
    "order_id": "scenario-287-volatility_feedback-agent-volatility_feedback-22",
    "action": "new",
    "side": "buy",
    "price": 65381.01328000001,
    "quantity": 0.04,
    "remaining_quantity": 0.04
  },
  {
    "event_id": "2907e9b973d91d292b5b95cf41b44870efbf3c48040df5cb971bcdadd21d7e85",
    "schema_version": "1.0.0",
    "event_type": "agent_order",
    "source": "synthetic_agent",
    "symbol": "BTCUSDT",
    "exchange": "binance_usdm",
    "timestamp": "2024-05-01T00:00:00.460000Z",
    "sequence": 23,
    "scenario_id": "scenario-287-volatility_feedback",
    "agent_id": "agent-volatility_feedback",
    "order_id": "scenario-287-volatility_feedback-agent-volatility_feedback-23",
    "action": "new",
    "side": "sell",
    "price": 65191.68098,
    "quantity": 0.05,
    "remaining_quantity": 0.05
  },
  {
    "event_id": "99d3b190a4e7e5aa244a09511007d52393c1b411e57b16ed1dd0374bdc248d1d",
    "schema_version": "1.0.0",
    "event_type": "agent_order",
    "source": "synthetic_agent",
    "symbol": "BTCUSDT",
    "exchange": "binance_usdm",
    "timestamp": "2024-05-01T00:00:00.480000Z",
    "sequence": 24,
    "scenario_id": "scenario-287-volatility_feedback",
    "agent_id": "agent-volatility_feedback",
    "order_id": "scenario-287-volatility_feedback-agent-volatility_feedback-24",
    "action": "new",
    "side": "buy",
    "price": 65383.62476,
    "quantity": 0.02,
    "remaining_quantity": 0.02
  },
  {
    "event_id": "cf334306ffeeeb4bb8782aafbd32d61f8c509030883e1ef50c5244dccc8a32bb",
    "schema_version": "1.0.0",
    "event_type": "agent_order",
    "source": "synthetic_agent",
    "symbol": "BTCUSDT",
    "exchange": "binance_usdm",
    "timestamp": "2024-05-01T00:00:00.500000Z",
    "sequence": 25,
    "scenario_id": "scenario-287-volatility_feedback",
    "agent_id": "agent-volatility_feedback",
    "order_id": "scenario-287-volatility_feedback-agent-volatility_feedback-25",
    "action": "new",
    "side": "sell",
    "price": 65189.069500000005,
    "quantity": 0.03,
    "remaining_quantity": 0.03
  },
  {
    "event_id": "5f88a39f87955e58f8643dacba83a3216d157509bb000fc1e027f5c20489ee30",
    "schema_version": "1.0.0",
    "event_type": "agent_order",
    "source": "synthetic_agent",
    "symbol": "BTCUSDT",
    "exchange": "binance_usdm",
    "timestamp": "2024-05-01T00:00:00.520000Z",
    "sequence": 26,
    "scenario_id": "scenario-287-volatility_feedback",
    "agent_id": "agent-volatility_feedback",
    "order_id": "scenario-287-volatility_feedback-agent-volatility_feedback-26",
    "action": "new",
    "side": "buy",
    "price": 65386.23624,
    "quantity": 0.04,
    "remaining_quantity": 0.04
  },
  {
    "event_id": "de09aa5a47979d2407c2bd35ced00894a41b1c72ecc09f36bb31d6da893724fb",
    "schema_version": "1.0.0",
    "event_type": "agent_order",
    "source": "synthetic_agent",
    "symbol": "BTCUSDT",
    "exchange": "binance_usdm",
    "timestamp": "2024-05-01T00:00:00.540000Z",
    "sequence": 27,
    "scenario_id": "scenario-287-volatility_feedback",
    "agent_id": "agent-volatility_feedback",
    "order_id": "scenario-287-volatility_feedback-agent-volatility_feedback-27",
    "action": "new",
    "side": "sell",
    "price": 65186.45802,
    "quantity": 0.05,
    "remaining_quantity": 0.05
  },
  {
    "event_id": "5f8aa630183d07f7de1b8aaa45cebf8c3b1c85f6dfa322dd32a62c1d36180566",
    "schema_version": "1.0.0",
    "event_type": "agent_order",
    "source": "synthetic_agent",
    "symbol": "BTCUSDT",
    "exchange": "binance_usdm",
    "timestamp": "2024-05-01T00:00:00.560000Z",
    "sequence": 28,
    "scenario_id": "scenario-287-volatility_feedback",
    "agent_id": "agent-volatility_feedback",
    "order_id": "scenario-287-volatility_feedback-agent-volatility_feedback-28",
    "action": "new",
    "side": "buy",
    "price": 65388.84772,
    "quantity": 0.02,
    "remaining_quantity": 0.02
  },
  {
    "event_id": "16c7e5caf434489c6f5c01eb8a986b6433e2077e7d687f9300b209f02eadba6d",
    "schema_version": "1.0.0",
    "event_type": "agent_order",
    "source": "synthetic_agent",
    "symbol": "BTCUSDT",
    "exchange": "binance_usdm",
    "timestamp": "2024-05-01T00:00:00.580000Z",
    "sequence": 29,
    "scenario_id": "scenario-287-volatility_feedback",
    "agent_id": "agent-volatility_feedback",
    "order_id": "scenario-287-volatility_feedback-agent-volatility_feedback-29",
    "action": "new",
    "side": "sell",
    "price": 65183.84654,
    "quantity": 0.03,
    "remaining_quantity": 0.03
  }
]