[
  {
    "event_id": "a083d5ae4afa23ccccf7b9987be1b5d769092cf82cd622c717c81fd8008ae428",
    "schema_version": "1.0.0",
    "event_type": "agent_order",
    "source": "synthetic_agent",
    "symbol": "BTCUSDT",
    "exchange": "binance_usdm",
    "timestamp": "2024-05-01T00:00:00Z",
    "sequence": 0,
    "scenario_id": "scenario-233-momentum_ignition",
    "agent_id": "agent-momentum_ignition",
    "order_id": "scenario-233-momentum_ignition-agent-momentum_ignition-0",
    "action": "new",
    "side": "buy",
    "price": 65298.23299999999,
    "quantity": 0.08,
    "remaining_quantity": 0.08
  },
  {
    "event_id": "0f5be3a5d33f9d7a146569380a19d9a409f47d79c6846c186eeaaec984266804",
    "schema_version": "1.0.0",
    "event_type": "agent_order",
    "source": "synthetic_agent",
    "symbol": "BTCUSDT",
    "exchange": "binance_usdm",
    "timestamp": "2024-05-01T00:00:00.080000Z",
    "sequence": 1,
    "scenario_id": "scenario-233-momentum_ignition",
    "agent_id": "agent-momentum_ignition",
    "order_id": "scenario-233-momentum_ignition-agent-momentum_ignition-1",
    "action": "new",
    "side": "buy",
    "price": 65299.53765999999,
    "quantity": 0.08,
    "remaining_quantity": 0.08
  },
  {
    "event_id": "cdbd40c3b54ad9c0ca0faad622148f4b755c221472667370326fac82be373b7a",
    "schema_version": "1.0.0",
    "event_type": "agent_order",
    "source": "synthetic_agent",
    "symbol": "BTCUSDT",
    "exchange": "binance_usdm",
    "timestamp": "2024-05-01T00:00:00.160000Z",
    "sequence": 2,
    "scenario_id": "scenario-233-momentum_ignition",
    "agent_id": "agent-momentum_ignition",
    "order_id": "scenario-233-momentum_ignition-agent-momentum_ignition-2",
    "action": "new",
    "side": "buy",
    "price": 65300.842319999996,
    "quantity": 0.08,
    "remaining_quantity": 0.08
  },
  {
    "event_id": "85dfb2614164173d2aaf9b5a24ea21444e5c4f22050a110ff375058aaf327ae3",
    "schema_version": "1.0.0",
    "event_type": "agent_order",
    "source": "synthetic_agent",
    "symbol": "BTCUSDT",
    "exchange": "binance_usdm",
    "timestamp": "2024-05-01T00:00:00.240000Z",
    "sequence": 3,
    "scenario_id": "scenario-233-momentum_ignition",
    "agent_id": "agent-momentum_ignition",
    "order_id": "scenario-233-momentum_ignition-agent-momentum_ignition-3",
    "action": "new",
    "side": "buy",
    "price": 65302.14697999999,
    "quantity": 0.08,
    "remaining_quantity": 0.08
  },
  {
    "event_id": "4f47582a341b40f14ec91fdf737f55afca7bf84f5871e5e46ea7d78486ad9ce8",
    "schema_version": "1.0.0",
    "event_type": "agent_order",
    "source": "synthetic_agent",
    "symbol": "BTCUSDT",
    "exchange": "binance_usdm",
    "timestamp": "2024-05-01T00:00:00.320000Z",
    "sequence": 4,
    "scenario_id": "scenario-233-momentum_ignition",
    "agent_id": "agent-momentum_ignition",
    "order_id": "scenario-233-momentum_ignition-agent-momentum_ignition-4",
    "action": "new",
    "side": "buy",
    "price": 65303.45164,
    "quantity": 0.08,
    "remaining_quantity": 0.08
  },
  {
    "event_id": "f10fae74276f8786dcd30860e9b4b301d0fcc9afdfc029471156383162de9637",
    "schema_version": "1.0.0",
    "event_type": "agent_order",
    "source": "synthetic_agent",
    "symbol": "BTCUSDT",
    "exchange": "binance_usdm",
    "timestamp": "2024-05-01T00:00:00.400000Z",
    "sequence": 5,
    "scenario_id": "scenario-233-momentum_ignition",
    "agent_id": "agent-momentum_ignition",
    "order_id": "scenario-233-momentum_ignition-agent-momentum_ignition-5",
    "action": "new",
    "side": "buy",
    "price": 65304.756299999994,
    "quantity": 0.08,
    "remaining_quantity": 0.08
  },
  {
    "event_id": "4d209f9206fa2ece176b17030f456bdced74c203d92ab39ee7afee1c7fc53cb5",
    "schema_version": "1.0.0",
    "event_type": "agent_order",
    "source": "synthetic_agent",
    "symbol": "BTCUSDT",
    "exchange": "binance_usdm",
    "timestamp": "2024-05-01T00:00:00.480000Z",
    "sequence": 6,
    "scenario_id": "scenario-233-momentum_ignition",
    "agent_id": "agent-momentum_ignition",
    "order_id": "scenario-233-momentum_ignition-agent-momentum_ignition-6",
    "action": "new",
    "side": "buy",
    "price": 65306.06095999999,
    "quantity": 0.08,
    "remaining_quantity": 0.08
  },
  {
    "event_id": "330a362c25683abf2bc7c5005a53c730f9ae38f3679177475903817152f74bf4",
    "schema_version": "1.0.0",
    "event_type": "agent_order",
    "source": "synthetic_agent",
    "symbol": "BTCUSDT",
    "exchange": "binance_usdm",
    "timestamp": "2024-05-01T00:00:00.560000Z",
    "sequence": 7,
    "scenario_id": "scenario-233-momentum_ignition",
    "agent_id": "agent-momentum_ignition",
    "order_id": "scenario-233-momentum_ignition-agent-momentum_ignition-7",
    "action": "new",
    "side": "buy",
    "price": 65307.36562,
    "quantity": 0.08,
    "remaining_quantity": 0.08
  },
  {
    "event_id": "b442fa9d27ab53436e155f373a09415c13c4e5891c706c354dce3439a8ddd4f8",
    "schema_version": "1.0.0",
    "event_type": "agent_order",
    "source": "synthetic_agent",
    "symbol": "BTCUSDT",
    "exchange": "binance_usdm",
    "timestamp": "2024-05-01T00:00:00.640000Z",
    "sequence": 8,
    "scenario_id": "scenario-233-momentum_ignition",
    "agent_id": "agent-momentum_ignition",
    "order_id": "scenario-233-momentum_ignition-agent-momentum_ignition-8",
    "action": "new",
    "side": "buy",
    "price": 65308.67027999999,
    "quantity": 0.08,
    "remaining_quantity": 0.08
  },
  {
    "event_id": "bca0642d71ea7bef2420069b6861a9c690a2bcf8fcc24f0ef520bc5746afc62c",
    "schema_version": "1.0.0",
    "event_type": "agent_order",
    "source": "synthetic_agent",
    "symbol": "BTCUSDT",
    "exchange": "binance_usdm",
    "timestamp": "2024-05-01T00:00:00.720000Z",
    "sequence": 9,
    "scenario_id": "scenario-233-momentum_ignition",
    "agent_id": "agent-momentum_ignition",
    "order_id": "scenario-233-momentum_ignition-agent-momentum_ignition-9",
    "action": "new",
    "side": "buy",
    "price": 65309.97494,
    "quantity": 0.08,
    "remaining_quantity": 0.08
  },
  {
    "event_id": "1948ed27136f624d0e83ee29e6a1439abd2925f28929abd2bfef98f22f84e1ca",
    "schema_version": "1.0.0",
    "event_type": "agent_order",
    "source": "synthetic_agent",
    "symbol": "BTCUSDT",
    "exchange": "binance_usdm",
    "timestamp": "2024-05-01T00:00:00.800000Z",
    "sequence": 10,
    "scenario_id": "scenario-233-momentum_ignition",
    "agent_id": "agent-momentum_ignition",
    "order_id": "scenario-233-momentum_ignition-agent-momentum_ignition-10",
    "action": "new",
    "side": "buy",
    "price": 65311.279599999994,
    "quantity": 0.08,
    "remaining_quantity": 0.08
  },
  {
    "event_id": "aa9963f829f2c8ae82d95bb9ff9696d9adfa9ca2ba40aa9ad8b801cce8cb4c1e",
    "schema_version": "1.0.0",
    "event_type": "agent_order",
    "source": "synthetic_agent",
    "symbol": "BTCUSDT",
    "exchange": "binance_usdm",
    "timestamp": "2024-05-01T00:00:00.880000Z",
    "sequence": 11,
    "scenario_id": "scenario-233-momentum_ignition",
    "agent_id": "agent-momentum_ignition",
    "order_id": "scenario-233-momentum_ignition-agent-momentum_ignition-11",
    "action": "new",
    "side": "buy",
    "price": 65312.58426,
    "quantity": 0.08,
    "remaining_quantity": 0.08
  },
  {
    "event_id": "af5ef2a5ca17449ababf08d683a91d78b91ab59bed255e6e497c1fcf75eae41b",
    "schema_version": "1.0.0",
    "event_type": "agent_order",
    "source": "synthetic_agent",
    "symbol": "BTCUSDT",
    "exchange": "binance_usdm",
    "timestamp": "2024-05-01T00:00:00.960000Z",
    "sequence": 12,
    "scenario_id": "scenario-233-momentum_ignition",
    "agent_id": "agent-momentum_ignition",
    "order_id": "scenario-233-momentum_ignition-agent-momentum_ignition-12",
    "action": "new",
    "side": "buy",
    "price": 65313.88892,
    "quantity": 0.08,
    "remaining_quantity": 0.08
  },
  {
    "event_id": "838db26380cc9cbfc5fad0239d03cd5bfdbf93f17a7147bcf506d456bd85bde6",
    "schema_version": "1.0.0",
    "event_type": "agent_order",
    "source": "synthetic_agent",
    "symbol": "BTCUSDT",
    "exchange": "binance_usdm",
    "timestamp": "2024-05-01T00:00:01.040000Z",
    "sequence": 13,
    "scenario_id": "scenario-233-momentum_ignition",
    "agent_id": "agent-momentum_ignition",
    "order_id": "scenario-233-momentum_ignition-agent-momentum_ignition-13",
    "action": "new",
    "side": "buy",
    "price": 65315.193579999985,
    "quantity": 0.08,
    "remaining_quantity": 0.08
  },
  {
    "event_id": "ec135298e3cc80bf29e785e4fbd1397c1163f8e0287a9319647a37e96aa13fdc",
    "schema_version": "1.0.0",
    "event_type": "agent_order",
    "source": "synthetic_agent",
    "symbol": "BTCUSDT",
    "exchange": "binance_usdm",
    "timestamp": "2024-05-01T00:00:01.120000Z",
    "sequence": 14,
    "scenario_id": "scenario-233-momentum_ignition",
    "agent_id": "agent-momentum_ignition",
    "order_id": "scenario-233-momentum_ignition-agent-momentum_ignition-14",
    "action": "new",
    "side": "buy",
    "price": 65316.49823999999,
    "quantity": 0.08,
    "remaining_quantity": 0.08
  },
  {
    "event_id": "b0ae0a0e73ba03fc9aa7d814621b54001fcae28edd79160e072fe55f93aaeb07",
    "schema_version": "1.0.0",
    "event_type": "agent_order",
    "source": "synthetic_agent",
    "symbol": "BTCUSDT",
    "exchange": "binance_usdm",
    "timestamp": "2024-05-01T00:00:01.200000Z",
    "sequence": 15,
    "scenario_id": "scenario-233-momentum_ignition",
    "agent_id": "agent-momentum_ignition",
    "order_id": "scenario-233-momentum_ignition-agent-momentum_ignition-15",
    "action": "new",
    "side": "buy",
    "price": 65317.80289999999,
    "quantity": 0.08,
    "remaining_quantity": 0.08
  },
  {
    "event_id": "3d1b887a471cfead36435a1dd16c5488ff6363dd6f506f034a0b5ca8fd5377b7",
    "schema_version": "1.0.0",
    "event_type": "agent_order",
    "source": "synthetic_agent",
    "symbol": "BTCUSDT",
    "exchange": "binance_usdm",
    "timestamp": "2024-05-01T00:00:01.280000Z",
    "sequence": 16,
    "scenario_id": "scenario-233-momentum_ignition",
    "agent_id": "agent-momentum_ignition",
    "order_id": "scenario-233-momentum_ignition-agent-momentum_ignition-16",
    "action": "new",
    "side": "buy",
    "price": 65319.10756,
    "quantity": 0.08,
    "remaining_quantity": 0.08
  },
  {
    "event_id": "607a6a1e26c75acb998942a892a955b43fd174f3dd9498d5e2363317a3205c61",
    "schema_version": "1.0.0",
    "event_type": "agent_order",
    "source": "synthetic_agent",
    "symbol": "BTCUSDT",
    "exchange": "binance_usdm",
    "timestamp": "2024-05-01T00:00:01.360000Z",
    "sequence": 17,
    "scenario_id": "scenario-233-momentum_ignition",
    "agent_id": "agent-momentum_ignition",
    "order_id": "scenario-233-momentum_ignition-agent-momentum_ignition-17",
    "action": "new",
    "side": "buy",
    "price": 65320.41221999999,
    "quantity": 0.08,
    "remaining_quantity": 0.08
  },
  {
    "event_id": "3fe12fed1fd01d16e3d86c428e27fd99727c20bba7b66d02064b4bf78ec232ea",
    "schema_version": "1.0.0",
    "event_type": "agent_order",
    "source": "synthetic_agent",
    "symbol": "BTCUSDT",
    "exchange": "binance_usdm",
    "timestamp": "2024-05-01T00:00:01.440000Z",
    "sequence": 18,
    "scenario_id": "scenario-233-momentum_ignition",
    "agent_id": "agent-momentum_ignition",
    "order_id": "scenario-233-momentum_ignition-agent-momentum_ignition-18",
    "action": "new",
    "side": "buy",
    "price": 65321.716879999985,
    "quantity": 0.08,
    "remaining_quantity": 0.08
  },
  {
    "event_id": "f5c08edb5c9a7413234421799cb595c31abd014aacca10813cbd764a63c80bda",
    "schema_version": "1.0.0",
    "event_type": "agent_order",
    "source": "synthetic_agent",
    "symbol": "BTCUSDT",
    "exchange": "binance_usdm",
    "timestamp": "2024-05-01T00:00:01.520000Z",
    "sequence": 19,
    "scenario_id": "scenario-233-momentum_ignition",
    "agent_id": "agent-momentum_ignition",
    "order_id": "scenario-233-momentum_ignition-agent-momentum_ignition-19",
    "action": "new",
    "side": "buy",
    "price": 65323.021539999994,
    "quantity": 0.08,
    "remaining_quantity": 0.08
  },
  {
    "event_id": "2ae1546abb76e900cc60e82ed239263764728a51406a4f8862e714fccb0536b4",
    "schema_version": "1.0.0",
    "event_type": "agent_order",
    "source": "synthetic_agent",
    "symbol": "BTCUSDT",
    "exchange": "binance_usdm",
    "timestamp": "2024-05-01T00:00:01.600000Z",
    "sequence": 20,
    "scenario_id": "scenario-233-momentum_ignition",
    "agent_id": "agent-momentum_ignition",
    "order_id": "scenario-233-momentum_ignition-agent-momentum_ignition-20",
    "action": "new",
    "side": "buy",
    "price": 65324.32619999999,
    "quantity": 0.08,
    "remaining_quantity": 0.08
  },
  {
    "event_id": "9aee4ef178f9878108e044b90d9eba6be26036ef665d8d5eb749db7e891f78d6",
    "schema_version": "1.0.0",
    "event_type": "agent_order",
    "source": "synthetic_agent",
    "symbol": "BTCUSDT",
    "exchange": "binance_usdm",
    "timestamp": "2024-05-01T00:00:01.680000Z",
    "sequence": 21,
    "scenario_id": "scenario-233-momentum_ignition",
    "agent_id": "agent-momentum_ignition",
    "order_id": "scenario-233-momentum_ignition-agent-momentum_ignition-21",
    "action": "new",
    "side": "buy",
    "price": 65325.63086,
    "quantity": 0.08,
    "remaining_quantity": 0.08
  },
  {
    "event_id": "795be950b4dd1cf88cc568fdae12399612e461077a7fb2a5d4e979addf12ef1d",
    "schema_version": "1.0.0",
    "event_type": "agent_order",
    "source": "synthetic_agent",
    "symbol": "BTCUSDT",
    "exchange": "binance_usdm",
    "timestamp": "2024-05-01T00:00:01.760000Z",
    "sequence": 22,
    "scenario_id": "scenario-233-momentum_ignition",
    "agent_id": "agent-momentum_ignition",
    "order_id": "scenario-233-momentum_ignition-agent-momentum_ignition-22",
    "action": "new",
    "side": "buy",
    "price": 65326.93551999999,
    "quantity": 0.08,
    "remaining_quantity": 0.08
  },
  {
    "event_id": "277b4d798a4d215d661ef7426bfb64f8d3e180b970417ecc1778df41034e1b65",
    "schema_version": "1.0.0",
    "event_type": "agent_order",
    "source": "synthetic_agent",
    "symbol": "BTCUSDT",
    "exchange": "binance_usdm",
    "timestamp": "2024-05-01T00:00:01.840000Z",
    "sequence": 23,
    "scenario_id": "scenario-233-momentum_ignition",
    "agent_id": "agent-momentum_ignition",
    "order_id": "scenario-233-momentum_ignition-agent-momentum_ignition-23",
    "action": "new",
    "side": "buy",
    "price": 65328.240179999986,
    "quantity": 0.08,
    "remaining_quantity": 0.08
  },
  {
    "event_id": "8d646b63a1fc50a13e5eb9294bf7192ba1a3be77d9ca594cc0cf1edb6cc5401a",
    "schema_version": "1.0.0",
    "event_type": "agent_order",
    "source": "synthetic_agent",
    "symbol": "BTCUSDT",
    "exchange": "binance_usdm",
    "timestamp": "2024-05-01T00:00:01.920000Z",
    "sequence": 24,
    "scenario_id": "scenario-233-momentum_ignition",
    "agent_id": "agent-momentum_ignition",
    "order_id": "scenario-233-momentum_ignition-agent-momentum_ignition-24",
    "action": "new",
    "side": "buy",
    "price": 65329.544839999995,
    "quantity": 0.08,
    "remaining_quantity": 0.08
  },
  {
    "event_id": "720a9c7b539516a8ca42a32e2ac9a123fd0214a39fb3bc2dd5e7e052face6182",
    "schema_version": "1.0.0",
    "event_type": "agent_order",
    "source": "synthetic_agent",
    "symbol": "BTCUSDT",
    "exchange": "binance_usdm",
    "timestamp": "2024-05-01T00:00:02Z",
    "sequence": 25,
    "scenario_id": "scenario-233-momentum_ignition",
    "agent_id": "agent-momentum_ignition",
    "order_id": "scenario-233-momentum_ignition-agent-momentum_ignition-25",
    "action": "new",
    "side": "buy",
    "price": 65330.84949999999,
    "quantity": 0.08,
    "remaining_quantity": 0.08
  },
  {
    "event_id": "86a7f2df88a3f55c88de90b5aeacba45de7189af68ef74c1d1b19a63e555c213",
    "schema_version": "1.0.0",
    "event_type": "agent_order",
    "source": "synthetic_agent",
    "symbol": "BTCUSDT",
    "exchange": "binance_usdm",
    "timestamp": "2024-05-01T00:00:02.080000Z",
    "sequence": 26,
    "scenario_id": "scenario-233-momentum_ignition",
    "agent_id": "agent-momentum_ignition",
    "order_id": "scenario-233-momentum_ignition-agent-momentum_ignition-26",
    "action": "new",
    "side": "buy",
    "price": 65332.15416,
    "quantity": 0.08,
    "remaining_quantity": 0.08
  },
  {
    "event_id": "5627547db2ce1b1c0d768fc18f29564f22651403ad37d1bbb5e2ae98450d142f",
    "schema_version": "1.0.0",
    "event_type": "agent_order",
    "source": "synthetic_agent",
    "symbol": "BTCUSDT",
    "exchange": "binance_usdm",
    "timestamp": "2024-05-01T00:00:02.160000Z",
    "sequence": 27,
    "scenario_id": "scenario-233-momentum_ignition",
    "agent_id": "agent-momentum_ignition",
    "order_id": "scenario-233-momentum_ignition-agent-momentum_ignition-27",
    "action": "new",
    "side": "buy",
    "price": 65333.45881999999,
    "quantity": 0.08,
    "remaining_quantity": 0.08
  },
  {
    "event_id": "d7456a10e397441a97cb3ea54c98522a3343424a340422decd336acf652f80e7",
    "schema_version": "1.0.0",
    "event_type": "agent_order",
    "source": "synthetic_agent",
    "symbol": "BTCUSDT",
    "exchange": "binance_usdm",
    "timestamp": "2024-05-01T00:00:02.240000Z",
    "sequence": 28,
    "scenario_id": "scenario-233-momentum_ignition",
    "agent_id": "agent-momentum_ignition",
    "order_id": "scenario-233-momentum_ignition-agent-momentum_ignition-28",
    "action": "new",
    "side": "buy",
    "price": 65334.76347999999,
    "quantity": 0.08,
    "remaining_quantity": 0.08
  },
  {
    "event_id": "fb7f0cc0d297c582e99313f601491ac8517ccadc68032bc2ca96167f2670e154",
    "schema_version": "1.0.0",
    "event_type": "agent_order",
    "source": "synthetic_agent",
    "symbol": "BTCUSDT",
    "exchange": "binance_usdm",
    "timestamp": "2024-05-01T00:00:02.320000Z",
    "sequence": 29,
    "scenario_id": "scenario-233-momentum_ignition",
    "agent_id": "agent-momentum_ignition",
    "order_id": "scenario-233-momentum_ignition-agent-momentum_ignition-29",
    "action": "new",
    "side": "buy",
    "price": 65336.068139999996,
    "quantity": 0.08,
    "remaining_quantity": 0.08
  }
]