[
  {
    "event_id": "63303aa8123ebf5a9307b70c0403ad888ff52a6fd447e4e52bef21b9aa0f4364",
    "schema_version": "1.0.0",
    "event_type": "agent_order",
    "source": "synthetic_agent",
    "symbol": "BTCUSDT",
    "exchange": "binance_usdm",
    "timestamp": "2024-05-01T00:00:00Z",
    "sequence": 0,
    "scenario_id": "scenario-218-inventory_rebalancer",
    "agent_id": "agent-inventory_rebalancer",
    "order_id": "scenario-218-inventory_rebalancer-agent-inventory_rebalancer-0",
    "action": "new",
    "side": "sell",
    "price": 65218.0,
    "quantity": 0.004,
    "remaining_quantity": 0.004
  },
  {
    "event_id": "092c55268d9b7e2ccdec7dfeb619ef29e2466f8f7093235d62dfd421b046050c",
    "schema_version": "1.0.0",
    "event_type": "agent_order",
    "source": "synthetic_agent",
    "symbol": "BTCUSDT",
    "exchange": "binance_usdm",
    "timestamp": "2024-05-01T00:00:00.750000Z",
    "sequence": 1,
    "scenario_id": "scenario-218-inventory_rebalancer",
    "agent_id": "agent-inventory_rebalancer",
    "order_id": "scenario-218-inventory_rebalancer-agent-inventory_rebalancer-1",
    "action": "new",
    "side": "buy",
    "price": 65218.0,
    "quantity": 0.004,
    "remaining_quantity": 0.004
  },
  {
    "event_id": "95f4b94563ff6a92d10035873a33d677cacc567659965f15e360ccd18e214887",
    "schema_version": "1.0.0",
    "event_type": "agent_order",
    "source": "synthetic_agent",
    "symbol": "BTCUSDT",
    "exchange": "binance_usdm",
    "timestamp": "2024-05-01T00:00:01.500000Z",
    "sequence": 2,
    "scenario_id": "scenario-218-inventory_rebalancer",
    "agent_id": "agent-inventory_rebalancer",
    "order_id": "scenario-218-inventory_rebalancer-agent-inventory_rebalancer-2",
    "action": "new",
    "side": "buy",
    "price": 65218.0,
    "quantity": 0.004,
    "remaining_quantity": 0.004
  },
  {
    "event_id": "21e3ad87e4217d5b044afa1c89b3a191338af689e9bf0877a859466bc30520a9",
    "schema_version": "1.0.0",
    "event_type": "agent_order",
    "source": "synthetic_agent",
    "symbol": "BTCUSDT",
    "exchange": "binance_usdm",
    "timestamp": "2024-05-01T00:00:02.250000Z",
    "sequence": 3,
    "scenario_id": "scenario-218-inventory_rebalancer",
    "agent_id": "agent-inventory_rebalancer",
    "order_id": "scenario-218-inventory_rebalancer-agent-inventory_rebalancer-3",
    "action": "new",
    "side": "sell",
    "price": 65218.0,
    "quantity": 0.004,
    "remaining_quantity": 0.004
  },
  {
    "event_id": "e474ce13f83a975fcc881fe8df1054a50511e98dc616cd4d840dbe4cc8066b3a",
    "schema_version": "1.0.0",
    "event_type": "agent_order",
    "source": "synthetic_agent",
    "symbol": "BTCUSDT",
    "exchange": "binance_usdm",
    "timestamp": "2024-05-01T00:00:03Z",
    "sequence": 4,
    "scenario_id": "scenario-218-inventory_rebalancer",
    "agent_id": "agent-inventory_rebalancer",
    "order_id": "scenario-218-inventory_rebalancer-agent-inventory_rebalancer-4",
    "action": "new",
    "side": "buy",
    "price": 65218.0,
    "quantity": 0.004,
    "remaining_quantity": 0.004
  },
  {
    "event_id": "434c82ee6d882626979f7814a8f1108e5d65e8e80e5bc9b2f8378773db7d425e",
    "schema_version": "1.0.0",
    "event_type": "agent_order",
    "source": "synthetic_agent",
    "symbol": "BTCUSDT",
    "exchange": "binance_usdm",
    "timestamp": "2024-05-01T00:00:03.750000Z",
    "sequence": 5,
    "scenario_id": "scenario-218-inventory_rebalancer",
    "agent_id": "agent-inventory_rebalancer",
    "order_id": "scenario-218-inventory_rebalancer-agent-inventory_rebalancer-5",
    "action": "new",
    "side": "buy",
    "price": 65218.0,
    "quantity": 0.004,
    "remaining_quantity": 0.004
  },
  {
    "event_id": "98b3d05cca5f6be1dee91a25bd95ba499c2d3d49a1cdc6de43ceb7dd73616fd3",
    "schema_version": "1.0.0",
    "event_type": "agent_order",
    "source": "synthetic_agent",
    "symbol": "BTCUSDT",
    "exchange": "binance_usdm",
    "timestamp": "2024-05-01T00:00:04.500000Z",
    "sequence": 6,
    "scenario_id": "scenario-218-inventory_rebalancer",
    "agent_id": "agent-inventory_rebalancer",
    "order_id": "scenario-218-inventory_rebalancer-agent-inventory_rebalancer-6",
    "action": "new",
    "side": "sell",
    "price": 65218.0,
    "quantity": 0.004,
    "remaining_quantity": 0.004
  },
  {
    "event_id": "8ab74378a7412c86cb21d7e0473ca7f417453a4cdec26fd3ea4460ce39a36830",
    "schema_version": "1.0.0",
    "event_type": "agent_order",
    "source": "synthetic_agent",
    "symbol": "BTCUSDT",
    "exchange": "binance_usdm",
    "timestamp": "2024-05-01T00:00:05.250000Z",
    "sequence": 7,
    "scenario_id": "scenario-218-inventory_rebalancer",
    "agent_id": "agent-inventory_rebalancer",
    "order_id": "scenario-218-inventory_rebalancer-agent-inventory_rebalancer-7",
    "action": "new",
    "side": "buy",
    "price": 65218.0,
    "quantity": 0.004,
    "remaining_quantity": 0.004
  },
  {
    "event_id": "bdf48d8e85b336eb6c097cb6b0b7efe761dbb87008dd47d166d5a41c6fe07cd5",
    "schema_version": "1.0.0",
    "event_type": "agent_order",
    "source": "synthetic_agent",
    "symbol": "BTCUSDT",
    "exchange": "binance_usdm",
    "timestamp": "2024-05-01T00:00:06Z",
    "sequence": 8,
    "scenario_id": "scenario-218-inventory_rebalancer",
    "agent_id": "agent-inventory_rebalancer",
    "order_id": "scenario-218-inventory_rebalancer-agent-inventory_rebalancer-8",
    "action": "new",
    "side": "buy",
    "price": 65218.0,
    "quantity": 0.004,
    "remaining_quantity": 0.004
  },
  {
    "event_id": "8e846fe3780a92668f5dc699998a39bd7de79e24baa8f381eaff0b1418498809",
    "schema_version": "1.0.0",
    "event_type": "agent_order",
    "source": "synthetic_agent",
    "symbol": "BTCUSDT",
    "exchange": "binance_usdm",
    "timestamp": "2024-05-01T00:00:06.750000Z",
    "sequence": 9,
    "scenario_id": "scenario-218-inventory_rebalancer",
    "agent_id": "agent-inventory_rebalancer",
    "order_id": "scenario-218-inventory_rebalancer-agent-inventory_rebalancer-9",
    "action": "new",
    "side": "sell",
    "price": 65218.0,
    "quantity": 0.004,
    "remaining_quantity": 0.004
  },
  {
    "event_id": "c9e6fdbcce2eab202f0b1a383f1564d45ce39c925f14f64dc7b182afa0f27d04",
    "schema_version": "1.0.0",
    "event_type": "agent_order",
    "source": "synthetic_agent",
    "symbol": "BTCUSDT",
    "exchange": "binance_usdm",
    "timestamp": "2024-05-01T00:00:07.500000Z",
    "sequence": 10,
    "scenario_id": "scenario-218-inventory_rebalancer",
    "agent_id": "agent-inventory_rebalancer",
    "order_id": "scenario-218-inventory_rebalancer-agent-inventory_rebalancer-10",
    "action": "new",
    "side": "buy",
    "price": 65218.0,
    "quantity": 0.004,
    "remaining_quantity": 0.004
  },
  {
    "event_id": "bf74753344b8870bc03e1ee5b087e4906520e5768d52f14fa40d90aa787c2006",
    "schema_version": "1.0.0",
    "event_type": "agent_order",
    "source": "synthetic_agent",
    "symbol": "BTCUSDT",
    "exchange": "binance_usdm",
    "timestamp": "2024-05-01T00:00:08.250000Z",
    "sequence": 11,
    "scenario_id": "scenario-218-inventory_rebalancer",
    "agent_id": "agent-inventory_rebalancer",
    "order_id": "scenario-218-inventory_rebalancer-agent-inventory_rebalancer-11",
    "action": "new",
    "side": "buy",
    "price": 65218.0,
    "quantity": 0.004,
    "remaining_quantity": 0.004
  },
  {
    "event_id": "736ce03da4c3b2c3edac269cdca2119f64b55b489185bdc62a03c62236838988",
    "schema_version": "1.0.0",
    "event_type": "agent_order",
    "source": "synthetic_agent",
    "symbol": "BTCUSDT",
    "exchange": "binance_usdm",
    "timestamp": "2024-05-01T00:00:09Z",
    "sequence": 12,
    "scenario_id": "scenario-218-inventory_rebalancer",
    "agent_id": "agent-inventory_rebalancer",
    "order_id": "scenario-218-inventory_rebalancer-agent-inventory_rebalancer-12",
    "action": "new",
    "side": "sell",
    "price": 65218.0,
    "quantity": 0.004,
    "remaining_quantity": 0.004
  },
  {
    "event_id": "d30553e276646e8ff81422f581caef4d7bdb0aa62e0d810feb816712efb2b4db",
    "schema_version": "1.0.0",
    "event_type": "agent_order",
    "source": "synthetic_agent",
    "symbol": "BTCUSDT",
    "exchange": "binance_usdm",
    "timestamp": "2024-05-01T00:00:09.750000Z",
    "sequence": 13,
    "scenario_id": "scenario-218-inventory_rebalancer",
    "agent_id": "agent-inventory_rebalancer",
    "order_id": "scenario-218-inventory_rebalancer-agent-inventory_rebalancer-13",
    "action": "new",
    "side": "buy",
    "price": 65218.0,
    "quantity": 0.004,
    "remaining_quantity": 0.004
  },
  {
    "event_id": "f32c66e45ffc0e23c68c3cdf3d7eac3ddebf9bdc66dc47666fcc0b2006cc2c3e",
    "schema_version": "1.0.0",
    "event_type": "agent_order",
    "source": "synthetic_agent",
    "symbol": "BTCUSDT",
    "exchange": "binance_usdm",
    "timestamp": "2024-05-01T00:00:10.500000Z",
    "sequence": 14,
    "scenario_id": "scenario-218-inventory_rebalancer",
    "agent_id": "agent-inventory_rebalancer",
    "order_id": "scenario-218-inventory_rebalancer-agent-inventory_rebalancer-14",
    "action": "new",
    "side": "buy",
    "price": 65218.0,
    "quantity": 0.004,
    "remaining_quantity": 0.004
  },
  {
    "event_id": "b399ad8078985181d0de8a40b18a6c4252a49d797b0b69b1abe3f4284ef307ed",
    "schema_version": "1.0.0",
    "event_type": "agent_order",
    "source": "synthetic_agent",
    "symbol": "BTCUSDT",
    "exchange": "binance_usdm",
    "timestamp": "2024-05-01T00:00:11.250000Z",
    "sequence": 15,
    "scenario_id": "scenario-218-inventory_rebalancer",
    "agent_id": "agent-inventory_rebalancer",
    "order_id": "scenario-218-inventory_rebalancer-agent-inventory_rebalancer-15",
    "action": "new",
    "side": "sell",
    "price": 65218.0,
    "quantity": 0.004,
    "remaining_quantity": 0.004
  },
  {
    "event_id": "9d67916f361fd49af73b31aa2b1a6ebb11b09568ac9f04d21eaccb2f19cb4874",
    "schema_version": "1.0.0",
    "event_type": "agent_order",
    "source": "synthetic_agent",
    "symbol": "BTCUSDT",
    "exchange": "binance_usdm",
    "timestamp": "2024-05-01T00:00:12Z",
    "sequence": 16,
    "scenario_id": "scenario-218-inventory_rebalancer",
    "agent_id": "agent-inventory_rebalancer",
    "order_id": "scenario-218-inventory_rebalancer-agent-inventory_rebalancer-16",
    "action": "new",
    "side": "buy",
    "price": 65218.0,
    "quantity": 0.004,
    "remaining_quantity": 0.004
  },
  {
    "event_id": "35e92a2c2cde7336c2385e6f833528a31a73b04744b290752b6127b3592ad449",
    "schema_version": "1.0.0",
    "event_type": "agent_order",
    "source": "synthetic_agent",
    "symbol": "BTCUSDT",
    "exchange": "binance_usdm",
    "timestamp": "2024-05-01T00:00:12.750000Z",
    "sequence": 17,
    "scenario_id": "scenario-218-inventory_rebalancer",
    "agent_id": "agent-inventory_rebalancer",
    "order_id": "scenario-218-inventory_rebalancer-agent-inventory_rebalancer-17",
    "action": "new",
    "side": "buy",
    "price": 65218.0,
    "quantity": 0.004,
    "remaining_quantity": 0.004
  },
  {
    "event_id": "e064839cffbd3debb9d22909fdb7f8807cbc053074862e6d691bcd3305616dd9",
    "schema_version": "1.0.0",
    "event_type": "agent_order",
    "source": "synthetic_agent",
    "symbol": "BTCUSDT",
    "exchange": "binance_usdm",
    "timestamp": "2024-05-01T00:00:13.500000Z",
    "sequence": 18,
    "scenario_id": "scenario-218-inventory_rebalancer",
    "agent_id": "agent-inventory_rebalancer",
    "order_id": "scenario-218-inventory_rebalancer-agent-inventory_rebalancer-18",
    "action": "new",
    "side": "sell",
    "price": 65218.0,
    "quantity": 0.004,
    "remaining_quantity": 0.004
  },
  {
    "event_id": "1628b888953a451fc741d872c9651becac10e488314f165995e49afa66c1965a",
    "schema_version": "1.0.0",
    "event_type": "agent_order",
    "source": "synthetic_agent",
    "symbol": "BTCUSDT",
    "exchange": "binance_usdm",
    "timestamp": "2024-05-01T00:00:14.250000Z",
    "sequence": 19,
    "scenario_id": "scenario-218-inventory_rebalancer",
    "agent_id": "agent-inventory_rebalancer",
    "order_id": "scenario-218-inventory_rebalancer-agent-inventory_rebalancer-19",
    "action": "new",
    "side": "buy",
    "price": 65218.0,
    "quantity": 0.004,
    "remaining_quantity": 0.004
  },
  {
    "event_id": "72727521db59d6b2c1cf91ee7085f7d0f6429b31c3c19571a86ce7dd18220709",
    "schema_version": "1.0.0",
    "event_type": "agent_order",
    "source": "synthetic_agent",
    "symbol": "BTCUSDT",
    "exchange": "binance_usdm",
    "timestamp": "2024-05-01T00:00:15Z",
    "sequence": 20,
    "scenario_id": "scenario-218-inventory_rebalancer",
    "agent_id": "agent-inventory_rebalancer",
    "order_id": "scenario-218-inventory_rebalancer-agent-inventory_rebalancer-20",
    "action": "new",
    "side": "buy",
    "price": 65218.0,
    "quantity": 0.004,
    "remaining_quantity": 0.004
  },
  {
    "event_id": "07064460334669ea93dff60c321fc67abe5075f23c2e0cf2d9fe2a5fc8da13f6",
    "schema_version": "1.0.0",
    "event_type": "agent_order",
    "source": "synthetic_agent",
    "symbol": "BTCUSDT",
    "exchange": "binance_usdm",
    "timestamp": "2024-05-01T00:00:15.750000Z",
    "sequence": 21,
    "scenario_id": "scenario-218-inventory_rebalancer",
    "agent_id": "agent-inventory_rebalancer",
    "order_id": "scenario-218-inventory_rebalancer-agent-inventory_rebalancer-21",
    "action": "new",
    "side": "sell",
    "price": 65218.0,
    "quantity": 0.004,
    "remaining_quantity": 0.004
  },
  {
    "event_id": "9152c16b318861b5911a2ca88be0e1ac069c342211652e324ad04d3e463ef97a",
    "schema_version": "1.0.0",
    "event_type": "agent_order",
    "source": "synthetic_agent",
    "symbol": "BTCUSDT",
    "exchange": "binance_usdm",
    "timestamp": "2024-05-01T00:00:16.500000Z",
    "sequence": 22,
    "scenario_id": "scenario-218-inventory_rebalancer",
    "agent_id": "agent-inventory_rebalancer",
    "order_id": "scenario-218-inventory_rebalancer-agent-inventory_rebalancer-22",
    "action": "new",
    "side": "buy",
    "price": 65218.0,
    "quantity": 0.004,
    "remaining_quantity": 0.004
  },
  {
    "event_id": "0ec8105ba5298d3ab9e60adda80b8326639106823aac2e729ad5794c74c16fe4",
    "schema_version": "1.0.0",
    "event_type": "agent_order",
    "source": "synthetic_agent",
    "symbol": "BTCUSDT",
    "exchange": "binance_usdm",
    "timestamp": "2024-05-01T00:00:17.250000Z",
    "sequence": 23,
    "scenario_id": "scenario-218-inventory_rebalancer",
    "agent_id": "agent-inventory_rebalancer",
    "order_id": "scenario-218-inventory_rebalancer-agent-inventory_rebalancer-23",
    "action": "new",
    "side": "buy",
    "price": 65218.0,
    "quantity": 0.004,
    "remaining_quantity": 0.004
  },
  {
    "event_id": "6b05eab9a0fddfcc76950a65f1775a170c75d427bb6ccc0fc4cc850b27e6ebda",
    "schema_version": "1.0.0",
    "event_type": "agent_order",
    "source": "synthetic_agent",
    "symbol": "BTCUSDT",
    "exchange": "binance_usdm",
    "timestamp": "2024-05-01T00:00:18Z",
    "sequence": 24,
    "scenario_id": "scenario-218-inventory_rebalancer",
    "agent_id": "agent-inventory_rebalancer",
    "order_id": "scenario-218-inventory_rebalancer-agent-inventory_rebalancer-24",
    "action": "new",
    "side": "sell",
    "price": 65218.0,
    "quantity": 0.004,
    "remaining_quantity": 0.004
  },
  {
    "event_id": "61cbbce7c44faf99fee484f8b320b2ac2e7ff8824165f5c0767dea3940423b07",
    "schema_version": "1.0.0",
    "event_type": "agent_order",
    "source": "synthetic_agent",
    "symbol": "BTCUSDT",
    "exchange": "binance_usdm",
    "timestamp": "2024-05-01T00:00:18.750000Z",
    "sequence": 25,
    "scenario_id": "scenario-218-inventory_rebalancer",
    "agent_id": "agent-inventory_rebalancer",
    "order_id": "scenario-218-inventory_rebalancer-agent-inventory_rebalancer-25",
    "action": "new",
    "side": "buy",
    "price": 65218.0,
    "quantity": 0.004,
    "remaining_quantity": 0.004
  },
  {
    "event_id": "2eca28009458bc5be988c3e3fc758cba44efa7f605ae0bd503ea37d87d610477",
    "schema_version": "1.0.0",
    "event_type": "agent_order",
    "source": "synthetic_agent",
    "symbol": "BTCUSDT",
    "exchange": "binance_usdm",
    "timestamp": "2024-05-01T00:00:19.500000Z",
    "sequence": 26,
    "scenario_id": "scenario-218-inventory_rebalancer",
    "agent_id": "agent-inventory_rebalancer",
    "order_id": "scenario-218-inventory_rebalancer-agent-inventory_rebalancer-26",
    "action": "new",
    "side": "buy",
    "price": 65218.0,
    "quantity": 0.004,
    "remaining_quantity": 0.004
  },
  {
    "event_id": "54518ac3d14e738863972bff03048a1ed4d895c2b01fe8ca2b25be0c7685675b",
    "schema_version": "1.0.0",
    "event_type": "agent_order",
    "source": "synthetic_agent",
    "symbol": "BTCUSDT",
    "exchange": "binance_usdm",
    "timestamp": "2024-05-01T00:00:20.250000Z",
    "sequence": 27,
    "scenario_id": "scenario-218-inventory_rebalancer",
    "agent_id": "agent-inventory_rebalancer",
    "order_id": "scenario-218-inventory_rebalancer-agent-inventory_rebalancer-27",
    "action": "new",
    "side": "sell",
    "price": 65218.0,
    "quantity": 0.004,
    "remaining_quantity": 0.004
  },
  {
    "event_id": "30a3687bb1f8794b842139189a9018c62636fa34682397165e4ac119fb03f80e",
    "schema_version": "1.0.0",
    "event_type": "agent_order",
    "source": "synthetic_agent",
    "symbol": "BTCUSDT",
    "exchange": "binance_usdm",
    "timestamp": "2024-05-01T00:00:21Z",
    "sequence": 28,
    "scenario_id": "scenario-218-inventory_rebalancer",
    "agent_id": "agent-inventory_rebalancer",
    "order_id": "scenario-218-inventory_rebalancer-agent-inventory_rebalancer-28",
    "action": "new",
    "side": "buy",
    "price": 65218.0,
    "quantity": 0.004,
    "remaining_quantity": 0.004
  },
  {
    "event_id": "db93caed663e228eafc3eeac495169bca134f5d82fa20e1ac5be9ee630e4246c",
    "schema_version": "1.0.0",
    "event_type": "agent_order",
    "source": "synthetic_agent",
    "symbol": "BTCUSDT",
    "exchange": "binance_usdm",
    "timestamp": "2024-05-01T00:00:21.750000Z",
    "sequence": 29,
    "scenario_id": "scenario-218-inventory_rebalancer",
    "agent_id": "agent-inventory_rebalancer",
    "order_id": "scenario-218-inventory_rebalancer-agent-inventory_rebalancer-29",
    "action": "new",
    "side": "buy",
    "price": 65218.0,
    "quantity": 0.004,
    "remaining_quantity": 0.004
  }
]