[
  {
    "event_id": "03baae15f08356c3bccd510d0a1d6f177072602e1752485a18a1f69ba3f9b710",
    "schema_version": "1.0.0",
    "event_type": "agent_order",
    "source": "synthetic_agent",
    "symbol": "BTCUSDT",
    "exchange": "binance_usdm",
    "timestamp": "2024-05-01T00:00:00Z",
    "sequence": 0,
    "scenario_id": "scenario-345-stop_run_sweep",
    "agent_id": "agent-stop_run_sweep",
    "order_id": "scenario-345-stop_run_sweep-agent-stop_run_sweep-0",
    "action": "new",
    "side": "buy",
    "price": 65410.344999999994,
    "quantity": 0.06,
    "remaining_quantity": 0.06
  },
  {
    "event_id": "4ff3c84bde9aec73327291a366c6233e7e9ab5bc48b970a9769476264dd64491",
    "schema_version": "1.0.0",
    "event_type": "agent_order",
    "source": "synthetic_agent",
    "symbol": "BTCUSDT",
    "exchange": "binance_usdm",
    "timestamp": "2024-05-01T00:00:00.030000Z",
    "sequence": 1,
    "scenario_id": "scenario-345-stop_run_sweep",
    "agent_id": "agent-stop_run_sweep",
    "order_id": "scenario-345-stop_run_sweep-agent-stop_run_sweep-1",
    "action": "new",
    "side": "buy",
    "price": 65413.61225,
    "quantity": 0.06,
    "remaining_quantity": 0.06
  },
  {
    "event_id": "ee2e2cb2c2b63b6f07ccc9d1436355313cfd55c29f9e4f933492329cceb723ab",
    "schema_version": "1.0.0",
    "event_type": "agent_order",
    "source": "synthetic_agent",
    "symbol": "BTCUSDT",
    "exchange": "binance_usdm",
    "timestamp": "2024-05-01T00:00:00.060000Z",
    "sequence": 2,
    "scenario_id": "scenario-345-stop_run_sweep",
    "agent_id": "agent-stop_run_sweep",
    "order_id": "scenario-345-stop_run_sweep-agent-stop_run_sweep-2",
    "action": "new",
    "side": "buy",
    "price": 65416.879499999995,
    "quantity": 0.06,
    "remaining_quantity": 0.06
  },
  {
    "event_id": "ea7f43d4e6e40b0e5b908862f5d81b4700eeb6fc84a1f6cd3aed4960b49f4109",
    "schema_version": "1.0.0",
    "event_type": "agent_order",
    "source": "synthetic_agent",
    "symbol": "BTCUSDT",
    "exchange": "binance_usdm",
    "timestamp": "2024-05-01T00:00:00.090000Z",
    "sequence": 3,
    "scenario_id": "scenario-345-stop_run_sweep",
    "agent_id": "agent-stop_run_sweep",
    "order_id": "scenario-345-stop_run_sweep-agent-stop_run_sweep-3",
    "action": "new",
    "side": "buy",
    "price": 65420.14675,
    "quantity": 0.06,
    "remaining_quantity": 0.06
  },
  {
    "event_id": "aa31f4705cf93db6564fe99f729d38657e3253217e8a02e1a56c8593ef25b720",
    "schema_version": "1.0.0",
    "event_type": "agent_order",
    "source": "synthetic_agent",
    "symbol": "BTCUSDT",
    "exchange": "binance_usdm",
    "timestamp": "2024-05-01T00:00:00.120000Z",
    "sequence": 4,
    "scenario_id": "scenario-345-stop_run_sweep",
    "agent_id": "agent-stop_run_sweep",
    "order_id": "scenario-345-stop_run_sweep-agent-stop_run_sweep-4",
    "action": "new",
    "side": "buy",
    "price": 65423.41399999999,
    "quantity": 0.06,
    "remaining_quantity": 0.06
  },
  {
    "event_id": "35d313cf55ae359a4fda142d946e08c035b08d05ccb0d397934d0b765f0df06f",
    "schema_version": "1.0.0",
    "event_type": "agent_order",
    "source": "synthetic_agent",
    "symbol": "BTCUSDT",
    "exchange": "binance_usdm",
    "timestamp": "2024-05-01T00:00:00.150000Z",
    "sequence": 5,
    "scenario_id": "scenario-345-stop_run_sweep",
    "agent_id": "agent-stop_run_sweep",
    "order_id": "scenario-345-stop_run_sweep-agent-stop_run_sweep-5",
    "action": "new",
    "side": "buy",
    "price": 65426.68125,
    "quantity": 0.06,
    "remaining_quantity": 0.06
  },
  {
    "event_id": "20fa155ba0fd1fc2ba1dc682a167df0df42f41aae0c3b3cfce6f204a1ff5389c",
    "schema_version": "1.0.0",
    "event_type": "agent_order",
    "source": "synthetic_agent",
    "symbol": "BTCUSDT",
    "exchange": "binance_usdm",
    "timestamp": "2024-05-01T00:00:00.180000Z",
    "sequence": 6,
    "scenario_id": "scenario-345-stop_run_sweep",
    "agent_id": "agent-stop_run_sweep",
    "order_id": "scenario-345-stop_run_sweep-agent-stop_run_sweep-6",
    "action": "new",
    "side": "buy",
    "price": 65429.94849999999,
    "quantity": 0.06,
    "remaining_quantity": 0.06
  },
  {
    "event_id": "3fcea5c7cbdc9927476e52cac6c885509c24512bbb50eb85745f7beea14a228a",
    "schema_version": "1.0.0",
    "event_type": "agent_order",
    "source": "synthetic_agent",
    "symbol": "BTCUSDT",
    "exchange": "binance_usdm",
    "timestamp": "2024-05-01T00:00:00.210000Z",
    "sequence": 7,
    "scenario_id": "scenario-345-stop_run_sweep",
    "agent_id": "agent-stop_run_sweep",
    "order_id": "scenario-345-stop_run_sweep-agent-stop_run_sweep-7",
    "action": "new",
    "side": "buy",
    "price": 65433.215749999996,
    "quantity": 0.06,
    "remaining_quantity": 0.06
  },
  {
    "event_id": "8880bcc6459e088a05b2eab50a8f100f700e67e39fa357e6e597173a98d2cb2c",
    "schema_version": "1.0.0",
    "event_type": "agent_order",
    "source": "synthetic_agent",
    "symbol": "BTCUSDT",
    "exchange": "binance_usdm",
    "timestamp": "2024-05-01T00:00:00.240000Z",
    "sequence": 8,
    "scenario_id": "scenario-345-stop_run_sweep",
    "agent_id": "agent-stop_run_sweep",
    "order_id": "scenario-345-stop_run_sweep-agent-stop_run_sweep-8",
    "action": "new",
    "side": "buy",
    "price": 65436.48299999999,
    "quantity": 0.06,
    "remaining_quantity": 0.06
  },
  {
    "event_id": "ffd760458b06c8a5125a95df3298320af8f0eff052b287b06c95ce1b5b1ae45f",
    "schema_version": "1.0.0",
    "event_type": "agent_order",
    "source": "synthetic_agent",
    "symbol": "BTCUSDT",
    "exchange": "binance_usdm",
    "timestamp": "2024-05-01T00:00:00.270000Z",
    "sequence": 9,
    "scenario_id": "scenario-345-stop_run_sweep",
    "agent_id": "agent-stop_run_sweep",
    "order_id": "scenario-345-stop_run_sweep-agent-stop_run_sweep-9",
    "action": "new",
    "side": "buy",
    "price": 65439.75025,
    "quantity": 0.06,
    "remaining_quantity": 0.06
  },
  {
    "event_id": "b491fa83a3cc4415fb7bac9e9f1df7d1d3989397ec06a4d8a1b3f73668972c9c",
    "schema_version": "1.0.0",
    "event_type": "agent_order",
    "source": "synthetic_agent",
    "symbol": "BTCUSDT",
    "exchange": "binance_usdm",
    "timestamp": "2024-05-01T00:00:00.300000Z",
    "sequence": 10,
    "scenario_id": "scenario-345-stop_run_sweep",
    "agent_id": "agent-stop_run_sweep",
    "order_id": "scenario-345-stop_run_sweep-agent-stop_run_sweep-10",
    "action": "new",
    "side": "buy",
    "price": 65443.01749999999,
    "quantity": 0.06,
    "remaining_quantity": 0.06
  },
  {
    "event_id": "150ea6a5c2ac17523d08c7887ab86fbb42851d0381097d65fd1dae0d8ed59963",
    "schema_version": "1.0.0",
    "event_type": "agent_order",
    "source": "synthetic_agent",
    "symbol": "BTCUSDT",
    "exchange": "binance_usdm",
    "timestamp": "2024-05-01T00:00:00.330000Z",
    "sequence": 11,
    "scenario_id": "scenario-345-stop_run_sweep",
    "agent_id": "agent-stop_run_sweep",
    "order_id": "scenario-345-stop_run_sweep-agent-stop_run_sweep-11",
    "action": "new",
    "side": "buy",
    "price": 65446.28475,
    "quantity": 0.06,
    "remaining_quantity": 0.06
  },
  {
    "event_id": "9b76b32c1b1d4fcedf275377bf167041008719620342fe9d9f631069a90c726d",
    "schema_version": "1.0.0",
    "event_type": "agent_order",
    "source": "synthetic_agent",
    "symbol": "BTCUSDT",
    "exchange": "binance_usdm",
    "timestamp": "2024-05-01T00:00:00.360000Z",
    "sequence": 12,
    "scenario_id": "scenario-345-stop_run_sweep",
    "agent_id": "agent-stop_run_sweep",
    "order_id": "scenario-345-stop_run_sweep-agent-stop_run_sweep-12",
    "action": "new",
    "side": "buy",
    "price": 65449.55199999999,
    "quantity": 0.06,
    "remaining_quantity": 0.06
  },
  {
    "event_id": "14c40ca463de184d8b3b5567751ee16f268d8a5378e28b96f1cba00e64e7e1bc",
    "schema_version": "1.0.0",
    "event_type": "agent_order",
    "source": "synthetic_agent",
    "symbol": "BTCUSDT",
    "exchange": "binance_usdm",
    "timestamp": "2024-05-01T00:00:00.390000Z",
    "sequence": 13,
    "scenario_id": "scenario-345-stop_run_sweep",
    "agent_id": "agent-stop_run_sweep",
    "order_id": "scenario-345-stop_run_sweep-agent-stop_run_sweep-13",
    "action": "new",
    "side": "buy",
    "price": 65452.81924999999,
    "quantity": 0.06,
    "remaining_quantity": 0.06
  },
  {
    "event_id": "067b406dc5fc1abe6c5ef6deead565757927b24de8a2b57cdc00c7b776d7c48e",
    "schema_version": "1.0.0",
    "event_type": "agent_order",
    "source": "synthetic_agent",
    "symbol": "BTCUSDT",
    "exchange": "binance_usdm",
    "timestamp": "2024-05-01T00:00:00.420000Z",
    "sequence": 14,
    "scenario_id": "scenario-345-stop_run_sweep",
    "agent_id": "agent-stop_run_sweep",
    "order_id": "scenario-345-stop_run_sweep-agent-stop_run_sweep-14",
    "action": "new",
    "side": "buy",
    "price": 65456.08649999999,
    "quantity": 0.06,
    "remaining_quantity": 0.06
  },
  {
    "event_id": "b557cd506734217c5ea3a2857bc85d800ecd782df5ffde05386e7bd68425b4ed",
    "schema_version": "1.0.0",
    "event_type": "agent_order",
    "source": "synthetic_agent",
    "symbol": "BTCUSDT",
    "exchange": "binance_usdm",
    "timestamp": "2024-05-01T00:00:00.450000Z",
    "sequence": 15,
    "scenario_id": "scenario-345-stop_run_sweep",
    "agent_id": "agent-stop_run_sweep",
    "order_id": "scenario-345-stop_run_sweep-agent-stop_run_sweep-15",
    "action": "new",
    "side": "buy",
    "price": 65459.353749999995,
    "quantity": 0.06,
    "remaining_quantity": 0.06
  },
  {
    "event_id": "353fc52d1c61b75e20382b4cb54730eadb4e54e175c8240469bb1b76046e1899",
    "schema_version": "1.0.0",
    "event_type": "agent_order",
    "source": "synthetic_agent",
    "symbol": "BTCUSDT",
    "exchange": "binance_usdm",
    "timestamp": "2024-05-01T00:00:00.480000Z",
    "sequence": 16,
    "scenario_id": "scenario-345-stop_run_sweep",
    "agent_id": "agent-stop_run_sweep",
    "order_id": "scenario-345-stop_run_sweep-agent-stop_run_sweep-16",
    "action": "new",
    "side": "buy",
    "price": 65462.620999999985,
    "quantity": 0.06,
    "remaining_quantity": 0.06
  },
  {
    "event_id": "bafa0457c3b1228e38b48776774fe95e35bb3009f4468edb690df8d3d9867dd0",
    "schema_version": "1.0.0",
    "event_type": "agent_order",
    "source": "synthetic_agent",
    "symbol": "BTCUSDT",
    "exchange": "binance_usdm",
    "timestamp": "2024-05-01T00:00:00.510000Z",
    "sequence": 17,
    "scenario_id": "scenario-345-stop_run_sweep",
    "agent_id": "agent-stop_run_sweep",
    "order_id": "scenario-345-stop_run_sweep-agent-stop_run_sweep-17",
    "action": "new",
    "side": "buy",
    "price": 65465.888249999996,
    "quantity": 0.06,
    "remaining_quantity": 0.06
  },
  {
    "event_id": "d56a3925d94339b29eb4ccbd4660d044bee3591dd3f9abdc83b225eff85936dc",
    "schema_version": "1.0.0",
    "event_type": "agent_order",
    "source": "synthetic_agent",
    "symbol": "BTCUSDT",
    "exchange": "binance_usdm",
    "timestamp": "2024-05-01T00:00:00.540000Z",
    "sequence": 18,
    "scenario_id": "scenario-345-stop_run_sweep",
    "agent_id": "agent-stop_run_sweep",
    "order_id": "scenario-345-stop_run_sweep-agent-stop_run_sweep-18",
    "action": "new",
    "side": "buy",
    "price": 65469.155499999986,
    "quantity": 0.06,
    "remaining_quantity": 0.06
  },
  {
    "event_id": "dd8e56bab9aa7a9ab0156be352bcacc0963b1823739d08039aa575432352c8cf",
    "schema_version": "1.0.0",
    "event_type": "agent_order",
    "source": "synthetic_agent",
    "symbol": "BTCUSDT",
    "exchange": "binance_usdm",
    "timestamp": "2024-05-01T00:00:00.570000Z",
    "sequence": 19,
    "scenario_id": "scenario-345-stop_run_sweep",
    "agent_id": "agent-stop_run_sweep",
    "order_id": "scenario-345-stop_run_sweep-agent-stop_run_sweep-19",
    "action": "new",
    "side": "buy",
    "price": 65472.42274999999,
    "quantity": 0.06,
    "remaining_quantity": 0.06
  },
  {
    "event_id": "e32e4449782ca75788b13f3c03cd49bb797065b39d07bbf1ae4cb7b990263fc5",
    "schema_version": "1.0.0",
    "event_type": "agent_order",
    "source": "synthetic_agent",
    "symbol": "BTCUSDT",
    "exchange": "binance_usdm",
    "timestamp": "2024-05-01T00:00:00.600000Z",
    "sequence": 20,
    "scenario_id": "scenario-345-stop_run_sweep",
    "agent_id": "agent-stop_run_sweep",
    "order_id": "scenario-345-stop_run_sweep-agent-stop_run_sweep-20",
    "action": "new",
    "side": "buy",
    "price": 65475.68999999999,
    "quantity": 0.06,
    "remaining_quantity": 0.06
  },
  {
    "event_id": "da93ef633a713361e6ca7b93f1492fde75da5b093a7118626edca1ce084a1625",
    "schema_version": "1.0.0",
    "event_type": "agent_order",
    "source": "synthetic_agent",
    "symbol": "BTCUSDT",
    "exchange": "binance_usdm",
    "timestamp": "2024-05-01T00:00:00.630000Z",
    "sequence": 21,
    "scenario_id": "scenario-345-stop_run_sweep",
    "agent_id": "agent-stop_run_sweep",
    "order_id": "scenario-345-stop_run_sweep-agent-stop_run_sweep-21",
    "action": "new",
    "side": "buy",
    "price": 65478.95724999999,
    "quantity": 0.06,
    "remaining_quantity": 0.06
  },
  {
    "event_id": "6afe375a99a23d0c5939c6cd479891bd3b5a933801f4d691a4d5d4dc4a0ae226",
    "schema_version": "1.0.0",
    "event_type": "agent_order",
    "source": "synthetic_agent",
    "symbol": "BTCUSDT",
    "exchange": "binance_usdm",
    "timestamp": "2024-05-01T00:00:00.660000Z",
    "sequence": 22,
    "scenario_id": "scenario-345-stop_run_sweep",
    "agent_id": "agent-stop_run_sweep",
    "order_id": "scenario-345-stop_run_sweep-agent-stop_run_sweep-22",
    "action": "new",
    "side": "buy",
    "price": 65482.2245,
    "quantity": 0.06,
    "remaining_quantity": 0.06
  },
  {
    "event_id": "c92685a155cd8f5c9782f8cd960d7ec2922396cf150cc27b03221329301420a2",
    "schema_version": "1.0.0",
    "event_type": "agent_order",
    "source": "synthetic_agent",
    "symbol": "BTCUSDT",
    "exchange": "binance_usdm",
    "timestamp": "2024-05-01T00:00:00.690000Z",
    "sequence": 23,
    "scenario_id": "scenario-345-stop_run_sweep",
    "agent_id": "agent-stop_run_sweep",
    "order_id": "scenario-345-stop_run_sweep-agent-stop_run_sweep-23",
    "action": "new",
    "side": "buy",
    "price": 65485.491749999994,
    "quantity": 0.06,
    "remaining_quantity": 0.06
  },
  {
    "event_id": "2afcff951078539be38c1bff8fa03b10c14a45f12f464847a3b8371b5322a75b",
    "schema_version": "1.0.0",
    "event_type": "agent_order",
    "source": "synthetic_agent",
    "symbol": "BTCUSDT",
    "exchange": "binance_usdm",
    "timestamp": "2024-05-01T00:00:00.720000Z",
    "sequence": 24,
    "scenario_id": "scenario-345-stop_run_sweep",
    "agent_id": "agent-stop_run_sweep",
    "order_id": "scenario-345-stop_run_sweep-agent-stop_run_sweep-24",
    "action": "new",
    "side": "buy",
    "price": 65488.759,
    "quantity": 0.06,
    "remaining_quantity": 0.06
  },
  {
    "event_id": "8bb047751750856c6ef4885ffd0c018998cf8e8b0b4a41876cb4f27bea0c2668",
    "schema_version": "1.0.0",
    "event_type": "agent_order",
    "source": "synthetic_agent",
    "symbol": "BTCUSDT",
    "exchange": "binance_usdm",
    "timestamp": "2024-05-01T00:00:00.750000Z",
    "sequence": 25,
    "scenario_id": "scenario-345-stop_run_sweep",
    "agent_id": "agent-stop_run_sweep",
    "order_id": "scenario-345-stop_run_sweep-agent-stop_run_sweep-25",
    "action": "new",
    "side": "buy",
    "price": 65492.02624999999,
    "quantity": 0.06,
    "remaining_quantity": 0.06
  },
  {
    "event_id": "cf4308609cd9174ace4adc9c3f1ddc352132620be0caaec4ce1c2bae2a6ad4e3",
    "schema_version": "1.0.0",
    "event_type": "agent_order",
    "source": "synthetic_agent",
    "symbol": "BTCUSDT",
    "exchange": "binance_usdm",
    "timestamp": "2024-05-01T00:00:00.780000Z",
    "sequence": 26,
    "scenario_id": "scenario-345-stop_run_sweep",
    "agent_id": "agent-stop_run_sweep",
    "order_id": "scenario-345-stop_run_sweep-agent-stop_run_sweep-26",
    "action": "new",
    "side": "buy",
    "price": 65495.2935,
    "quantity": 0.06,
    "remaining_quantity": 0.06
  },
  {
    "event_id": "bb5b67a303aa1b80657d7cc7d85ab76f52520328c7692c1f8e8aaee8bfc85e9c",
    "schema_version": "1.0.0",
    "event_type": "agent_order",
    "source": "synthetic_agent",
    "symbol": "BTCUSDT",
    "exchange": "binance_usdm",
    "timestamp": "2024-05-01T00:00:00.810000Z",
    "sequence": 27,
    "scenario_id": "scenario-345-stop_run_sweep",
    "agent_id": "agent-stop_run_sweep",
    "order_id": "scenario-345-stop_run_sweep-agent-stop_run_sweep-27",
    "action": "new",
    "side": "buy",
    "price": 65498.56074999999,
    "quantity": 0.06,
    "remaining_quantity": 0.06
  },
  {
    "event_id": "722b8e9f923447ae33dd2744fe70b4493867237c940c5016fd15c826f220880f",
    "schema_version": "1.0.0",
    "event_type": "agent_order",
    "source": "synthetic_agent",
    "symbol": "BTCUSDT",
    "exchange": "binance_usdm",
    "timestamp": "2024-05-01T00:00:00.840000Z",
    "sequence": 28,
    "scenario_id": "scenario-345-stop_run_sweep",
    "agent_id": "agent-stop_run_sweep",
    "order_id": "scenario-345-stop_run_sweep-agent-stop_run_sweep-28",
    "action": "new",
    "side": "buy",
    "price": 65501.827999999994,
    "quantity": 0.06,
    "remaining_quantity": 0.06
  },
  {
    "event_id": "846ab2a3300d9c0549a605f4cbb7ec0e8aad6035ab26f70c773ad859cbe1bc48",
    "schema_version": "1.0.0",
    "event_type": "agent_order",
    "source": "synthetic_agent",
    "symbol": "BTCUSDT",
    "exchange": "binance_usdm",
    "timestamp": "2024-05-01T00:00:00.870000Z",
    "sequence": 29,
    "scenario_id": "scenario-345-stop_run_sweep",
    "agent_id": "agent-stop_run_sweep",
    "order_id": "scenario-345-stop_run_sweep-agent-stop_run_sweep-29",
    "action": "new",
    "side": "buy",
    "price": 65505.09524999999,
    "quantity": 0.06,
    "remaining_quantity": 0.06
  }
]