[
  {
    "event_id": "43e00482c640486738c61a63028be6dd0212200fc104c6e6ba2fe0266e22d367",
    "schema_version": "1.0.0",
    "event_type": "agent_order",
    "source": "synthetic_agent",
    "symbol": "BTCUSDT",
    "exchange": "binance_usdm",
    "timestamp": "2024-05-01T00:00:00Z",
    "sequence": 0,
    "scenario_id": "scenario-301-twap_execution",
    "agent_id": "agent-twap_execution",
    "order_id": "scenario-301-twap_execution-agent-twap_execution-0",
    "action": "new",
    "side": "buy",
    "price": 65268.349500000004,
    "quantity": 0.005,
    "remaining_quantity": 0.005
  },
  {
    "event_id": "7ecbddb622a85e624177817d480e054e0a5ef965049bdf013db52fecb79ee53e",
    "schema_version": "1.0.0",
    "event_type": "agent_order",
    "source": "synthetic_agent",
    "symbol": "BTCUSDT",
    "exchange": "binance_usdm",
    "timestamp": "2024-05-01T00:00:01Z",
    "sequence": 1,
    "scenario_id": "scenario-301-twap_execution",
    "agent_id": "agent-twap_execution",
    "order_id": "scenario-301-twap_execution-agent-twap_execution-1",
    "action": "new",
    "side": "buy",
    "price": 65268.349500000004,
    "quantity": 0.005,
    "remaining_quantity": 0.005
  },
  {
    "event_id": "8364bfcd546cf7ca8a91a26773927d8478fe15efd5832f9337141ce2e106cd88",
    "schema_version": "1.0.0",
    "event_type": "agent_order",
    "source": "synthetic_agent",
    "symbol": "BTCUSDT",
    "exchange": "binance_usdm",
    "timestamp": "2024-05-01T00:00:02Z",
    "sequence": 2,
    "scenario_id": "scenario-301-twap_execution",
    "agent_id": "agent-twap_execution",
    "order_id": "scenario-301-twap_execution-agent-twap_execution-2",
    "action": "new",
    "side": "buy",
    "price": 65268.349500000004,
    "quantity": 0.005,
    "remaining_quantity": 0.005
  },
  {
    "event_id": "0fc24b239a7bcbbd536e0e557f98988f21f0a1bf277e482d4f22e5c103ad46ef",
    "schema_version": "1.0.0",
    "event_type": "agent_order",
    "source": "synthetic_agent",
    "symbol": "BTCUSDT",
    "exchange": "binance_usdm",
    "timestamp": "2024-05-01T00:00:03Z",
    "sequence": 3,
    "scenario_id": "scenario-301-twap_execution",
    "agent_id": "agent-twap_execution",
    "order_id": "scenario-301-twap_execution-agent-twap_execution-3",
    "action": "new",
    "side": "buy",
    "price": 65268.349500000004,
    "quantity": 0.005,
    "remaining_quantity": 0.005
  },
  {
    "event_id": "206ec5dec32a3c63277dabaabf211b9201d4ba111eac5616e1c1c8179aeff5c1",
    "schema_version": "1.0.0",
    "event_type": "agent_order",
    "source": "synthetic_agent",
    "symbol": "BTCUSDT",
    "exchange": "binance_usdm",
    "timestamp": "2024-05-01T00:00:04Z",
    "sequence": 4,
    "scenario_id": "scenario-301-twap_execution",
    "agent_id": "agent-twap_execution",
    "order_id": "scenario-301-twap_execution-agent-twap_execution-4",
    "action": "new",
    "side": "buy",
    "price": 65268.349500000004,
    "quantity": 0.005,
    "remaining_quantity": 0.005
  },
  {
    "event_id": "226bcd1aaa0cd255002b99890625f5ff7b42bbac1bec4939edc2fce2e4e6aebd",
    "schema_version": "1.0.0",
    "event_type": "agent_order",
    "source": "synthetic_agent",
    "symbol": "BTCUSDT",
    "exchange": "binance_usdm",
    "timestamp": "2024-05-01T00:00:05Z",
    "sequence": 5,
    "scenario_id": "scenario-301-twap_execution",
    "agent_id": "agent-twap_execution",
    "order_id": "scenario-301-twap_execution-agent-twap_execution-5",
    "action": "new",
    "side": "buy",
    "price": 65268.349500000004,
    "quantity": 0.005,
    "remaining_quantity": 0.005
  },
  {
    "event_id": "1b5af83b76cbe4abe7cf61fbf9f132a80000d8f0d6980a29fdf4b2af9fba73e8",
    "schema_version": "1.0.0",
    "event_type": "agent_order",
    "source": "synthetic_agent",
    "symbol": "BTCUSDT",
    "exchange": "binance_usdm",
    "timestamp": "2024-05-01T00:00:06Z",
    "sequence": 6,
    "scenario_id": "scenario-301-twap_execution",
    "agent_id": "agent-twap_execution",
    "order_id": "scenario-301-twap_execution-agent-twap_execution-6",
    "action": "new",
    "side": "buy",
    "price": 65268.349500000004,
    "quantity": 0.005,
    "remaining_quantity": 0.005
  },
  {
    "event_id": "b6f0285422285e1946796de854e2ce062d044ac03109348d41f2be56a5dc95b6",
    "schema_version": "1.0.0",
    "event_type": "agent_order",
    "source": "synthetic_agent",
    "symbol": "BTCUSDT",
    "exchange": "binance_usdm",
    "timestamp": "2024-05-01T00:00:07Z",
    "sequence": 7,
    "scenario_id": "scenario-301-twap_execution",
    "agent_id": "agent-twap_execution",
    "order_id": "scenario-301-twap_execution-agent-twap_execution-7",
    "action": "new",
    "side": "buy",
    "price": 65268.349500000004,
    "quantity": 0.005,
    "remaining_quantity": 0.005
  },
  {
    "event_id": "47ba7f6a58d8256200416dac1bb13c97145f082c0672c7cb1939b22862329503",
    "schema_version": "1.0.0",
    "event_type": "agent_order",
    "source": "synthetic_agent",
    "symbol": "BTCUSDT",
    "exchange": "binance_usdm",
    "timestamp": "2024-05-01T00:00:08Z",
    "sequence": 8,
    "scenario_id": "scenario-301-twap_execution",
    "agent_id": "agent-twap_execution",
    "order_id": "scenario-301-twap_execution-agent-twap_execution-8",
    "action": "new",
    "side": "buy",
    "price": 65268.349500000004,
    "quantity": 0.005,
    "remaining_quantity": 0.005
  },
  {
    "event_id": "7d4e6940a15f9c87b6febcad96fd84102b4d2d520c776c6c1062f658d12555d0",
    "schema_version": "1.0.0",
    "event_type": "agent_order",
    "source": "synthetic_agent",
    "symbol": "BTCUSDT",
    "exchange": "binance_usdm",
    "timestamp": "2024-05-01T00:00:09Z",
    "sequence": 9,
    "scenario_id": "scenario-301-twap_execution",
    "agent_id": "agent-twap_execution",
    "order_id": "scenario-301-twap_execution-agent-twap_execution-9",
    "action": "new",
    "side": "buy",
    "price": 65268.349500000004,
    "quantity": 0.005,
    "remaining_quantity": 0.005
  },
  {
    "event_id": "7898a36dbcf76ef91871af6f930823ef5b5399af161d6d2f3e618cce6e3de9a8",
    "schema_version": "1.0.0",
    "event_type": "agent_order",
    "source": "synthetic_agent",
    "symbol": "BTCUSDT",
    "exchange": "binance_usdm",
    "timestamp": "2024-05-01T00:00:10Z",
    "sequence": 10,
    "scenario_id": "scenario-301-twap_execution",
    "agent_id": "agent-twap_execution",
    "order_id": "scenario-301-twap_execution-agent-twap_execution-10",
    "action": "new",
    "side": "buy",
    "price": 65268.349500000004,
    "quantity": 0.005,
    "remaining_quantity": 0.005
  },
  {
    "event_id": "ae21d7e09142c297430f7c0b5ee1d51a063433a1b6f80341aeacd57646a06042",
    "schema_version": "1.0.0",
    "event_type": "agent_order",
    "source": "synthetic_agent",
    "symbol": "BTCUSDT",
    "exchange": "binance_usdm",
    "timestamp": "2024-05-01T00:00:11Z",
    "sequence": 11,
    "scenario_id": "scenario-301-twap_execution",
    "agent_id": "agent-twap_execution",
    "order_id": "scenario-301-twap_execution-agent-twap_execution-11",
    "action": "new",
    "side": "buy",
    "price": 65268.349500000004,
    "quantity": 0.005,
    "remaining_quantity": 0.005
  },
  {
    "event_id": "d4830c7777c1698cc7d4698b122da9531b26bef87fe67e56bfface83dc845a16",
    "schema_version": "1.0.0",
    "event_type": "agent_order",
    "source": "synthetic_agent",
    "symbol": "BTCUSDT",
    "exchange": "binance_usdm",
    "timestamp": "2024-05-01T00:00:12Z",
    "sequence": 12,
    "scenario_id": "scenario-301-twap_execution",
    "agent_id": "agent-twap_execution",
    "order_id": "scenario-301-twap_execution-agent-twap_execution-12",
    "action": "new",
    "side": "buy",
    "price": 65268.349500000004,
    "quantity": 0.005,
    "remaining_quantity": 0.005
  },
  {
    "event_id": "1a76e78f075529b8eed850b408c48fad9d355737e32160b5155795b436f340f2",
    "schema_version": "1.0.0",
    "event_type": "agent_order",
    "source": "synthetic_agent",
    "symbol": "BTCUSDT",
    "exchange": "binance_usdm",
    "timestamp": "2024-05-01T00:00:13Z",
    "sequence": 13,
    "scenario_id": "scenario-301-twap_execution",
    "agent_id": "agent-twap_execution",
    "order_id": "scenario-301-twap_execution-agent-twap_execution-13",
    "action": "new",
    "side": "buy",
    "price": 65268.349500000004,
    "quantity": 0.005,
    "remaining_quantity": 0.005
  },
  {
    "event_id": "850cffb7db50f3408416f05955fdab9678eb5a79c7e83319c8ea4ed774061828",
    "schema_version": "1.0.0",
    "event_type": "agent_order",
    "source": "synthetic_agent",
    "symbol": "BTCUSDT",
    "exchange": "binance_usdm",
    "timestamp": "2024-05-01T00:00:14Z",
    "sequence": 14,
    "scenario_id": "scenario-301-twap_execution",
    "agent_id": "agent-twap_execution",
    "order_id": "scenario-301-twap_execution-agent-twap_execution-14",
    "action": "new",
    "side": "buy",
    "price": 65268.349500000004,
    "quantity": 0.005,
    "remaining_quantity": 0.005
  },
  {
    "event_id": "7efe28ee7292e7edd175b0c57c80a02e934f0abfa3dcee1fb65837dbb875ccef",
    "schema_version": "1.0.0",
    "event_type": "agent_order",
    "source": "synthetic_agent",
    "symbol": "BTCUSDT",
    "exchange": "binance_usdm",
    "timestamp": "2024-05-01T00:00:15Z",
    "sequence": 15,
    "scenario_id": "scenario-301-twap_execution",
    "agent_id": "agent-twap_execution",
    "order_id": "scenario-301-twap_execution-agent-twap_execution-15",
    "action": "new",
    "side": "buy",
    "price": 65268.349500000004,
    "quantity": 0.005,
    "remaining_quantity": 0.005
  },
  {
    "event_id": "7e977d4a7877955efc7d2eeefd25ad2954d1d9fbc69281c65ff85e301eeb1420",
    "schema_version": "1.0.0",
    "event_type": "agent_order",
    "source": "synthetic_agent",
    "symbol": "BTCUSDT",
    "exchange": "binance_usdm",
    "timestamp": "2024-05-01T00:00:16Z",
    "sequence": 16,
    "scenario_id": "scenario-301-twap_execution",
    "agent_id": "agent-twap_execution",
    "order_id": "scenario-301-twap_execution-agent-twap_execution-16",
    "action": "new",
    "side": "buy",
    "price": 65268.349500000004,
    "quantity": 0.005,
    "remaining_quantity": 0.005
  },
  {
    "event_id": "2551993a6a09407f1e03d92543c365ede1c5c1fb0561bb952365b98b239c3400",
    "schema_version": "1.0.0",
    "event_type": "agent_order",
    "source": "synthetic_agent",
    "symbol": "BTCUSDT",
    "exchange": "binance_usdm",
    "timestamp": "2024-05-01T00:00:17Z",
    "sequence": 17,
    "scenario_id": "scenario-301-twap_execution",
    "agent_id": "agent-twap_execution",
    "order_id": "scenario-301-twap_execution-agent-twap_execution-17",
    "action": "new",
    "side": "buy",
    "price": 65268.349500000004,
    "quantity": 0.005,
    "remaining_quantity": 0.005
  },
  {
    "event_id": "842c886bd053387ecbc457e71b3b53ae97d9c563279b9086d58872589e335835",
    "schema_version": "1.0.0",
    "event_type": "agent_order",
    "source": "synthetic_agent",
    "symbol": "BTCUSDT",
    "exchange": "binance_usdm",
    "timestamp": "2024-05-01T00:00:18Z",
    "sequence": 18,
    "scenario_id": "scenario-301-twap_execution",
    "agent_id": "agent-twap_execution",
    "order_id": "scenario-301-twap_execution-agent-twap_execution-18",
    "action": "new",
    "side": "buy",
    "price": 65268.349500000004,
    "quantity": 0.005,
    "remaining_quantity": 0.005
  },
  {
    "event_id": "cedf31f4c33c727966cca47e5778179556e119192ff92fec7d12fc228dfcd174",
    "schema_version": "1.0.0",
    "event_type": "agent_order",
    "source": "synthetic_agent",
    "symbol": "BTCUSDT",
    "exchange": "binance_usdm",
    "timestamp": "2024-05-01T00:00:19Z",
    "sequence": 19,
    "scenario_id": "scenario-301-twap_execution",
    "agent_id": "agent-twap_execution",
    "order_id": "scenario-301-twap_execution-agent-twap_execution-19",
    "action": "new",
    "side": "buy",
    "price": 65268.349500000004,
    "quantity": 0.005,
    "remaining_quantity": 0.005
  },
  {
    "event_id": "d95f6e3785b0de1b4a05b08ae4b9bbe6fd108ee6f46d705341898ee2f6c90f69",
    "schema_version": "1.0.0",
    "event_type": "agent_order",
    "source": "synthetic_agent",
    "symbol": "BTCUSDT",
    "exchange": "binance_usdm",
    "timestamp": "2024-05-01T00:00:20Z",
    "sequence": 20,
    "scenario_id": "scenario-301-twap_execution",
    "agent_id": "agent-twap_execution",
    "order_id": "scenario-301-twap_execution-agent-twap_execution-20",
    "action": "new",
    "side": "buy",
    "price": 65268.349500000004,
    "quantity": 0.005,
    "remaining_quantity": 0.005
  },
  {
    "event_id": "4bd3f68b3582e4c765fe0af1ef77313a984619b4e32fcf5a1845915e30c60cd6",
    "schema_version": "1.0.0",
    "event_type": "agent_order",
    "source": "synthetic_agent",
    "symbol": "BTCUSDT",
    "exchange": "binance_usdm",
    "timestamp": "2024-05-01T00:00:21Z",
    "sequence": 21,
    "scenario_id": "scenario-301-twap_execution",
    "agent_id": "agent-twap_execution",
    "order_id": "scenario-301-twap_execution-agent-twap_execution-21",
    "action": "new",
    "side": "buy",
    "price": 65268.349500000004,
    "quantity": 0.005,
    "remaining_quantity": 0.005
  },
  {
    "event_id": "7b10694aa3775802d3840625f79917b455cc1327bad465139ba263576ed32081",
    "schema_version": "1.0.0",
    "event_type": "agent_order",
    "source": "synthetic_agent",
    "symbol": "BTCUSDT",
    "exchange": "binance_usdm",
    "timestamp": "2024-05-01T00:00:22Z",
    "sequence": 22,
    "scenario_id": "scenario-301-twap_execution",
    "agent_id": "agent-twap_execution",
    "order_id": "scenario-301-twap_execution-agent-twap_execution-22",
    "action": "new",
    "side": "buy",
    "price": 65268.349500000004,
    "quantity": 0.005,
    "remaining_quantity": 0.005
  },
  {
    "event_id": "8f3770f66e03bd9121a7363cd3781459241c455fc22b8dd06c3832676e428a45",
    "schema_version": "1.0.0",
    "event_type": "agent_order",
    "source": "synthetic_agent",
    "symbol": "BTCUSDT",
    "exchange": "binance_usdm",
    "timestamp": "2024-05-01T00:00:23Z",
    "sequence": 23,
    "scenario_id": "scenario-301-twap_execution",
    "agent_id": "agent-twap_execution",
    "order_id": "scenario-301-twap_execution-agent-twap_execution-23",
    "action": "new",
    "side": "buy",
    "price": 65268.349500000004,
    "quantity": 0.005,
    "remaining_quantity": 0.005
  },
  {
    "event_id": "94e1be535f95288fb759596a0c72b97761fd180f80119d0a870c89aee6f91cb6",
    "schema_version": "1.0.0",
    "event_type": "agent_order",
    "source": "synthetic_agent",
    "symbol": "BTCUSDT",
    "exchange": "binance_usdm",
    "timestamp": "2024-05-01T00:00:24Z",
    "sequence": 24,
    "scenario_id": "scenario-301-twap_execution",
    "agent_id": "agent-twap_execution",
    "order_id": "scenario-301-twap_execution-agent-twap_execution-24",
    "action": "new",
    "side": "buy",
    "price": 65268.349500000004,
    "quantity": 0.005,
    "remaining_quantity": 0.005
  },
  {
    "event_id": "a2c70426e26a3e502379a9a9621aaefacb14c154dedee874c2f8c3b4b36fc9fb",
    "schema_version": "1.0.0",
    "event_type": "agent_order",
    "source": "synthetic_agent",
    "symbol": "BTCUSDT",
    "exchange": "binance_usdm",
    "timestamp": "2024-05-01T00:00:25Z",
    "sequence": 25,
    "scenario_id": "scenario-301-twap_execution",
    "agent_id": "agent-twap_execution",
    "order_id": "scenario-301-twap_execution-agent-twap_execution-25",
    "action": "new",
    "side": "buy",
    "price": 65268.349500000004,
    "quantity": 0.005,
    "remaining_quantity": 0.005
  },
  {
    "event_id": "170896a00fbb393b6b1e5b0fcf701352a58921d99150e1fb6657c34343b957b6",
    "schema_version": "1.0.0",
    "event_type": "agent_order",
    "source": "synthetic_agent",
    "symbol": "BTCUSDT",
    "exchange": "binance_usdm",
    "timestamp": "2024-05-01T00:00:26Z",
    "sequence": 26,
    "scenario_id": "scenario-301-twap_execution",
    "agent_id": "agent-twap_execution",
    "order_id": "scenario-301-twap_execution-agent-twap_execution-26",
    "action": "new",
    "side": "buy",
    "price": 65268.349500000004,
    "quantity": 0.005,
    "remaining_quantity": 0.005
  },
  {
    "event_id": "c8c13b8649921926dd01c8ab636270ba130279ca7c62ea4924a5a08d967f168c",
    "schema_version": "1.0.0",
    "event_type": "agent_order",
    "source": "synthetic_agent",
    "symbol": "BTCUSDT",
    "exchange": "binance_usdm",
    "timestamp": "2024-05-01T00:00:27Z",
    "sequence": 27,
    "scenario_id": "scenario-301-twap_execution",
    "agent_id": "agent-twap_execution",
    "order_id": "scenario-301-twap_execution-agent-twap_execution-27",
    "action": "new",
    "side": "buy",
    "price": 65268.349500000004,
    "quantity": 0.005,
    "remaining_quantity": 0.005
  },
  {
    "event_id": "1d232695f3e8879730a38f8d53a52410aecc522072d02ba8e4e5e1489fee32f1",
    "schema_version": "1.0.0",
    "event_type": "agent_order",
    "source": "synthetic_agent",
    "symbol": "BTCUSDT",
    "exchange": "binance_usdm",
    "timestamp": "2024-05-01T00:00:28Z",
    "sequence": 28,
    "scenario_id": "scenario-301-twap_execution",
    "agent_id": "agent-twap_execution",
    "order_id": "scenario-301-twap_execution-agent-twap_execution-28",
    "action": "new",
    "side": "buy",
    "price": 65268.349500000004,
    "quantity": 0.005,
    "remaining_quantity": 0.005
  },
  {
    "event_id": "baf254ec9746ce23576632f0144736c8c7b445cd61a06ac013f8e07643bfd636",
    "schema_version": "1.0.0",
    "event_type": "agent_order",
    "source": "synthetic_agent",
    "symbol": "BTCUSDT",
    "exchange": "binance_usdm",
    "timestamp": "2024-05-01T00:00:29Z",
    "sequence": 29,
    "scenario_id": "scenario-301-twap_execution",
    "agent_id": "agent-twap_execution",
    "order_id": "scenario-301-twap_execution-agent-twap_execution-29",
    "action": "new",
    "side": "buy",
    "price": 65268.349500000004,
    "quantity": 0.005,
    "remaining_quantity": 0.005
  }
]