[
  {
    "event_id": "abcb13420d474318a5a185a85430872655ac103052d078f5366c3830a18e63be",
    "schema_version": "1.0.0",
    "event_type": "agent_order",
    "source": "synthetic_agent",
    "symbol": "BTCUSDT",
    "exchange": "binance_usdm",
    "timestamp": "2024-05-01T00:00:00Z",
    "sequence": 0,
    "scenario_id": "scenario-548-latency_edge",
    "agent_id": "agent-latency_edge",
    "order_id": "scenario-548-latency_edge-agent-latency_edge-0",
    "action": "new",
    "side": "buy",
    "price": 65587.32879999999,
    "quantity": 0.006,
    "remaining_quantity": 0.006
  },
  {
    "event_id": "b8fd10ed42f83012efb42ed03b10e84b1776e1878d7af1605765014b5fb9ecf0",
    "schema_version": "1.0.0",
    "event_type": "agent_order",
    "source": "synthetic_agent",
    "symbol": "BTCUSDT",
    "exchange": "binance_usdm",
    "timestamp": "2024-05-01T00:00:00.008000Z",
    "sequence": 1,
    "scenario_id": "scenario-548-latency_edge",
    "agent_id": "agent-latency_edge",
    "order_id": "scenario-548-latency_edge-agent-latency_edge-1",
    "action": "new",
    "side": "buy",
    "price": 65587.32879999999,
    "quantity": 0.006,
    "remaining_quantity": 0.006
  },
  {
    "event_id": "54ec6382d8f1cd2b1446dfddb1728e4b71d700816de6a1a5d0b68f8bd8d626c2",
    "schema_version": "1.0.0",
    "event_type": "agent_order",
    "source": "synthetic_agent",
    "symbol": "BTCUSDT",
    "exchange": "binance_usdm",
    "timestamp": "2024-05-01T00:00:00.016000Z",
    "sequence": 2,
    "scenario_id": "scenario-548-latency_edge",
    "agent_id": "agent-latency_edge",
    "order_id": "scenario-548-latency_edge-agent-latency_edge-2",
    "action": "new",
    "side": "sell",
    "price": 65508.6712,
    "quantity": 0.006,
    "remaining_quantity": 0.006
  },
  {
    "event_id": "a4e204fedeea2e9d6cf59615080ebb287f23142ad3e0beb6cf8cafdc65247754",
    "schema_version": "1.0.0",
    "event_type": "agent_order",
    "source": "synthetic_agent",
    "symbol": "BTCUSDT",
    "exchange": "binance_usdm",
    "timestamp": "2024-05-01T00:00:00.024000Z",
    "sequence": 3,
    "scenario_id": "scenario-548-latency_edge",
    "agent_id": "agent-latency_edge",
    "order_id": "scenario-548-latency_edge-agent-latency_edge-3",
    "action": "new",
    "side": "sell",
    "price": 65508.6712,
    "quantity": 0.006,
    "remaining_quantity": 0.006
  },
  {
    "event_id": "2d6f3a77d9e93080998369520c0d4a177ff45711ea2ef1b5e0691d6e82340914",
    "schema_version": "1.0.0",
    "event_type": "agent_order",
    "source": "synthetic_agent",
    "symbol": "BTCUSDT",
    "exchange": "binance_usdm",
    "timestamp": "2024-05-01T00:00:00.032000Z",
    "sequence": 4,
    "scenario_id": "scenario-548-latency_edge",
    "agent_id": "agent-latency_edge",
    "order_id": "scenario-548-latency_edge-agent-latency_edge-4",
    "action": "new",
    "side": "buy",
    "price": 65587.32879999999,
    "quantity": 0.006,
    "remaining_quantity": 0.006
  },
  {
    "event_id": "28369989ed8b3f04087c8fcdc583158fce30659fb32a4255b464e2d589cdc5b3",
    "schema_version": "1.0.0",
    "event_type": "agent_order",
    "source": "synthetic_agent",
    "symbol": "BTCUSDT",
    "exchange": "binance_usdm",
    "timestamp": "2024-05-01T00:00:00.040000Z",
    "sequence": 5,
    "scenario_id": "scenario-548-latency_edge",
    "agent_id": "agent-latency_edge",
    "order_id": "scenario-548-latency_edge-agent-latency_edge-5",
    "action": "new",
    "side": "buy",
    "price": 65587.32879999999,
    "quantity": 0.006,
    "remaining_quantity": 0.006
  },
  {
    "event_id": "3f7c1017ff81d2295ddca4b35bd7e65189fed488370d37e0e1608d02352540ff",
    "schema_version": "1.0.0",
    "event_type": "agent_order",
    "source": "synthetic_agent",
    "symbol": "BTCUSDT",
    "exchange": "binance_usdm",
    "timestamp": "2024-05-01T00:00:00.048000Z",
    "sequence": 6,
    "scenario_id": "scenario-548-latency_edge",
    "agent_id": "agent-latency_edge",
    "order_id": "scenario-548-latency_edge-agent-latency_edge-6",
    "action": "new",
    "side": "sell",
    "price": 65508.6712,
    "quantity": 0.006,
    "remaining_quantity": 0.006
  },
  {
    "event_id": "3258ad96d8dc8fc35527a6ba16047dfb912e68f4bcb3839eda18846ac7cf3db3",
    "schema_version": "1.0.0",
    "event_type": "agent_order",
    "source": "synthetic_agent",
    "symbol": "BTCUSDT",
    "exchange": "binance_usdm",
    "timestamp": "2024-05-01T00:00:00.056000Z",
    "sequence": 7,
    "scenario_id": "scenario-548-latency_edge",
    "agent_id": "agent-latency_edge",
    "order_id": "scenario-548-latency_edge-agent-latency_edge-7",
    "action": "new",
    "side": "sell",
    "price": 65508.6712,
    "quantity": 0.006,
    "remaining_quantity": 0.006
  },
  {
    "event_id": "09618a6c598299de000b39f9ab43159f6c408c1fd3e1ce4c349c33c1446967b7",
    "schema_version": "1.0.0",
    "event_type": "agent_order",
    "source": "synthetic_agent",
    "symbol": "BTCUSDT",
    "exchange": "binance_usdm",
    "timestamp": "2024-05-01T00:00:00.064000Z",
    "sequence": 8,
    "scenario_id": "scenario-548-latency_edge",
    "agent_id": "agent-latency_edge",
    "order_id": "scenario-548-latency_edge-agent-latency_edge-8",
    "action": "new",
    "side": "buy",
    "price": 65587.32879999999,
    "quantity": 0.006,
    "remaining_quantity": 0.006
  },
  {
    "event_id": "2a41ed99303dc2c09f3625696736103ea540814185714fb6c04c7ba8bd302588",
    "schema_version": "1.0.0",
    "event_type": "agent_order",
    "source": "synthetic_agent",
    "symbol": "BTCUSDT",
    "exchange": "binance_usdm",
    "timestamp": "2024-05-01T00:00:00.072000Z",
    "sequence": 9,
    "scenario_id": "scenario-548-latency_edge",
    "agent_id": "agent-latency_edge",
    "order_id": "scenario-548-latency_edge-agent-latency_edge-9",
    "action": "new",
    "side": "buy",
    "price": 65587.32879999999,
    "quantity": 0.006,
    "remaining_quantity": 0.006
  },
  {
    "event_id": "f3858e39a101e0c5aef5e8b2672e450bd78a45e7821f3a0903af5a014a127df6",
    "schema_version": "1.0.0",
    "event_type": "agent_order",
    "source": "synthetic_agent",
    "symbol": "BTCUSDT",
    "exchange": "binance_usdm",
    "timestamp": "2024-05-01T00:00:00.080000Z",
    "sequence": 10,
    "scenario_id": "scenario-548-latency_edge",
    "agent_id": "agent-latency_edge",
    "order_id": "scenario-548-latency_edge-agent-latency_edge-10",
    "action": "new",
    "side": "sell",
    "price": 65508.6712,
    "quantity": 0.006,
    "remaining_quantity": 0.006
  },
  {
    "event_id": "f9fac87315e355f7dcbfffb44f1281c415ffae755f9a09d890411cde411af55e",
    "schema_version": "1.0.0",
    "event_type": "agent_order",
    "source": "synthetic_agent",
    "symbol": "BTCUSDT",
    "exchange": "binance_usdm",
    "timestamp": "2024-05-01T00:00:00.088000Z",
    "sequence": 11,
    "scenario_id": "scenario-548-latency_edge",
    "agent_id": "agent-latency_edge",
    "order_id": "scenario-548-latency_edge-agent-latency_edge-11",
    "action": "new",
    "side": "sell",
    "price": 65508.6712,
    "quantity": 0.006,
    "remaining_quantity": 0.006
  },
  {
    "event_id": "b2eed4f3fc7d2e99234484b76346ee06b07904f914b15832f938c3756587de15",
    "schema_version": "1.0.0",
    "event_type": "agent_order",
    "source": "synthetic_agent",
    "symbol": "BTCUSDT",
    "exchange": "binance_usdm",
    "timestamp": "2024-05-01T00:00:00.096000Z",
    "sequence": 12,
    "scenario_id": "scenario-548-latency_edge",
    "agent_id": "agent-latency_edge",
    "order_id": "scenario-548-latency_edge-agent-latency_edge-12",
    "action": "new",
    "side": "buy",
    "price": 65587.32879999999,
    "quantity": 0.006,
    "remaining_quantity": 0.006
  },
  {
    "event_id": "4b9304de2a4e5e1c74f6b96703f2395b043f5646045a75247b46ce717120e4c1",
    "schema_version": "1.0.0",
    "event_type": "agent_order",
    "source": "synthetic_agent",
    "symbol": "BTCUSDT",
    "exchange": "binance_usdm",
    "timestamp": "2024-05-01T00:00:00.104000Z",
    "sequence": 13,
    "scenario_id": "scenario-548-latency_edge",
    "agent_id": "agent-latency_edge",
    "order_id": "scenario-548-latency_edge-agent-latency_edge-13",
    "action": "new",
    "side": "buy",
    "price": 65587.32879999999,
    "quantity": 0.006,
    "remaining_quantity": 0.006
  },
  {
    "event_id": "c1b4cb7297783b24c8feac5734d057f7b1f924d73449ac53fc6265109835e4a0",
    "schema_version": "1.0.0",
    "event_type": "agent_order",
    "source": "synthetic_agent",
    "symbol": "BTCUSDT",
    "exchange": "binance_usdm",
    "timestamp": "2024-05-01T00:00:00.112000Z",
    "sequence": 14,
    "scenario_id": "scenario-548-latency_edge",
    "agent_id": "agent-latency_edge",
    "order_id": "scenario-548-latency_edge-agent-latency_edge-14",
    "action": "new",
    "side": "sell",
    "price": 65508.6712,
    "quantity": 0.006,
    "remaining_quantity": 0.006
  },
  {
    "event_id": "027528debe831ddbd15d80df3409d252c553fae072105ef4cf2279a64f2be7dc",
    "schema_version": "1.0.0",
    "event_type": "agent_order",
    "source": "synthetic_agent",
    "symbol": "BTCUSDT",
    "exchange": "binance_usdm",
    "timestamp": "2024-05-01T00:00:00.120000Z",
    "sequence": 15,
    "scenario_id": "scenario-548-latency_edge",
    "agent_id": "agent-latency_edge",
    "order_id": "scenario-548-latency_edge-agent-latency_edge-15",
    "action": "new",
    "side": "sell",
    "price": 65508.6712,
    "quantity": 0.006,
    "remaining_quantity": 0.006
  },
  {
    "event_id": "b550251bf7c411db4b9c800badfe430f6341214263d4d603dabb4626e32123ca",
    "schema_version": "1.0.0",
    "event_type": "agent_order",
    "source": "synthetic_agent",
    "symbol": "BTCUSDT",
    "exchange": "binance_usdm",
    "timestamp": "2024-05-01T00:00:00.128000Z",
    "sequence": 16,
    "scenario_id": "scenario-548-latency_edge",
    "agent_id": "agent-latency_edge",
    "order_id": "scenario-548-latency_edge-agent-latency_edge-16",
    "action": "new",
    "side": "buy",
    "price": 65587.32879999999,
    "quantity": 0.006,
    "remaining_quantity": 0.006
  },
  {
    "event_id": "0f2348a3ed14606fa79ca411e71595401093ff84b685055b52a0b0c682b1168a",
    "schema_version": "1.0.0",
    "event_type": "agent_order",
    "source": "synthetic_agent",
    "symbol": "BTCUSDT",
    "exchange": "binance_usdm",
    "timestamp": "2024-05-01T00:00:00.136000Z",
    "sequence": 17,
    "scenario_id": "scenario-548-latency_edge",
    "agent_id": "agent-latency_edge",
    "order_id": "scenario-548-latency_edge-agent-latency_edge-17",
    "action": "new",
    "side": "buy",
    "price": 65587.32879999999,
    "quantity": 0.006,
    "remaining_quantity": 0.006
  },
  {
    "event_id": "fc40895f410a306673cf72b277124de637f4496c202957d8a9cb17677070aab9",
    "schema_version": "1.0.0",
    "event_type": "agent_order",
    "source": "synthetic_agent",
    "symbol": "BTCUSDT",
    "exchange": "binance_usdm",
    "timestamp": "2024-05-01T00:00:00.144000Z",
    "sequence": 18,
    "scenario_id": "scenario-548-latency_edge",
    "agent_id": "agent-latency_edge",
    "order_id": "scenario-548-latency_edge-agent-latency_edge-18",
    "action": "new",
    "side": "sell",
    "price": 65508.6712,
    "quantity": 0.006,
    "remaining_quantity": 0.006
  },
  {
    "event_id": "818efd6823a3b10af780ce5384dc8a158517f762f9249c1b30d511868828417c",
    "schema_version": "1.0.0",
    "event_type": "agent_order",
    "source": "synthetic_agent",
    "symbol": "BTCUSDT",
    "exchange": "binance_usdm",
    "timestamp": "2024-05-01T00:00:00.152000Z",
    "sequence": 19,
    "scenario_id": "scenario-548-latency_edge",
    "agent_id": "agent-latency_edge",
    "order_id": "scenario-548-latency_edge-agent-latency_edge-19",
    "action": "new",
    "side": "sell",
    "price": 65508.6712,
    "quantity": 0.006,
    "remaining_quantity": 0.006
  },
  {
    "event_id": "b4d523da454a57dffad83735eca9c82aa04bc69968253692c983f6f411cb1d89",
    "schema_version": "1.0.0",
    "event_type": "agent_order",
    "source": "synthetic_agent",
    "symbol": "BTCUSDT",
    "exchange": "binance_usdm",
    "timestamp": "2024-05-01T00:00:00.160000Z",
    "sequence": 20,
    "scenario_id": "scenario-548-latency_edge",
    "agent_id": "agent-latency_edge",
    "order_id": "scenario-548-latency_edge-agent-latency_edge-20",
    "action": "new",
    "side": "buy",
    "price": 65587.32879999999,
    "quantity": 0.006,
    "remaining_quantity": 0.006
  },
  {
    "event_id": "1e30d165175bc6e946488e1ea1aa46def908c660f7ac7112b3ea10f94dac20b7",
    "schema_version": "1.0.0",
    "event_type": "agent_order",
    "source": "synthetic_agent",
    "symbol": "BTCUSDT",
    "exchange": "binance_usdm",
    "timestamp": "2024-05-01T00:00:00.168000Z",
    "sequence": 21,
    "scenario_id": "scenario-548-latency_edge",
    "agent_id": "agent-latency_edge",
    "order_id": "scenario-548-latency_edge-agent-latency_edge-21",
    "action": "new",
    "side": "buy",
    "price": 65587.32879999999,
    "quantity": 0.006,
    "remaining_quantity": 0.006
  },
  {
    "event_id": "acd4549a6bbabf3ee8e38ea9c6e58799138abff2a06a3ed162d762a8487f3c45",
    "schema_version": "1.0.0",
    "event_type": "agent_order",
    "source": "synthetic_agent",
    "symbol": "BTCUSDT",
    "exchange": "binance_usdm",
    "timestamp": "2024-05-01T00:00:00.176000Z",
    "sequence": 22,
    "scenario_id": "scenario-548-latency_edge",
    "agent_id": "agent-latency_edge",
    "order_id": "scenario-548-latency_edge-agent-latency_edge-22",
    "action": "new",
    "side": "sell",
    "price": 65508.6712,
    "quantity": 0.006,
    "remaining_quantity": 0.006
  },
  {
    "event_id": "ac6586a2b705bc645d8a8709f2068959f7b644011929ef5c5255150286c3d3c1",
    "schema_version": "1.0.0",
    "event_type": "agent_order",
    "source": "synthetic_agent",
    "symbol": "BTCUSDT",
    "exchange": "binance_usdm",
    "timestamp": "2024-05-01T00:00:00.184000Z",
    "sequence": 23,
    "scenario_id": "scenario-548-latency_edge",
    "agent_id": "agent-latency_edge",
    "order_id": "scenario-548-latency_edge-agent-latency_edge-23",
    "action": "new",
    "side": "sell",
    "price": 65508.6712,
    "quantity": 0.006,
    "remaining_quantity": 0.006
  },
  {
    "event_id": "3b0fb657df9e390006c4600c71dbb0034d415b3d3ea694b23f62e490d23503d0",
    "schema_version": "1.0.0",
    "event_type": "agent_order",
    "source": "synthetic_agent",
    "symbol": "BTCUSDT",
    "exchange": "binance_usdm",
    "timestamp": "2024-05-01T00:00:00.192000Z",
    "sequence": 24,
    "scenario_id": "scenario-548-latency_edge",
    "agent_id": "agent-latency_edge",
    "order_id": "scenario-548-latency_edge-agent-latency_edge-24",
    "action": "new",
    "side": "buy",
    "price": 65587.32879999999,
    "quantity": 0.006,
    "remaining_quantity": 0.006
  },
  {
    "event_id": "7f006180d1d098c3b26d7afb465e14634dc2427880d0ac291fd4aac5fe341605",
    "schema_version": "1.0.0",
    "event_type": "agent_order",
    "source": "synthetic_agent",
    "symbol": "BTCUSDT",
    "exchange": "binance_usdm",
    "timestamp": "2024-05-01T00:00:00.200000Z",
    "sequence": 25,
    "scenario_id": "scenario-548-latency_edge",
    "agent_id": "agent-latency_edge",
    "order_id": "scenario-548-latency_edge-agent-latency_edge-25",
    "action": "new",
    "side": "buy",
    "price": 65587.32879999999,
    "quantity": 0.006,
    "remaining_quantity": 0.006
  },
  {
    "event_id": "946c77f9733f4bf74b9a82dfb515fb8267176603cabaa84d7046c66107175bb0",
    "schema_version": "1.0.0",
    "event_type": "agent_order",
    "source": "synthetic_agent",
    "symbol": "BTCUSDT",
    "exchange": "binance_usdm",
    "timestamp": "2024-05-01T00:00:00.208000Z",
    "sequence": 26,
    "scenario_id": "scenario-548-latency_edge",
    "agent_id": "agent-latency_edge",
    "order_id": "scenario-548-latency_edge-agent-latency_edge-26",
    "action": "new",
    "side": "sell",
    "price": 65508.6712,
    "quantity": 0.006,
    "remaining_quantity": 0.006
  },
  {
    "event_id": "cbc45c501764983c2c2880f954b725f096929a90b8a61a719c7713b99ed14914",
    "schema_version": "1.0.0",
    "event_type": "agent_order",
    "source": "synthetic_agent",
    "symbol": "BTCUSDT",
    "exchange": "binance_usdm",
    "timestamp": "2024-05-01T00:00:00.216000Z",
    "sequence": 27,
    "scenario_id": "scenario-548-latency_edge",
    "agent_id": "agent-latency_edge",
    "order_id": "scenario-548-latency_edge-agent-latency_edge-27",
    "action": "new",
    "side": "sell",
    "price": 65508.6712,
    "quantity": 0.006,
    "remaining_quantity": 0.006
  },
  {
    "event_id": "a180dfa297d9102d457912d56fd8031bef8af63621ee181a208c9029ac3cbee5",
    "schema_version": "1.0.0",
    "event_type": "agent_order",
    "source": "synthetic_agent",
    "symbol": "BTCUSDT",
    "exchange": "binance_usdm",
    "timestamp": "2024-05-01T00:00:00.224000Z",
    "sequence": 28,
    "scenario_id": "scenario-548-latency_edge",
    "agent_id": "agent-latency_edge",
    "order_id": "scenario-548-latency_edge-agent-latency_edge-28",
    "action": "new",
    "side": "buy",
    "price": 65587.32879999999,
    "quantity": 0.006,
    "remaining_quantity": 0.006
  },
  {
    "event_id": "b079d02bc5f5e54a5078cf4482343f99bf9b80671cb6838606d29e40e6438364",
    "schema_version": "1.0.0",
    "event_type": "agent_order",
    "source": "synthetic_agent",
    "symbol": "BTCUSDT",
    "exchange": "binance_usdm",
    "timestamp": "2024-05-01T00:00:00.232000Z",
    "sequence": 29,
    "scenario_id": "scenario-548-latency_edge",
    "agent_id": "agent-latency_edge",
    "order_id": "scenario-548-latency_edge-agent-latency_edge-29",
    "action": "new",
    "side": "buy",
    "price": 65587.32879999999,
    "quantity": 0.006,
    "remaining_quantity": 0.006
  }
]