[
  {
    "event_id": "d3ba3bd5cc2092ec7bb160b54cb6500d9fdadba3def44bbc28e411666d6d63c6",
    "schema_version": "1.0.0",
    "event_type": "agent_order",
    "source": "synthetic_agent",
    "symbol": "BTCUSDT",
    "exchange": "binance_usdm",
    "timestamp": "2024-05-01T00:00:00Z",
    "sequence": 0,
    "scenario_id": "scenario-499-coordinated_burst",
    "agent_id": "agent-coordinated_burst-0",
    "order_id": "scenario-499-coordinated_burst-agent-coordinated_burst-0-0",
    "action": "new",
    "side": "buy",
    "price": 65512.099799999996,
    "quantity": 0.04,
    "remaining_quantity": 0.04
  },
  {
    "event_id": "b2ab11fde2bd04bd067a1a0f5dfdb08c05316b0519ec686f391133984e407006",
    "schema_version": "1.0.0",
    "event_type": "agent_order",
    "source": "synthetic_agent",
    "symbol": "BTCUSDT",
    "exchange": "binance_usdm",
    "timestamp": "2024-05-01T00:00:00.012000Z",
    "sequence": 1,
    "scenario_id": "scenario-499-coordinated_burst",
    "agent_id": "agent-coordinated_burst-1",
    "order_id": "scenario-499-coordinated_burst-agent-coordinated_burst-1-1",
    "action": "new",
    "side": "sell",
    "price": 65485.900200000004,
    "quantity": 0.04,
    "remaining_quantity": 0.04
  },
  {
    "event_id": "465db1c624ebd33fab960c6441c9d89321a47b1d90b0e2fad86854a7415646b9",
    "schema_version": "1.0.0",
    "event_type": "agent_order",
    "source": "synthetic_agent",
    "symbol": "BTCUSDT",
    "exchange": "binance_usdm",
    "timestamp": "2024-05-01T00:00:00.024000Z",
    "sequence": 2,
    "scenario_id": "scenario-499-coordinated_burst",
    "agent_id": "agent-coordinated_burst-2",
    "order_id": "scenario-499-coordinated_burst-agent-coordinated_burst-2-2",
    "action": "new",
    "side": "sell",
    "price": 65485.900200000004,
    "quantity": 0.04,
    "remaining_quantity": 0.04
  },
  {
    "event_id": "36e57fe01f6802541ab3ad929af2c3bd54e1b35720916400cf5a8aa50a3b6d80",
    "schema_version": "1.0.0",
    "event_type": "agent_order",
    "source": "synthetic_agent",
    "symbol": "BTCUSDT",
    "exchange": "binance_usdm",
    "timestamp": "2024-05-01T00:00:00.036000Z",
    "sequence": 3,
    "scenario_id": "scenario-499-coordinated_burst",
    "agent_id": "agent-coordinated_burst-0",
    "order_id": "scenario-499-coordinated_burst-agent-coordinated_burst-0-3",
    "action": "new",
    "side": "buy",
    "price": 65512.099799999996,
    "quantity": 0.04,
    "remaining_quantity": 0.04
  },
  {
    "event_id": "0a3b8f6822db7e6b50626eec88642f53bcf6deda56281cf365e01ac3c10ae3e9",
    "schema_version": "1.0.0",
    "event_type": "agent_order",
    "source": "synthetic_agent",
    "symbol": "BTCUSDT",
    "exchange": "binance_usdm",
    "timestamp": "2024-05-01T00:00:00.048000Z",
    "sequence": 4,
    "scenario_id": "scenario-499-coordinated_burst",
    "agent_id": "agent-coordinated_burst-1",
    "order_id": "scenario-499-coordinated_burst-agent-coordinated_burst-1-4",
    "action": "new",
    "side": "sell",
    "price": 65485.900200000004,
    "quantity": 0.04,
    "remaining_quantity": 0.04
  },
  {
    "event_id": "495e5bfcbd1e3337b6e11e7ad7a753c7e6ccf986f6b397c2d9b46ed69cd7aa15",
    "schema_version": "1.0.0",
    "event_type": "agent_order",
    "source": "synthetic_agent",
    "symbol": "BTCUSDT",
    "exchange": "binance_usdm",
    "timestamp": "2024-05-01T00:00:00.600000Z",
    "sequence": 5,
    "scenario_id": "scenario-499-coordinated_burst",
    "agent_id": "agent-coordinated_burst-2",
    "order_id": "scenario-499-coordinated_burst-agent-coordinated_burst-2-5",
    "action": "new",
    "side": "sell",
    "price": 65485.900200000004,
    "quantity": 0.04,
    "remaining_quantity": 0.04
  },
  {
    "event_id": "9c1243690561bcb13f0c7d6b608f6708c1af615d42195a6207f51a07dab6c3b8",
    "schema_version": "1.0.0",
    "event_type": "agent_order",
    "source": "synthetic_agent",
    "symbol": "BTCUSDT",
    "exchange": "binance_usdm",
    "timestamp": "2024-05-01T00:00:00.072000Z",
    "sequence": 6,
    "scenario_id": "scenario-499-coordinated_burst",
    "agent_id": "agent-coordinated_burst-0",
    "order_id": "scenario-499-coordinated_burst-agent-coordinated_burst-0-6",
    "action": "new",
    "side": "buy",
    "price": 65512.099799999996,
    "quantity": 0.04,
    "remaining_quantity": 0.04
  },
  {
    "event_id": "4a9b9ceddeb5b134bb0da695ba6cf687b85949cc9c7bc5b9eb375acca11036ee",
    "schema_version": "1.0.0",
    "event_type": "agent_order",
    "source": "synthetic_agent",
    "symbol": "BTCUSDT",
    "exchange": "binance_usdm",
    "timestamp": "2024-05-01T00:00:00.084000Z",
    "sequence": 7,
    "scenario_id": "scenario-499-coordinated_burst",
    "agent_id": "agent-coordinated_burst-1",
    "order_id": "scenario-499-coordinated_burst-agent-coordinated_burst-1-7",
    "action": "new",
    "side": "sell",
    "price": 65485.900200000004,
    "quantity": 0.04,
    "remaining_quantity": 0.04
  },
  {
    "event_id": "d50d03a97222c2dc7a230c5a505326ad948266d50cb58f8ed657279cbcf4901d",
    "schema_version": "1.0.0",
    "event_type": "agent_order",
    "source": "synthetic_agent",
    "symbol": "BTCUSDT",
    "exchange": "binance_usdm",
    "timestamp": "2024-05-01T00:00:00.096000Z",
    "sequence": 8,
    "scenario_id": "scenario-499-coordinated_burst",
    "agent_id": "agent-coordinated_burst-2",
    "order_id": "scenario-499-coordinated_burst-agent-coordinated_burst-2-8",
    "action": "new",
    "side": "sell",
    "price": 65485.900200000004,
    "quantity": 0.04,
    "remaining_quantity": 0.04
  },
  {
    "event_id": "6306873c6d903723cdc45c79d0537ce15be36a59f99bf33b927435bcc3b4dd8b",
    "schema_version": "1.0.0",
    "event_type": "agent_order",
    "source": "synthetic_agent",
    "symbol": "BTCUSDT",
    "exchange": "binance_usdm",
    "timestamp": "2024-05-01T00:00:00.108000Z",
    "sequence": 9,
    "scenario_id": "scenario-499-coordinated_burst",
    "agent_id": "agent-coordinated_burst-0",
    "order_id": "scenario-499-coordinated_burst-agent-coordinated_burst-0-9",
    "action": "new",
    "side": "buy",
    "price": 65512.099799999996,
    "quantity": 0.04,
    "remaining_quantity": 0.04
  },
  {
    "event_id": "7e1f1f50c7ae639cbf62c194d421fecc308703f8645d7235505af0ce569afff8",
    "schema_version": "1.0.0",
    "event_type": "agent_order",
    "source": "synthetic_agent",
    "symbol": "BTCUSDT",
    "exchange": "binance_usdm",
    "timestamp": "2024-05-01T00:00:01.200000Z",
    "sequence": 10,
    "scenario_id": "scenario-499-coordinated_burst",
    "agent_id": "agent-coordinated_burst-1",
    "order_id": "scenario-499-coordinated_burst-agent-coordinated_burst-1-10",
    "action": "new",
    "side": "sell",
    "price": 65485.900200000004,
    "quantity": 0.04,
    "remaining_quantity": 0.04
  },
  {
    "event_id": "c9b5d2a64df6934defec38262064833e99436cd146dbb0b7dfc2381793da819b",
    "schema_version": "1.0.0",
    "event_type": "agent_order",
    "source": "synthetic_agent",
    "symbol": "BTCUSDT",
    "exchange": "binance_usdm",
    "timestamp": "2024-05-01T00:00:00.132000Z",
    "sequence": 11,
    "scenario_id": "scenario-499-coordinated_burst",
    "agent_id": "agent-coordinated_burst-2",
    "order_id": "scenario-499-coordinated_burst-agent-coordinated_burst-2-11",
    "action": "new",
    "side": "sell",
    "price": 65485.900200000004,
    "quantity": 0.04,
    "remaining_quantity": 0.04
  },
  {
    "event_id": "8401389472007ee2c32120798dc34ec147a05a9af4b5e89d2bdc935205271275",
    "schema_version": "1.0.0",
    "event_type": "agent_order",
    "source": "synthetic_agent",
    "symbol": "BTCUSDT",
    "exchange": "binance_usdm",
    "timestamp": "2024-05-01T00:00:00.144000Z",
    "sequence": 12,
    "scenario_id": "scenario-499-coordinated_burst",
    "agent_id": "agent-coordinated_burst-0",
    "order_id": "scenario-499-coordinated_burst-agent-coordinated_burst-0-12",
    "action": "new",
    "side": "buy",
    "price": 65512.099799999996,
    "quantity": 0.04,
    "remaining_quantity": 0.04
  },
  {
    "event_id": "16f195c3e68292fd2378a6c4304a92837dfbb15903cf01ba9633a0e7ecaae4e1",
    "schema_version": "1.0.0",
    "event_type": "agent_order",
    "source": "synthetic_agent",
    "symbol": "BTCUSDT",
    "exchange": "binance_usdm",
    "timestamp": "2024-05-01T00:00:00.156000Z",
    "sequence": 13,
    "scenario_id": "scenario-499-coordinated_burst",
    "agent_id": "agent-coordinated_burst-1",
    "order_id": "scenario-499-coordinated_burst-agent-coordinated_burst-1-13",
    "action": "new",
    "side": "sell",
    "price": 65485.900200000004,
    "quantity": 0.04,
    "remaining_quantity": 0.04
  },
  {
    "event_id": "816094ba174869d556407131fd32702a6ed1e5e28a69f315f58e3a1cb8f809ac",
    "schema_version": "1.0.0",
    "event_type": "agent_order",
    "source": "synthetic_agent",
    "symbol": "BTCUSDT",
    "exchange": "binance_usdm",
    "timestamp": "2024-05-01T00:00:00.168000Z",
    "sequence": 14,
    "scenario_id": "scenario-499-coordinated_burst",
    "agent_id": "agent-coordinated_burst-2",
    "order_id": "scenario-499-coordinated_burst-agent-coordinated_burst-2-14",
    "action": "new",
    "side": "sell",
    "price": 65485.900200000004,
    "quantity": 0.04,
    "remaining_quantity": 0.04
  },
  {
    "event_id": "554c919fe8f8c46bf05295f758aa33789fa88d592178da7ebc4030cadef45ab4",
    "schema_version": "1.0.0",
    "event_type": "agent_order",
    "source": "synthetic_agent",
    "symbol": "BTCUSDT",
    "exchange": "binance_usdm",
    "timestamp": "2024-05-01T00:00:01.800000Z",
    "sequence": 15,
    "scenario_id": "scenario-499-coordinated_burst",
    "agent_id": "agent-coordinated_burst-0",
    "order_id": "scenario-499-coordinated_burst-agent-coordinated_burst-0-15",
    "action": "new",
    "side": "buy",
    "price": 65512.099799999996,
    "quantity": 0.04,
    "remaining_quantity": 0.04
  },
  {
    "event_id": "5c291745027cf311af3c900e76d9dc768c013a02ca6e93ed4baed726c173d6d7",
    "schema_version": "1.0.0",
    "event_type": "agent_order",
    "source": "synthetic_agent",
    "symbol": "BTCUSDT",
    "exchange": "binance_usdm",
    "timestamp": "2024-05-01T00:00:00.192000Z",
    "sequence": 16,
    "scenario_id": "scenario-499-coordinated_burst",
    "agent_id": "agent-coordinated_burst-1",
    "order_id": "scenario-499-coordinated_burst-agent-coordinated_burst-1-16",
    "action": "new",
    "side": "sell",
    "price": 65485.900200000004,
    "quantity": 0.04,
    "remaining_quantity": 0.04
  },
  {
    "event_id": "a9ada3f8eaa699a5cf745cfb0a876de31b1e1beb6835f8b4f09f19dec313f3e9",
    "schema_version": "1.0.0",
    "event_type": "agent_order",
    "source": "synthetic_agent",
    "symbol": "BTCUSDT",
    "exchange": "binance_usdm",
    "timestamp": "2024-05-01T00:00:00.204000Z",
    "sequence": 17,
    "scenario_id": "scenario-499-coordinated_burst",
    "agent_id": "agent-coordinated_burst-2",
    "order_id": "scenario-499-coordinated_burst-agent-coordinated_burst-2-17",
    "action": "new",
    "side": "sell",
    "price": 65485.900200000004,
    "quantity": 0.04,
    "remaining_quantity": 0.04
  },
  {
    "event_id": "dbee3972e175deb59539ba978c528c17ac3dbc3a9a35691c6bc5bf1fbe0458f8",
    "schema_version": "1.0.0",
    "event_type": "agent_order",
    "source": "synthetic_agent",
    "symbol": "BTCUSDT",
    "exchange": "binance_usdm",
    "timestamp": "2024-05-01T00:00:00.216000Z",
    "sequence": 18,
    "scenario_id": "scenario-499-coordinated_burst",
    "agent_id": "agent-coordinated_burst-0",
    "order_id": "scenario-499-coordinated_burst-agent-coordinated_burst-0-18",
    "action": "new",
    "side": "buy",
    "price": 65512.099799999996,
    "quantity": 0.04,
    "remaining_quantity": 0.04
  },
  {
    "event_id": "fa83a1fb85b14ed6682445955a05531c29f4d9b0de0340daaa0f625d4d1da88e",
    "schema_version": "1.0.0",
    "event_type": "agent_order",
    "source": "synthetic_agent",
    "symbol": "BTCUSDT",
    "exchange": "binance_usdm",
    "timestamp": "2024-05-01T00:00:00.228000Z",
    "sequence": 19,
    "scenario_id": "scenario-499-coordinated_burst",
    "agent_id": "agent-coordinated_burst-1",
    "order_id": "scenario-499-coordinated_burst-agent-coordinated_burst-1-19",
    "action": "new",
    "side": "sell",
    "price": 65485.900200000004,
    "quantity": 0.04,
    "remaining_quantity": 0.04
  },
  {
    "event_id": "2615c2e1a5c947a1c778b19f14ad6c7bd3bbd32ae87b378234e7de1682ac1c2c",
    "schema_version": "1.0.0",
    "event_type": "agent_order",
    "source": "synthetic_agent",
    "symbol": "BTCUSDT",
    "exchange": "binance_usdm",
    "timestamp": "2024-05-01T00:00:02.400000Z",
    "sequence": 20,
    "scenario_id": "scenario-499-coordinated_burst",
    "agent_id": "agent-coordinated_burst-2",
    "order_id": "scenario-499-coordinated_burst-agent-coordinated_burst-2-20",
    "action": "new",
    "side": "sell",
    "price": 65485.900200000004,
    "quantity": 0.04,
    "remaining_quantity": 0.04
  },
  {
    "event_id": "ee74bf85eda7d2463c58a5494d0d562db169767d69978bc84516e523c8c73493",
    "schema_version": "1.0.0",
    "event_type": "agent_order",
    "source": "synthetic_agent",
    "symbol": "BTCUSDT",
    "exchange": "binance_usdm",
    "timestamp": "2024-05-01T00:00:00.252000Z",
    "sequence": 21,
    "scenario_id": "scenario-499-coordinated_burst",
    "agent_id": "agent-coordinated_burst-0",
    "order_id": "scenario-499-coordinated_burst-agent-coordinated_burst-0-21",
    "action": "new",
    "side": "buy",
    "price": 65512.099799999996,
    "quantity": 0.04,
    "remaining_quantity": 0.04
  },
  {
    "event_id": "03a45cc84e62019c261adc9b22758a1a63c6b27ea34ca5e15ba986b2090a7c8c",
    "schema_version": "1.0.0",
    "event_type": "agent_order",
    "source": "synthetic_agent",
    "symbol": "BTCUSDT",
    "exchange": "binance_usdm",
    "timestamp": "2024-05-01T00:00:00.264000Z",
    "sequence": 22,
    "scenario_id": "scenario-499-coordinated_burst",
    "agent_id": "agent-coordinated_burst-1",
    "order_id": "scenario-499-coordinated_burst-agent-coordinated_burst-1-22",
    "action": "new",
    "side": "sell",
    "price": 65485.900200000004,
    "quantity": 0.04,
    "remaining_quantity": 0.04
  },
  {
    "event_id": "3c8ad03bc5fcad2904dd375de62ac0e91b1030936d142899d0b5bf2b61d08b27",
    "schema_version": "1.0.0",
    "event_type": "agent_order",
    "source": "synthetic_agent",
    "symbol": "BTCUSDT",
    "exchange": "binance_usdm",
    "timestamp": "2024-05-01T00:00:00.276000Z",
    "sequence": 23,
    "scenario_id": "scenario-499-coordinated_burst",
    "agent_id": "agent-coordinated_burst-2",
    "order_id": "scenario-499-coordinated_burst-agent-coordinated_burst-2-23",
    "action": "new",
    "side": "sell",
    "price": 65485.900200000004,
    "quantity": 0.04,
    "remaining_quantity": 0.04
  },
  {
    "event_id": "68354235be6bb6833327550a29b75836bba922e5c6372b258d306ee96501c5f1",
    "schema_version": "1.0.0",
    "event_type": "agent_order",
    "source": "synthetic_agent",
    "symbol": "BTCUSDT",
    "exchange": "binance_usdm",
    "timestamp": "2024-05-01T00:00:00.288000Z",
    "sequence": 24,
    "scenario_id": "scenario-499-coordinated_burst",
    "agent_id": "agent-coordinated_burst-0",
    "order_id": "scenario-499-coordinated_burst-agent-coordinated_burst-0-24",
    "action": "new",
    "side": "buy",
    "price": 65512.099799999996,
    "quantity": 0.04,
    "remaining_quantity": 0.04
  },
  {
    "event_id": "7b2caf63c7893f7b61e916da186c402909cd8e27898055333f8bb03d53322b95",
    "schema_version": "1.0.0",
    "event_type": "agent_order",
    "source": "synthetic_agent",
    "symbol": "BTCUSDT",
    "exchange": "binance_usdm",
    "timestamp": "2024-05-01T00:00:03Z",
    "sequence": 25,
    "scenario_id": "scenario-499-coordinated_burst",
    "agent_id": "agent-coordinated_burst-1",
    "order_id": "scenario-499-coordinated_burst-agent-coordinated_burst-1-25",
    "action": "new",
    "side": "sell",
    "price": 65485.900200000004,
    "quantity": 0.04,
    "remaining_quantity": 0.04
  },
  {
    "event_id": "ddbad333ce9c2a8e58b53f189fce3f5a640752eec05a98daa9b6dabe26c309a1",
    "schema_version": "1.0.0",
    "event_type": "agent_order",
    "source": "synthetic_agent",
    "symbol": "BTCUSDT",
    "exchange": "binance_usdm",
    "timestamp": "2024-05-01T00:00:00.312000Z",
    "sequence": 26,
    "scenario_id": "scenario-499-coordinated_burst",
    "agent_id": "agent-coordinated_burst-2",
    "order_id": "scenario-499-coordinated_burst-agent-coordinated_burst-2-26",
    "action": "new",
    "side": "sell",
    "price": 65485.900200000004,
    "quantity": 0.04,
    "remaining_quantity": 0.04
  },
  {
    "event_id": "b8424ccb5d5583cbf82a1ca1e6f4265cbd6432caeb795f27ac9ed57ac5602067",
    "schema_version": "1.0.0",
    "event_type": "agent_order",
    "source": "synthetic_agent",
    "symbol": "BTCUSDT",
    "exchange": "binance_usdm",
    "timestamp": "2024-05-01T00:00:00.324000Z",
    "sequence": 27,
    "scenario_id": "scenario-499-coordinated_burst",
    "agent_id": "agent-coordinated_burst-0",
    "order_id": "scenario-499-coordinated_burst-agent-coordinated_burst-0-27",
    "action": "new",
    "side": "buy",
    "price": 65512.099799999996,
    "quantity": 0.04,
    "remaining_quantity": 0.04
  },
  {
    "event_id": "959e175306846937d736ae65fc740efad3887546ca6b25c5c00ab62cee72e86f",
    "schema_version": "1.0.0",
    "event_type": "agent_order",
    "source": "synthetic_agent",
    "symbol": "BTCUSDT",
    "exchange": "binance_usdm",
    "timestamp": "2024-05-01T00:00:00.336000Z",
    "sequence": 28,
    "scenario_id": "scenario-499-coordinated_burst",
    "agent_id": "agent-coordinated_burst-1",
    "order_id": "scenario-499-coordinated_burst-agent-coordinated_burst-1-28",
    "action": "new",
    "side": "sell",
    "price": 65485.900200000004,
    "quantity": 0.04,
    "remaining_quantity": 0.04
  },
  {
    "event_id": "f4b14babf7c2c43994d97c26c1669053500c0672fa2240a355450bc1d192d408",
    "schema_version": "1.0.0",
    "event_type": "agent_order",
    "source": "synthetic_agent",
    "symbol": "BTCUSDT",
    "exchange": "binance_usdm",
    "timestamp": "2024-05-01T00:00:00.348000Z",
    "sequence": 29,
    "scenario_id": "scenario-499-coordinated_burst",
    "agent_id": "agent-coordinated_burst-2",
    "order_id": "scenario-499-coordinated_burst-agent-coordinated_burst-2-29",
    "action": "new",
    "side": "sell",
    "price": 65485.900200000004,
    "quantity": 0.04,
    "remaining_quantity": 0.04
  }
]