[
  {
    "event_id": "945b47b03721b45954152bf79eaedd445ca08ba691e833a7fa711025ea4617df",
    "schema_version": "1.0.0",
    "event_type": "agent_order",
    "source": "synthetic_agent",
    "symbol": "BTCUSDT",
    "exchange": "binance_usdm",
    "timestamp": "2024-05-01T00:00:00Z",
    "sequence": 0,
    "scenario_id": "scenario-432-passive_market_maker",
    "agent_id": "agent-passive_market_maker",
    "order_id": "scenario-432-passive_market_maker-agent-passive_market_maker-0",
    "action": "new",
    "side": "buy",
    "price": 65366.568,
    "quantity": 0.01,
    "remaining_quantity": 0.01
  },
  {
    "event_id": "b29084699a2cf855f5338fbda64798af14c9710210553f480bf1557879a4707c",
    "schema_version": "1.0.0",
    "event_type": "agent_order",
    "source": "synthetic_agent",
    "symbol": "BTCUSDT",
    "exchange": "binance_usdm",
    "timestamp": "2024-05-01T00:00:00.100000Z",
    "sequence": 1,
    "scenario_id": "scenario-432-passive_market_maker",
    "agent_id": "agent-passive_market_maker",
    "order_id": "scenario-432-passive_market_maker-agent-passive_market_maker-1",
    "action": "new",
    "side": "sell",
    "price": 65497.43199999999,
    "quantity": 0.01,
    "remaining_quantity": 0.01
  },
  {
    "event_id": "76882bfa0365f9a911c02b4606f39c1c0a04b8f646d60831b7d28c8bcb789792",
    "schema_version": "1.0.0",
    "event_type": "agent_order",
    "source": "synthetic_agent",
    "symbol": "BTCUSDT",
    "exchange": "binance_usdm",
    "timestamp": "2024-05-01T00:00:00.200000Z",
    "sequence": 2,
    "scenario_id": "scenario-432-passive_market_maker",
    "agent_id": "agent-passive_market_maker",
    "order_id": "scenario-432-passive_market_maker-agent-passive_market_maker-2",
    "action": "new",
    "side": "buy",
    "price": 65366.568,
    "quantity": 0.01,
    "remaining_quantity": 0.01
  },
  {
    "event_id": "5a72e8a87212451206d672a36e838c000d42259ff009e606d8c63c56c97528d8",
    "schema_version": "1.0.0",
    "event_type": "agent_order",
    "source": "synthetic_agent",
    "symbol": "BTCUSDT",
    "exchange": "binance_usdm",
    "timestamp": "2024-05-01T00:00:00.300000Z",
    "sequence": 3,
    "scenario_id": "scenario-432-passive_market_maker",
    "agent_id": "agent-passive_market_maker",
    "order_id": "scenario-432-passive_market_maker-agent-passive_market_maker-3",
    "action": "new",
    "side": "sell",
    "price": 65497.43199999999,
    "quantity": 0.01,
    "remaining_quantity": 0.01
  },
  {
    "event_id": "20b9363e43603d3082ac249714f8b0163d163819f8c6696d0c8e005a6ebc4f40",
    "schema_version": "1.0.0",
    "event_type": "agent_order",
    "source": "synthetic_agent",
    "symbol": "BTCUSDT",
    "exchange": "binance_usdm",
    "timestamp": "2024-05-01T00:00:00.400000Z",
    "sequence": 4,
    "scenario_id": "scenario-432-passive_market_maker",
    "agent_id": "agent-passive_market_maker",
    "order_id": "scenario-432-passive_market_maker-agent-passive_market_maker-4",
    "action": "new",
    "side": "buy",
    "price": 65366.568,
    "quantity": 0.01,
    "remaining_quantity": 0.01
  },
  {
    "event_id": "46f9785c2c4f6a183db540114e7f74d1e163301f34f191e0e863a8e7c582a782",
    "schema_version": "1.0.0",
    "event_type": "agent_order",
    "source": "synthetic_agent",
    "symbol": "BTCUSDT",
    "exchange": "binance_usdm",
    "timestamp": "2024-05-01T00:00:00.500000Z",
    "sequence": 5,
    "scenario_id": "scenario-432-passive_market_maker",
    "agent_id": "agent-passive_market_maker",
    "order_id": "scenario-432-passive_market_maker-agent-passive_market_maker-5",
    "action": "new",
    "side": "sell",
    "price": 65497.43199999999,
    "quantity": 0.01,
    "remaining_quantity": 0.01
  },
  {
    "event_id": "78615b35e2d97fd460763ab9d6abab77dd7d553438243057ea6ed8fd5e462fbc",
    "schema_version": "1.0.0",
    "event_type": "agent_order",
    "source": "synthetic_agent",
    "symbol": "BTCUSDT",
    "exchange": "binance_usdm",
    "timestamp": "2024-05-01T00:00:00.600000Z",
    "sequence": 6,
    "scenario_id": "scenario-432-passive_market_maker",
    "agent_id": "agent-passive_market_maker",
    "order_id": "scenario-432-passive_market_maker-agent-passive_market_maker-6",
    "action": "new",
    "side": "buy",
    "price": 65366.568,
    "quantity": 0.01,
    "remaining_quantity": 0.01
  },
  {
    "event_id": "0743dd7f88a80677e8aba9aa3370cfb6debc32912dc287aa9afb61f1554c21d8",
    "schema_version": "1.0.0",
    "event_type": "agent_order",
    "source": "synthetic_agent",
    "symbol": "BTCUSDT",
    "exchange": "binance_usdm",
    "timestamp": "2024-05-01T00:00:00.700000Z",
    "sequence": 7,
    "scenario_id": "scenario-432-passive_market_maker",
    "agent_id": "agent-passive_market_maker",
    "order_id": "scenario-432-passive_market_maker-agent-passive_market_maker-7",
    "action": "new",
    "side": "sell",
    "price": 65497.43199999999,
    "quantity": 0.01,
    "remaining_quantity": 0.01
  },
  {
    "event_id": "a76e67a45d8312ed1fb218a82fb5b400fd947ddfed1c8d12eb900e9fb8578e76",
    "schema_version": "1.0.0",
    "event_type": "agent_order",
    "source": "synthetic_agent",
    "symbol": "BTCUSDT",
    "exchange": "binance_usdm",
    "timestamp": "2024-05-01T00:00:00.800000Z",
    "sequence": 8,
    "scenario_id": "scenario-432-passive_market_maker",
    "agent_id": "agent-passive_market_maker",
    "order_id": "scenario-432-passive_market_maker-agent-passive_market_maker-8",
    "action": "new",
    "side": "buy",
    "price": 65366.568,
    "quantity": 0.01,
    "remaining_quantity": 0.01
  },
  {
    "event_id": "e79593060206d414a347ab2adab1bd5617fb3af7bd8cce366f03c516bfda669e",
    "schema_version": "1.0.0",
    "event_type": "agent_order",
    "source": "synthetic_agent",
    "symbol": "BTCUSDT",
    "exchange": "binance_usdm",
    "timestamp": "2024-05-01T00:00:00.900000Z",
    "sequence": 9,
    "scenario_id": "scenario-432-passive_market_maker",
    "agent_id": "agent-passive_market_maker",
    "order_id": "scenario-432-passive_market_maker-agent-passive_market_maker-9",
    "action": "new",
    "side": "sell",
    "price": 65497.43199999999,
    "quantity": 0.01,
    "remaining_quantity": 0.01
  },
  {
    "event_id": "b1940b1c40a25f53266bb4ab2e22e044c9093f592880a46a95d331b8b06a7400",
    "schema_version": "1.0.0",
    "event_type": "agent_order",
    "source": "synthetic_agent",
    "symbol": "BTCUSDT",
    "exchange": "binance_usdm",
    "timestamp": "2024-05-01T00:00:01Z",
    "sequence": 10,
    "scenario_id": "scenario-432-passive_market_maker",
    "agent_id": "agent-passive_market_maker",
    "order_id": "scenario-432-passive_market_maker-agent-passive_market_maker-10",
    "action": "new",
    "side": "buy",
    "price": 65366.568,
    "quantity": 0.01,
    "remaining_quantity": 0.01
  },
  {
    "event_id": "6d33aa108d8b7f718471587652298b0b0deca1651d36317b295dd72251e7220e",
    "schema_version": "1.0.0",
    "event_type": "agent_order",
    "source": "synthetic_agent",
    "symbol": "BTCUSDT",
    "exchange": "binance_usdm",
    "timestamp": "2024-05-01T00:00:01.100000Z",
    "sequence": 11,
    "scenario_id": "scenario-432-passive_market_maker",
    "agent_id": "agent-passive_market_maker",
    "order_id": "scenario-432-passive_market_maker-agent-passive_market_maker-11",
    "action": "new",
    "side": "sell",
    "price": 65497.43199999999,
    "quantity": 0.01,
    "remaining_quantity": 0.01
  },
  {
    "event_id": "52c5600e9624d2b5ad345a3a94b60e42c942327ec66e82a6ecc12e5996e4c5ba",
    "schema_version": "1.0.0",
    "event_type": "agent_order",
    "source": "synthetic_agent",
    "symbol": "BTCUSDT",
    "exchange": "binance_usdm",
    "timestamp": "2024-05-01T00:00:01.200000Z",
    "sequence": 12,
    "scenario_id": "scenario-432-passive_market_maker",
    "agent_id": "agent-passive_market_maker",
    "order_id": "scenario-432-passive_market_maker-agent-passive_market_maker-12",
    "action": "new",
    "side": "buy",
    "price": 65366.568,
    "quantity": 0.01,
    "remaining_quantity": 0.01
  },
  {
    "event_id": "3d9acb936cae44031f5388a990eeb3f3251effedaa5dbe6fdf37668ef850bbc7",
    "schema_version": "1.0.0",
    "event_type": "agent_order",
    "source": "synthetic_agent",
    "symbol": "BTCUSDT",
    "exchange": "binance_usdm",
    "timestamp": "2024-05-01T00:00:01.300000Z",
    "sequence": 13,
    "scenario_id": "scenario-432-passive_market_maker",
    "agent_id": "agent-passive_market_maker",
    "order_id": "scenario-432-passive_market_maker-agent-passive_market_maker-13",
    "action": "new",
    "side": "sell",
    "price": 65497.43199999999,
    "quantity": 0.01,
    "remaining_quantity": 0.01
  },
  {
    "event_id": "a3a7483f79ad6097e5f73ed82540efb4f7a446bacb3f53326b53c4c78d08c627",
    "schema_version": "1.0.0",
    "event_type": "agent_order",
    "source": "synthetic_agent",
    "symbol": "BTCUSDT",
    "exchange": "binance_usdm",
    "timestamp": "2024-05-01T00:00:01.400000Z",
    "sequence": 14,
    "scenario_id": "scenario-432-passive_market_maker",
    "agent_id": "agent-passive_market_maker",
    "order_id": "scenario-432-passive_market_maker-agent-passive_market_maker-14",
    "action": "new",
    "side": "buy",
    "price": 65366.568,
    "quantity": 0.01,
    "remaining_quantity": 0.01
  },
  {
    "event_id": "d5fe00d13dac8070b0823d183e18fe768cb4c7273f061c73216d1bfd4e142088",
    "schema_version": "1.0.0",
    "event_type": "agent_order",
    "source": "synthetic_agent",
    "symbol": "BTCUSDT",
    "exchange": "binance_usdm",
    "timestamp": "2024-05-01T00:00:01.500000Z",
    "sequence": 15,
    "scenario_id": "scenario-432-passive_market_maker",
    "agent_id": "agent-passive_market_maker",
    "order_id": "scenario-432-passive_market_maker-agent-passive_market_maker-15",
    "action": "new",
    "side": "sell",
    "price": 65497.43199999999,
    "quantity": 0.01,
    "remaining_quantity": 0.01
  },
  {
    "event_id": "c7d8501e66adef38fcec30ccb9d8fe62d164940c9abce88ed3fa9e4941fb0b13",
    "schema_version": "1.0.0",
    "event_type": "agent_order",
    "source": "synthetic_agent",
    "symbol": "BTCUSDT",
    "exchange": "binance_usdm",
    "timestamp": "2024-05-01T00:00:01.600000Z",
    "sequence": 16,
    "scenario_id": "scenario-432-passive_market_maker",
    "agent_id": "agent-passive_market_maker",
    "order_id": "scenario-432-passive_market_maker-agent-passive_market_maker-16",
    "action": "new",
    "side": "buy",
    "price": 65366.568,
    "quantity": 0.01,
    "remaining_quantity": 0.01
  },
  {
    "event_id": "7e9c9b66f0f84ded7f6f936d2b21e937bb5005f3a240b5e5e8c9912e90d5ffa3",
    "schema_version": "1.0.0",
    "event_type": "agent_order",
    "source": "synthetic_agent",
    "symbol": "BTCUSDT",
    "exchange": "binance_usdm",
    "timestamp": "2024-05-01T00:00:01.700000Z",
    "sequence": 17,
    "scenario_id": "scenario-432-passive_market_maker",
    "agent_id": "agent-passive_market_maker",
    "order_id": "scenario-432-passive_market_maker-agent-passive_market_maker-17",
    "action": "new",
    "side": "sell",
    "price": 65497.43199999999,
    "quantity": 0.01,
    "remaining_quantity": 0.01
  },
  {
    "event_id": "2110a6a953ed3bee8f557038490f0af5a68d63a746c1d6c5f798a5896168b137",
    "schema_version": "1.0.0",
    "event_type": "agent_order",
    "source": "synthetic_agent",
    "symbol": "BTCUSDT",
    "exchange": "binance_usdm",
    "timestamp": "2024-05-01T00:00:01.800000Z",
    "sequence": 18,
    "scenario_id": "scenario-432-passive_market_maker",
    "agent_id": "agent-passive_market_maker",
    "order_id": "scenario-432-passive_market_maker-agent-passive_market_maker-18",
    "action": "new",
    "side": "buy",
    "price": 65366.568,
    "quantity": 0.01,
    "remaining_quantity": 0.01
  },
  {
    "event_id": "c50bfd06cf67ed2038e43cead89273e6377258d25af600bad5e834ad14a1700e",
    "schema_version": "1.0.0",
    "event_type": "agent_order",
    "source": "synthetic_agent",
    "symbol": "BTCUSDT",
    "exchange": "binance_usdm",
    "timestamp": "2024-05-01T00:00:01.900000Z",
    "sequence": 19,
    "scenario_id": "scenario-432-passive_market_maker",
    "agent_id": "agent-passive_market_maker",
    "order_id": "scenario-432-passive_market_maker-agent-passive_market_maker-19",
    "action": "new",
    "side": "sell",
    "price": 65497.43199999999,
    "quantity": 0.01,
    "remaining_quantity": 0.01
  },
  {
    "event_id": "c3aceee4cba84465ebedf602c56ad254a3b64385d26039d3715bd8ab0ce1681b",
    "schema_version": "1.0.0",
    "event_type": "agent_order",
    "source": "synthetic_agent",
    "symbol": "BTCUSDT",
    "exchange": "binance_usdm",
    "timestamp": "2024-05-01T00:00:02Z",
    "sequence": 20,
    "scenario_id": "scenario-432-passive_market_maker",
    "agent_id": "agent-passive_market_maker",
    "order_id": "scenario-432-passive_market_maker-agent-passive_market_maker-20",
    "action": "new",
    "side": "buy",
    "price": 65366.568,
    "quantity": 0.01,
    "remaining_quantity": 0.01
  },
  {
    "event_id": "11019ac78260cfe12236792942037819b6e7b8880bb26eb21e13864576501477",
    "schema_version": "1.0.0",
    "event_type": "agent_order",
    "source": "synthetic_agent",
    "symbol": "BTCUSDT",
    "exchange": "binance_usdm",
    "timestamp": "2024-05-01T00:00:02.100000Z",
    "sequence": 21,
    "scenario_id": "scenario-432-passive_market_maker",
    "agent_id": "agent-passive_market_maker",
    "order_id": "scenario-432-passive_market_maker-agent-passive_market_maker-21",
    "action": "new",
    "side": "sell",
    "price": 65497.43199999999,
    "quantity": 0.01,
    "remaining_quantity": 0.01
  },
  {
    "event_id": "5cfe8a4b17d2ae1742ad6c121be708e228fb16d51a4463c1147c422a27edbc3e",
    "schema_version": "1.0.0",
    "event_type": "agent_order",
    "source": "synthetic_agent",
    "symbol": "BTCUSDT",
    "exchange": "binance_usdm",
    "timestamp": "2024-05-01T00:00:02.200000Z",
    "sequence": 22,
    "scenario_id": "scenario-432-passive_market_maker",
    "agent_id": "agent-passive_market_maker",
    "order_id": "scenario-432-passive_market_maker-agent-passive_market_maker-22",
    "action": "new",
    "side": "buy",
    "price": 65366.568,
    "quantity": 0.01,
    "remaining_quantity": 0.01
  },
  {
    "event_id": "d9c29d65e37d2203e651c5b397bc679e0fca0477dff7484163ced4c1395eaf95",
    "schema_version": "1.0.0",
    "event_type": "agent_order",
    "source": "synthetic_agent",
    "symbol": "BTCUSDT",
    "exchange": "binance_usdm",
    "timestamp": "2024-05-01T00:00:02.300000Z",
    "sequence": 23,
    "scenario_id": "scenario-432-passive_market_maker",
    "agent_id": "agent-passive_market_maker",
    "order_id": "scenario-432-passive_market_maker-agent-passive_market_maker-23",
    "action": "new",
    "side": "sell",
    "price": 65497.43199999999,
    "quantity": 0.01,
    "remaining_quantity": 0.01
  },
  {
    "event_id": "bd365bde47d26b4bebdee11b39e4573f84fce867527f25533d30b1bc1312bc38",
    "schema_version": "1.0.0",
    "event_type": "agent_order",
    "source": "synthetic_agent",
    "symbol": "BTCUSDT",
    "exchange": "binance_usdm",
    "timestamp": "2024-05-01T00:00:02.400000Z",
    "sequence": 24,
    "scenario_id": "scenario-432-passive_market_maker",
    "agent_id": "agent-passive_market_maker",
    "order_id": "scenario-432-passive_market_maker-agent-passive_market_maker-24",
    "action": "new",
    "side": "buy",
    "price": 65366.568,
    "quantity": 0.01,
    "remaining_quantity": 0.01
  },
  {
    "event_id": "22b251419f1d73cf2e974919be728a8f3afdc8fec9bfcdc8da4ccedac3c682c1",
    "schema_version": "1.0.0",
    "event_type": "agent_order",
    "source": "synthetic_agent",
    "symbol": "BTCUSDT",
    "exchange": "binance_usdm",
    "timestamp": "2024-05-01T00:00:02.500000Z",
    "sequence": 25,
    "scenario_id": "scenario-432-passive_market_maker",
    "agent_id": "agent-passive_market_maker",
    "order_id": "scenario-432-passive_market_maker-agent-passive_market_maker-25",
    "action": "new",
    "side": "sell",
    "price": 65497.43199999999,
    "quantity": 0.01,
    "remaining_quantity": 0.01
  },
  {
    "event_id": "242cb4c5043851d931c8810445655fff93d01237fc5ee4824cb960f0d3000b67",
    "schema_version": "1.0.0",
    "event_type": "agent_order",
    "source": "synthetic_agent",
    "symbol": "BTCUSDT",
    "exchange": "binance_usdm",
    "timestamp": "2024-05-01T00:00:02.600000Z",
    "sequence": 26,
    "scenario_id": "scenario-432-passive_market_maker",
    "agent_id": "agent-passive_market_maker",
    "order_id": "scenario-432-passive_market_maker-agent-passive_market_maker-26",
    "action": "new",
    "side": "buy",
    "price": 65366.568,
    "quantity": 0.01,
    "remaining_quantity": 0.01
  },
  {
    "event_id": "93f2bcbb359315f5767639bbf19a1af09c7717c74cdeb355136be45d64cf5ee3",
    "schema_version": "1.0.0",
    "event_type": "agent_order",
    "source": "synthetic_agent",
    "symbol": "BTCUSDT",
    "exchange": "binance_usdm",
    "timestamp": "2024-05-01T00:00:02.700000Z",
    "sequence": 27,
    "scenario_id": "scenario-432-passive_market_maker",
    "agent_id": "agent-passive_market_maker",
    "order_id": "scenario-432-passive_market_maker-agent-passive_market_maker-27",
    "action": "new",
    "side": "sell",
    "price": 65497.43199999999,
    "quantity": 0.01,
    "remaining_quantity": 0.01
  },
  {
    "event_id": "cd423c6488e459e4c0e3d94f0d832308e47232f5ebef42189cdd18a16e6e4807",
    "schema_version": "1.0.0",
    "event_type": "agent_order",
    "source": "synthetic_agent",
    "symbol": "BTCUSDT",
    "exchange": "binance_usdm",
    "timestamp": "2024-05-01T00:00:02.800000Z",
    "sequence": 28,
    "scenario_id": "scenario-432-passive_market_maker",
    "agent_id": "agent-passive_market_maker",
    "order_id": "scenario-432-passive_market_maker-agent-passive_market_maker-28",
    "action": "new",
    "side": "buy",
    "price": 65366.568,
    "quantity": 0.01,
    "remaining_quantity": 0.01
  },
  {
    "event_id": "cfde21aea5a33b42139d757e12efe2dc8d69c71e3a7a343d4bfd714fbf0d5044",
    "schema_version": "1.0.0",
    "event_type": "agent_order",
    "source": "synthetic_agent",
    "symbol": "BTCUSDT",
    "exchange": "binance_usdm",
    "timestamp": "2024-05-01T00:00:02.900000Z",
    "sequence": 29,
    "scenario_id": "scenario-432-passive_market_maker",
    "agent_id": "agent-passive_market_maker",
    "order_id": "scenario-432-passive_market_maker-agent-passive_market_maker-29",
    "action": "new",
    "side": "sell",
    "price": 65497.43199999999,
    "quantity": 0.01,
    "remaining_quantity": 0.01
  }
]