[
  {
    "event_id": "ddd22eb869da70d536db8a7a235df8c8924f9c7b71080f2a8c679dcdd4bd07cd",
    "schema_version": "1.0.0",
    "event_type": "agent_order",
    "source": "synthetic_agent",
    "symbol": "BTCUSDT",
    "exchange": "binance_usdm",
    "timestamp": "2024-05-01T00:00:00Z",
    "sequence": 0,
    "scenario_id": "scenario-418-runaway_inventory",
    "agent_id": "agent-runaway_inventory",
    "order_id": "scenario-418-runaway_inventory-agent-runaway_inventory-0",
    "action": "new",
    "side": "buy",
    "price": 65418.0,
    "quantity": 0.01,
    "remaining_quantity": 0.01
  },
  {
    "event_id": "15db49dd31032f5690a7e587e65bff5657df317a72f36fb987721f5564388779",
    "schema_version": "1.0.0",
    "event_type": "agent_order",
    "source": "synthetic_agent",
    "symbol": "BTCUSDT",
    "exchange": "binance_usdm",
    "timestamp": "2024-05-01T00:00:00.070000Z",
    "sequence": 1,
    "scenario_id": "scenario-418-runaway_inventory",
    "agent_id": "agent-runaway_inventory",
    "order_id": "scenario-418-runaway_inventory-agent-runaway_inventory-1",
    "action": "new",
    "side": "buy",
    "price": 65419.96254,
    "quantity": 0.012,
    "remaining_quantity": 0.012
  },
  {
    "event_id": "cc88163a018d62ab9959de8ac24284211ab7e37837779a93e045f880e0ddb563",
    "schema_version": "1.0.0",
    "event_type": "agent_order",
    "source": "synthetic_agent",
    "symbol": "BTCUSDT",
    "exchange": "binance_usdm",
    "timestamp": "2024-05-01T00:00:00.140000Z",
    "sequence": 2,
    "scenario_id": "scenario-418-runaway_inventory",
    "agent_id": "agent-runaway_inventory",
    "order_id": "scenario-418-runaway_inventory-agent-runaway_inventory-2",
    "action": "new",
    "side": "buy",
    "price": 65421.92507999999,
    "quantity": 0.014,
    "remaining_quantity": 0.014
  },
  {
    "event_id": "048019bf38ddbed7144cc529752b064b140cd09af8cdda98c783762a9dfd364e",
    "schema_version": "1.0.0",
    "event_type": "agent_order",
    "source": "synthetic_agent",
    "symbol": "BTCUSDT",
    "exchange": "binance_usdm",
    "timestamp": "2024-05-01T00:00:00.210000Z",
    "sequence": 3,
    "scenario_id": "scenario-418-runaway_inventory",
    "agent_id": "agent-runaway_inventory",
    "order_id": "scenario-418-runaway_inventory-agent-runaway_inventory-3",
    "action": "new",
    "side": "buy",
    "price": 65423.887619999994,
    "quantity": 0.016,
    "remaining_quantity": 0.016
  },
  {
    "event_id": "fd62a125396b3ebe503f2a9d576194f2dc5f044319cb05fae39723ab66a9134c",
    "schema_version": "1.0.0",
    "event_type": "agent_order",
    "source": "synthetic_agent",
    "symbol": "BTCUSDT",
    "exchange": "binance_usdm",
    "timestamp": "2024-05-01T00:00:00.280000Z",
    "sequence": 4,
    "scenario_id": "scenario-418-runaway_inventory",
    "agent_id": "agent-runaway_inventory",
    "order_id": "scenario-418-runaway_inventory-agent-runaway_inventory-4",
    "action": "new",
    "side": "buy",
    "price": 65425.850159999995,
    "quantity": 0.018000000000000002,
    "remaining_quantity": 0.018000000000000002
  },
  {
    "event_id": "1602285298b7048525a9a48c02e84f38c458727a518be7f91ed0b4bab85d1b92",
    "schema_version": "1.0.0",
    "event_type": "agent_order",
    "source": "synthetic_agent",
    "symbol": "BTCUSDT",
    "exchange": "binance_usdm",
    "timestamp": "2024-05-01T00:00:00.350000Z",
    "sequence": 5,
    "scenario_id": "scenario-418-runaway_inventory",
    "agent_id": "agent-runaway_inventory",
    "order_id": "scenario-418-runaway_inventory-agent-runaway_inventory-5",
    "action": "new",
    "side": "buy",
    "price": 65427.81270000001,
    "quantity": 0.02,
    "remaining_quantity": 0.02
  },
  {
    "event_id": "d65f413c7ea1e1f366431de80e76cbc1ba294706956a24ac877cdb45f87095f8",
    "schema_version": "1.0.0",
    "event_type": "agent_order",
    "source": "synthetic_agent",
    "symbol": "BTCUSDT",
    "exchange": "binance_usdm",
    "timestamp": "2024-05-01T00:00:00.420000Z",
    "sequence": 6,
    "scenario_id": "scenario-418-runaway_inventory",
    "agent_id": "agent-runaway_inventory",
    "order_id": "scenario-418-runaway_inventory-agent-runaway_inventory-6",
    "action": "new",
    "side": "buy",
    "price": 65429.77524,
    "quantity": 0.022,
    "remaining_quantity": 0.022
  },
  {
    "event_id": "806d3ddf9b0dc0d11765410ab43060a4ea7801d878902546024206a9c39b578e",
    "schema_version": "1.0.0",
    "event_type": "agent_order",
    "source": "synthetic_agent",
    "symbol": "BTCUSDT",
    "exchange": "binance_usdm",
    "timestamp": "2024-05-01T00:00:00.490000Z",
    "sequence": 7,
    "scenario_id": "scenario-418-runaway_inventory",
    "agent_id": "agent-runaway_inventory",
    "order_id": "scenario-418-runaway_inventory-agent-runaway_inventory-7",
    "action": "new",
    "side": "buy",
    "price": 65431.73778,
    "quantity": 0.024,
    "remaining_quantity": 0.024
  },
  {
    "event_id": "ec043fc1e04152ad6715c0549620906d2845c1a2d061968262f326e6784a7ed7",
    "schema_version": "1.0.0",
    "event_type": "agent_order",
    "source": "synthetic_agent",
    "symbol": "BTCUSDT",
    "exchange": "binance_usdm",
    "timestamp": "2024-05-01T00:00:00.560000Z",
    "sequence": 8,
    "scenario_id": "scenario-418-runaway_inventory",
    "agent_id": "agent-runaway_inventory",
    "order_id": "scenario-418-runaway_inventory-agent-runaway_inventory-8",
    "action": "new",
    "side": "buy",
    "price": 65433.70032,
    "quantity": 0.026000000000000002,
    "remaining_quantity": 0.026000000000000002
  },
  {
    "event_id": "4b54e7424d1b969fe86d774eaef1958ff06e6b8ed397d83c00dfa85c501e387e",
    "schema_version": "1.0.0",
    "event_type": "agent_order",
    "source": "synthetic_agent",
    "symbol": "BTCUSDT",
    "exchange": "binance_usdm",
    "timestamp": "2024-05-01T00:00:00.630000Z",
    "sequence": 9,
    "scenario_id": "scenario-418-runaway_inventory",
    "agent_id": "agent-runaway_inventory",
    "order_id": "scenario-418-runaway_inventory-agent-runaway_inventory-9",
    "action": "new",
    "side": "buy",
    "price": 65435.66286,
    "quantity": 0.028000000000000004,
    "remaining_quantity": 0.028000000000000004
  },
  {
    "event_id": "51faec06f6cd4902abd26eaae69bff513ce89e3b5c211e00d08578f913c91b3b",
    "schema_version": "1.0.0",
    "event_type": "agent_order",
    "source": "synthetic_agent",
    "symbol": "BTCUSDT",
    "exchange": "binance_usdm",
    "timestamp": "2024-05-01T00:00:00.700000Z",
    "sequence": 10,
    "scenario_id": "scenario-418-runaway_inventory",
    "agent_id": "agent-runaway_inventory",
    "order_id": "scenario-418-runaway_inventory-agent-runaway_inventory-10",
    "action": "new",
    "side": "buy",
    "price": 65437.6254,
    "quantity": 0.03,
    "remaining_quantity": 0.03
  },
  {
    "event_id": "a1218f4063912dd1556cfcdff5c60cfef884eafb06d362d2356d12ce528d46e2",
    "schema_version": "1.0.0",
    "event_type": "agent_order",
    "source": "synthetic_agent",
    "symbol": "BTCUSDT",
    "exchange": "binance_usdm",
    "timestamp": "2024-05-01T00:00:00.770000Z",
    "sequence": 11,
    "scenario_id": "scenario-418-runaway_inventory",
    "agent_id": "agent-runaway_inventory",
    "order_id": "scenario-418-runaway_inventory-agent-runaway_inventory-11",
    "action": "new",
    "side": "buy",
    "price": 65439.58794,
    "quantity": 0.032,
    "remaining_quantity": 0.032
  },
  {
    "event_id": "4ed00aad99a983c7df7fc17523e1ba601992a6d7e57f7cc2fff08c56e5c5f8f0",
    "schema_version": "1.0.0",
    "event_type": "agent_order",
    "source": "synthetic_agent",
    "symbol": "BTCUSDT",
    "exchange": "binance_usdm",
    "timestamp": "2024-05-01T00:00:00.840000Z",
    "sequence": 12,
    "scenario_id": "scenario-418-runaway_inventory",
    "agent_id": "agent-runaway_inventory",
    "order_id": "scenario-418-runaway_inventory-agent-runaway_inventory-12",
    "action": "new",
    "side": "buy",
    "price": 65441.55048,
    "quantity": 0.034,
    "remaining_quantity": 0.034
  },
  {
    "event_id": "5a6bebff1350c741ee99d0eb314a01b9ec2eba241a2acadd357fd627ba32365c",
    "schema_version": "1.0.0",
    "event_type": "agent_order",
    "source": "synthetic_agent",
    "symbol": "BTCUSDT",
    "exchange": "binance_usdm",
    "timestamp": "2024-05-01T00:00:00.910000Z",
    "sequence": 13,
    "scenario_id": "scenario-418-runaway_inventory",
    "agent_id": "agent-runaway_inventory",
    "order_id": "scenario-418-runaway_inventory-agent-runaway_inventory-13",
    "action": "new",
    "side": "buy",
    "price": 65443.51301999999,
    "quantity": 0.036000000000000004,
    "remaining_quantity": 0.036000000000000004
  },
  {
    "event_id": "c1c0ce20afb2f78ad3921cc81112419b5af92945280314e9c876cff0ce1ad1ec",
    "schema_version": "1.0.0",
    "event_type": "agent_order",
    "source": "synthetic_agent",
    "symbol": "BTCUSDT",
    "exchange": "binance_usdm",
    "timestamp": "2024-05-01T00:00:00.980000Z",
    "sequence": 14,
    "scenario_id": "scenario-418-runaway_inventory",
    "agent_id": "agent-runaway_inventory",
    "order_id": "scenario-418-runaway_inventory-agent-runaway_inventory-14",
    "action": "new",
    "side": "buy",
    "price": 65445.475560000006,
    "quantity": 0.038,
    "remaining_quantity": 0.038
  },
  {
    "event_id": "39efbf7db6e0bfe193ca658ea76197887d8af013091eb79f6f9af82aa324688c",
    "schema_version": "1.0.0",
    "event_type": "agent_order",
    "source": "synthetic_agent",
    "symbol": "BTCUSDT",
    "exchange": "binance_usdm",
    "timestamp": "2024-05-01T00:00:01.050000Z",
    "sequence": 15,
    "scenario_id": "scenario-418-runaway_inventory",
    "agent_id": "agent-runaway_inventory",
    "order_id": "scenario-418-runaway_inventory-agent-runaway_inventory-15",
    "action": "new",
    "side": "buy",
    "price": 65447.43810000001,
    "quantity": 0.04,
    "remaining_quantity": 0.04
  },
  {
    "event_id": "27dce67167b58989f180e30fe512614f042a87d45e622752f60e9ad91f3f1714",
    "schema_version": "1.0.0",
    "event_type": "agent_order",
    "source": "synthetic_agent",
    "symbol": "BTCUSDT",
    "exchange": "binance_usdm",
    "timestamp": "2024-05-01T00:00:01.120000Z",
    "sequence": 16,
    "scenario_id": "scenario-418-runaway_inventory",
    "agent_id": "agent-runaway_inventory",
    "order_id": "scenario-418-runaway_inventory-agent-runaway_inventory-16",
    "action": "new",
    "side": "buy",
    "price": 65449.40064,
    "quantity": 0.042,
    "remaining_quantity": 0.042
  },
  {
    "event_id": "ec19fec5ebd99ec845f99f1a526fe014f510d5765faa072534571875a671e6da",
    "schema_version": "1.0.0",
    "event_type": "agent_order",
    "source": "synthetic_agent",
    "symbol": "BTCUSDT",
    "exchange": "binance_usdm",
    "timestamp": "2024-05-01T00:00:01.190000Z",
    "sequence": 17,
    "scenario_id": "scenario-418-runaway_inventory",
    "agent_id": "agent-runaway_inventory",
    "order_id": "scenario-418-runaway_inventory-agent-runaway_inventory-17",
    "action": "new",
    "side": "buy",
    "price": 65451.36318,
    "quantity": 0.044000000000000004,
    "remaining_quantity": 0.044000000000000004
  },
  {
    "event_id": "6affe6f5075f3e6ef59592c03a84598d4f80ee43075eb290150248b7c07f3127",
    "schema_version": "1.0.0",
    "event_type": "agent_order",
    "source": "synthetic_agent",
    "symbol": "BTCUSDT",
    "exchange": "binance_usdm",
    "timestamp": "2024-05-01T00:00:01.260000Z",
    "sequence": 18,
    "scenario_id": "scenario-418-runaway_inventory",
    "agent_id": "agent-runaway_inventory",
    "order_id": "scenario-418-runaway_inventory-agent-runaway_inventory-18",
    "action": "new",
    "side": "buy",
    "price": 65453.32572,
    "quantity": 0.046000000000000006,
    "remaining_quantity": 0.046000000000000006
  },
  {
    "event_id": "fd26a5a37fbcf0a24601ffec1ac9c55e1ba72efc6fff4ea3ce967a66f7fc337e",
    "schema_version": "1.0.0",
    "event_type": "agent_order",
    "source": "synthetic_agent",
    "symbol": "BTCUSDT",
    "exchange": "binance_usdm",
    "timestamp": "2024-05-01T00:00:01.330000Z",
    "sequence": 19,
    "scenario_id": "scenario-418-runaway_inventory",
    "agent_id": "agent-runaway_inventory",
    "order_id": "scenario-418-runaway_inventory-agent-runaway_inventory-19",
    "action": "new",
    "side": "buy",
    "price": 65455.288259999994,
    "quantity": 0.048,
    "remaining_quantity": 0.048
  },
  {
    "event_id": "7d22c827d7523592404fd10b989fcac8b565d91c5b3dda7855cdad7390906146",
    "schema_version": "1.0.0",
    "event_type": "agent_order",
    "source": "synthetic_agent",
    "symbol": "BTCUSDT",
    "exchange": "binance_usdm",
    "timestamp": "2024-05-01T00:00:01.400000Z",
    "sequence": 20,
    "scenario_id": "scenario-418-runaway_inventory",
    "agent_id": "agent-runaway_inventory",
    "order_id": "scenario-418-runaway_inventory-agent-runaway_inventory-20",
    "action": "new",
    "side": "buy",
    "price": 65457.250799999994,
    "quantity": 0.05,
    "remaining_quantity": 0.05
  },
  {
    "event_id": "c474a9423629ab897582e323fbf792abcadc98413e73c9fd000784b44e66575c",
    "schema_version": "1.0.0",
    "event_type": "agent_order",
    "source": "synthetic_agent",
    "symbol": "BTCUSDT",
    "exchange": "binance_usdm",
    "timestamp": "2024-05-01T00:00:01.470000Z",
    "sequence": 21,
    "scenario_id": "scenario-418-runaway_inventory",
    "agent_id": "agent-runaway_inventory",
    "order_id": "scenario-418-runaway_inventory-agent-runaway_inventory-21",
    "action": "new",
    "side": "buy",
    "price": 65459.213339999995,
    "quantity": 0.052000000000000005,
    "remaining_quantity": 0.052000000000000005
  },
  {
    "event_id": "9b2f773ad5ed60ce54c1974c2c38d6c944c7e33a7dab045a00fa0088e38db15b",
    "schema_version": "1.0.0",
    "event_type": "agent_order",
    "source": "synthetic_agent",
    "symbol": "BTCUSDT",
    "exchange": "binance_usdm",
    "timestamp": "2024-05-01T00:00:01.540000Z",
    "sequence": 22,
    "scenario_id": "scenario-418-runaway_inventory",
    "agent_id": "agent-runaway_inventory",
    "order_id": "scenario-418-runaway_inventory-agent-runaway_inventory-22",
    "action": "new",
    "side": "buy",
    "price": 65461.17588000001,
    "quantity": 0.054,
    "remaining_quantity": 0.054
  },
  {
    "event_id": "8a7d48dd507f1c2c2f3962b8e04a25e067beec6cc4e0e587445a0ea34910a96f",
    "schema_version": "1.0.0",
    "event_type": "agent_order",
    "source": "synthetic_agent",
    "symbol": "BTCUSDT",
    "exchange": "binance_usdm",
    "timestamp": "2024-05-01T00:00:01.610000Z",
    "sequence": 23,
    "scenario_id": "scenario-418-runaway_inventory",
    "agent_id": "agent-runaway_inventory",
    "order_id": "scenario-418-runaway_inventory-agent-runaway_inventory-23",
    "action": "new",
    "side": "buy",
    "price": 65463.13842,
    "quantity": 0.056,
    "remaining_quantity": 0.056
  },
  {
    "event_id": "d6dca68ca539ca9382f432dc55db180f5a9a41ada49ebbd5053fa4c49af1a1f4",
    "schema_version": "1.0.0",
    "event_type": "agent_order",
    "source": "synthetic_agent",
    "symbol": "BTCUSDT",
    "exchange": "binance_usdm",
    "timestamp": "2024-05-01T00:00:01.680000Z",
    "sequence": 24,
    "scenario_id": "scenario-418-runaway_inventory",
    "agent_id": "agent-runaway_inventory",
    "order_id": "scenario-418-runaway_inventory-agent-runaway_inventory-24",
    "action": "new",
    "side": "buy",
    "price": 65465.10096,
    "quantity": 0.058,
    "remaining_quantity": 0.058
  },
  {
    "event_id": "cba08c035f487fda3d12d78790beaa27c943abfd5b772168ef623d422eaca79c",
    "schema_version": "1.0.0",
    "event_type": "agent_order",
    "source": "synthetic_agent",
    "symbol": "BTCUSDT",
    "exchange": "binance_usdm",
    "timestamp": "2024-05-01T00:00:01.750000Z",
    "sequence": 25,
    "scenario_id": "scenario-418-runaway_inventory",
    "agent_id": "agent-runaway_inventory",
    "order_id": "scenario-418-runaway_inventory-agent-runaway_inventory-25",
    "action": "new",
    "side": "buy",
    "price": 65467.063500000004,
    "quantity": 0.060000000000000005,
    "remaining_quantity": 0.060000000000000005
  },
  {
    "event_id": "ede0c54aaabbd0fc7aeabc30174ca50c83536f8318cbe14e98d146d4803b84d6",
    "schema_version": "1.0.0",
    "event_type": "agent_order",
    "source": "synthetic_agent",
    "symbol": "BTCUSDT",
    "exchange": "binance_usdm",
    "timestamp": "2024-05-01T00:00:01.820000Z",
    "sequence": 26,
    "scenario_id": "scenario-418-runaway_inventory",
    "agent_id": "agent-runaway_inventory",
    "order_id": "scenario-418-runaway_inventory-agent-runaway_inventory-26",
    "action": "new",
    "side": "buy",
    "price": 65469.02604,
    "quantity": 0.062000000000000006,
    "remaining_quantity": 0.062000000000000006
  },
  {
    "event_id": "874a51b388fe97c9dcaed61e0ef96d4ba237b0cfdbc67b775602afa5add9b108",
    "schema_version": "1.0.0",
    "event_type": "agent_order",
    "source": "synthetic_agent",
    "symbol": "BTCUSDT",
    "exchange": "binance_usdm",
    "timestamp": "2024-05-01T00:00:01.890000Z",
    "sequence": 27,
    "scenario_id": "scenario-418-runaway_inventory",
    "agent_id": "agent-runaway_inventory",
    "order_id": "scenario-418-runaway_inventory-agent-runaway_inventory-27",
    "action": "new",
    "side": "buy",
    "price": 65470.98858,
    "quantity": 0.064,
    "remaining_quantity": 0.064
  },
  {
    "event_id": "575cdf54fad84005f2ac91cb14932e4513b7df88d1afa254ff3edb586317fbcc",
    "schema_version": "1.0.0",
    "event_type": "agent_order",
    "source": "synthetic_agent",
    "symbol": "BTCUSDT",
    "exchange": "binance_usdm",
    "timestamp": "2024-05-01T00:00:01.960000Z",
    "sequence": 28,
    "scenario_id": "scenario-418-runaway_inventory",
    "agent_id": "agent-runaway_inventory",
    "order_id": "scenario-418-runaway_inventory-agent-runaway_inventory-28",
    "action": "new",
    "side": "buy",
    "price": 65472.95112,
    "quantity": 0.066,
    "remaining_quantity": 0.066
  },
  {
    "event_id": "b50ca48afc53eb54df5011c4d3fd7da73070bac6fb65029a06f11f348e84df20",
    "schema_version": "1.0.0",
    "event_type": "agent_order",
    "source": "synthetic_agent",
    "symbol": "BTCUSDT",
    "exchange": "binance_usdm",
    "timestamp": "2024-05-01T00:00:02.030000Z",
    "sequence": 29,
    "scenario_id": "scenario-418-runaway_inventory",
    "agent_id": "agent-runaway_inventory",
    "order_id": "scenario-418-runaway_inventory-agent-runaway_inventory-29",
    "action": "new",
    "side": "buy",
    "price": 65474.91366,
    "quantity": 0.068,
    "remaining_quantity": 0.068
  }
]