[
  {
    "event_id": "87be0c0d91d01c43a80d85774a2ac2122f52c24d1b5d73b0d9dd89de8a0dbe4e",
    "schema_version": "1.0.0",
    "event_type": "agent_order",
    "source": "synthetic_agent",
    "symbol": "BTCUSDT",
    "exchange": "binance_usdm",
    "timestamp": "2024-05-01T00:00:00Z",
    "sequence": 0,
    "scenario_id": "scenario-197-momentum_ignition",
    "agent_id": "agent-momentum_ignition",
    "order_id": "scenario-197-momentum_ignition-agent-momentum_ignition-0",
    "action": "new",
    "side": "buy",
    "price": 65262.19699999999,
    "quantity": 0.08,
    "remaining_quantity": 0.08
  },
  {
    "event_id": "2216a835de3414ae46c78309977c71caaf97f1e7379935b2024275923079043d",
    "schema_version": "1.0.0",
    "event_type": "agent_order",
    "source": "synthetic_agent",
    "symbol": "BTCUSDT",
    "exchange": "binance_usdm",
    "timestamp": "2024-05-01T00:00:00.080000Z",
    "sequence": 1,
    "scenario_id": "scenario-197-momentum_ignition",
    "agent_id": "agent-momentum_ignition",
    "order_id": "scenario-197-momentum_ignition-agent-momentum_ignition-1",
    "action": "new",
    "side": "buy",
    "price": 65263.50093999998,
    "quantity": 0.08,
    "remaining_quantity": 0.08
  },
  {
    "event_id": "ac281cc433a772417082ab7b953682dc5aa40823e3bbc51c66acde09b4d0a554",
    "schema_version": "1.0.0",
    "event_type": "agent_order",
    "source": "synthetic_agent",
    "symbol": "BTCUSDT",
    "exchange": "binance_usdm",
    "timestamp": "2024-05-01T00:00:00.160000Z",
    "sequence": 2,
    "scenario_id": "scenario-197-momentum_ignition",
    "agent_id": "agent-momentum_ignition",
    "order_id": "scenario-197-momentum_ignition-agent-momentum_ignition-2",
    "action": "new",
    "side": "buy",
    "price": 65264.804879999996,
    "quantity": 0.08,
    "remaining_quantity": 0.08
  },
  {
    "event_id": "dcc1ff708a8678efa811733eb19cbedb8e79a8889f45a1c2dd424a87dddd26f2",
    "schema_version": "1.0.0",
    "event_type": "agent_order",
    "source": "synthetic_agent",
    "symbol": "BTCUSDT",
    "exchange": "binance_usdm",
    "timestamp": "2024-05-01T00:00:00.240000Z",
    "sequence": 3,
    "scenario_id": "scenario-197-momentum_ignition",
    "agent_id": "agent-momentum_ignition",
    "order_id": "scenario-197-momentum_ignition-agent-momentum_ignition-3",
    "action": "new",
    "side": "buy",
    "price": 65266.10881999999,
    "quantity": 0.08,
    "remaining_quantity": 0.08
  },
  {
    "event_id": "6fd00c61cde0812630e12d768d40fd47bb804ed74c51ccfd5874a468ce2c63d4",
    "schema_version": "1.0.0",
    "event_type": "agent_order",
    "source": "synthetic_agent",
    "symbol": "BTCUSDT",
    "exchange": "binance_usdm",
    "timestamp": "2024-05-01T00:00:00.320000Z",
    "sequence": 4,
    "scenario_id": "scenario-197-momentum_ignition",
    "agent_id": "agent-momentum_ignition",
    "order_id": "scenario-197-momentum_ignition-agent-momentum_ignition-4",
    "action": "new",
    "side": "buy",
    "price": 65267.41276,
    "quantity": 0.08,
    "remaining_quantity": 0.08
  },
  {
    "event_id": "4c54a1ea7e5988a56e2e8ce492f719d55c0cf3d325e6280fca40848df7ced352",
    "schema_version": "1.0.0",
    "event_type": "agent_order",
    "source": "synthetic_agent",
    "symbol": "BTCUSDT",
    "exchange": "binance_usdm",
    "timestamp": "2024-05-01T00:00:00.400000Z",
    "sequence": 5,
    "scenario_id": "scenario-197-momentum_ignition",
    "agent_id": "agent-momentum_ignition",
    "order_id": "scenario-197-momentum_ignition-agent-momentum_ignition-5",
    "action": "new",
    "side": "buy",
    "price": 65268.71669999999,
    "quantity": 0.08,
    "remaining_quantity": 0.08
  },
  {
    "event_id": "23489d2c483922ad449d31bdb52998e5764d4ec69e59b780c6c6d13cc409daf9",
    "schema_version": "1.0.0",
    "event_type": "agent_order",
    "source": "synthetic_agent",
    "symbol": "BTCUSDT",
    "exchange": "binance_usdm",
    "timestamp": "2024-05-01T00:00:00.480000Z",
    "sequence": 6,
    "scenario_id": "scenario-197-momentum_ignition",
    "agent_id": "agent-momentum_ignition",
    "order_id": "scenario-197-momentum_ignition-agent-momentum_ignition-6",
    "action": "new",
    "side": "buy",
    "price": 65270.02063999999,
    "quantity": 0.08,
    "remaining_quantity": 0.08
  },
  {
    "event_id": "581dcbef47073a68ad306e01c40ad37a745768c2edc0d18dd7ed6d8838ccc4da",
    "schema_version": "1.0.0",
    "event_type": "agent_order",
    "source": "synthetic_agent",
    "symbol": "BTCUSDT",
    "exchange": "binance_usdm",
    "timestamp": "2024-05-01T00:00:00.560000Z",
    "sequence": 7,
    "scenario_id": "scenario-197-momentum_ignition",
    "agent_id": "agent-momentum_ignition",
    "order_id": "scenario-197-momentum_ignition-agent-momentum_ignition-7",
    "action": "new",
    "side": "buy",
    "price": 65271.32457999999,
    "quantity": 0.08,
    "remaining_quantity": 0.08
  },
  {
    "event_id": "11107c956857232b5b4bc2ddff5567e48d561d7477dacc046895bdc627c0e6ec",
    "schema_version": "1.0.0",
    "event_type": "agent_order",
    "source": "synthetic_agent",
    "symbol": "BTCUSDT",
    "exchange": "binance_usdm",
    "timestamp": "2024-05-01T00:00:00.640000Z",
    "sequence": 8,
    "scenario_id": "scenario-197-momentum_ignition",
    "agent_id": "agent-momentum_ignition",
    "order_id": "scenario-197-momentum_ignition-agent-momentum_ignition-8",
    "action": "new",
    "side": "buy",
    "price": 65272.62851999999,
    "quantity": 0.08,
    "remaining_quantity": 0.08
  },
  {
    "event_id": "87b571ed4a21a5942d35abd6726cb35fe16f2041fdb101ad52c130f349db6c63",
    "schema_version": "1.0.0",
    "event_type": "agent_order",
    "source": "synthetic_agent",
    "symbol": "BTCUSDT",
    "exchange": "binance_usdm",
    "timestamp": "2024-05-01T00:00:00.720000Z",
    "sequence": 9,
    "scenario_id": "scenario-197-momentum_ignition",
    "agent_id": "agent-momentum_ignition",
    "order_id": "scenario-197-momentum_ignition-agent-momentum_ignition-9",
    "action": "new",
    "side": "buy",
    "price": 65273.932459999996,
    "quantity": 0.08,
    "remaining_quantity": 0.08
  },
  {
    "event_id": "8ff5018c807bf07b5bb92ac18a58b0057e7a8b5106e06395880392ae8f226c10",
    "schema_version": "1.0.0",
    "event_type": "agent_order",
    "source": "synthetic_agent",
    "symbol": "BTCUSDT",
    "exchange": "binance_usdm",
    "timestamp": "2024-05-01T00:00:00.800000Z",
    "sequence": 10,
    "scenario_id": "scenario-197-momentum_ignition",
    "agent_id": "agent-momentum_ignition",
    "order_id": "scenario-197-momentum_ignition-agent-momentum_ignition-10",
    "action": "new",
    "side": "buy",
    "price": 65275.236399999994,
    "quantity": 0.08,
    "remaining_quantity": 0.08
  },
  {
    "event_id": "b9a84c4b88d8918f63bcc823fab33ae43505e7407430ba353db5280160a1e861",
    "schema_version": "1.0.0",
    "event_type": "agent_order",
    "source": "synthetic_agent",
    "symbol": "BTCUSDT",
    "exchange": "binance_usdm",
    "timestamp": "2024-05-01T00:00:00.880000Z",
    "sequence": 11,
    "scenario_id": "scenario-197-momentum_ignition",
    "agent_id": "agent-momentum_ignition",
    "order_id": "scenario-197-momentum_ignition-agent-momentum_ignition-11",
    "action": "new",
    "side": "buy",
    "price": 65276.54034,
    "quantity": 0.08,
    "remaining_quantity": 0.08
  },
  {
    "event_id": "768bd8b5505634c8458a37d6737cb41ee7025e5c237ea7a146d1eac7e4da3127",
    "schema_version": "1.0.0",
    "event_type": "agent_order",
    "source": "synthetic_agent",
    "symbol": "BTCUSDT",
    "exchange": "binance_usdm",
    "timestamp": "2024-05-01T00:00:00.960000Z",
    "sequence": 12,
    "scenario_id": "scenario-197-momentum_ignition",
    "agent_id": "agent-momentum_ignition",
    "order_id": "scenario-197-momentum_ignition-agent-momentum_ignition-12",
    "action": "new",
    "side": "buy",
    "price": 65277.84428,
    "quantity": 0.08,
    "remaining_quantity": 0.08
  },
  {
    "event_id": "1e71f94b56cf84b7cc730595ab28d4712e9f81bcaf4c77afd1781b38ec7ad82e",
    "schema_version": "1.0.0",
    "event_type": "agent_order",
    "source": "synthetic_agent",
    "symbol": "BTCUSDT",
    "exchange": "binance_usdm",
    "timestamp": "2024-05-01T00:00:01.040000Z",
    "sequence": 13,
    "scenario_id": "scenario-197-momentum_ignition",
    "agent_id": "agent-momentum_ignition",
    "order_id": "scenario-197-momentum_ignition-agent-momentum_ignition-13",
    "action": "new",
    "side": "buy",
    "price": 65279.14821999999,
    "quantity": 0.08,
    "remaining_quantity": 0.08
  },
  {
    "event_id": "607b7a49862f1ba5c073b80bbd77f3a9175160eca74f02f05b34035783443b6b",
    "schema_version": "1.0.0",
    "event_type": "agent_order",
    "source": "synthetic_agent",
    "symbol": "BTCUSDT",
    "exchange": "binance_usdm",
    "timestamp": "2024-05-01T00:00:01.120000Z",
    "sequence": 14,
    "scenario_id": "scenario-197-momentum_ignition",
    "agent_id": "agent-momentum_ignition",
    "order_id": "scenario-197-momentum_ignition-agent-momentum_ignition-14",
    "action": "new",
    "side": "buy",
    "price": 65280.45215999999,
    "quantity": 0.08,
    "remaining_quantity": 0.08
  },
  {
    "event_id": "86d2fefe9ffc9476d6b9e464e09356fcb39246ff7a844702191c26da88803b73",
    "schema_version": "1.0.0",
    "event_type": "agent_order",
    "source": "synthetic_agent",
    "symbol": "BTCUSDT",
    "exchange": "binance_usdm",
    "timestamp": "2024-05-01T00:00:01.200000Z",
    "sequence": 15,
    "scenario_id": "scenario-197-momentum_ignition",
    "agent_id": "agent-momentum_ignition",
    "order_id": "scenario-197-momentum_ignition-agent-momentum_ignition-15",
    "action": "new",
    "side": "buy",
    "price": 65281.75609999999,
    "quantity": 0.08,
    "remaining_quantity": 0.08
  },
  {
    "event_id": "41a1bad8b4fa65588109d95329ace82c176cfc970ef5b2af12f44b2377ef9bbc",
    "schema_version": "1.0.0",
    "event_type": "agent_order",
    "source": "synthetic_agent",
    "symbol": "BTCUSDT",
    "exchange": "binance_usdm",
    "timestamp": "2024-05-01T00:00:01.280000Z",
    "sequence": 16,
    "scenario_id": "scenario-197-momentum_ignition",
    "agent_id": "agent-momentum_ignition",
    "order_id": "scenario-197-momentum_ignition-agent-momentum_ignition-16",
    "action": "new",
    "side": "buy",
    "price": 65283.06004,
    "quantity": 0.08,
    "remaining_quantity": 0.08
  },
  {
    "event_id": "7a768f12a0a3988b1f77f6dfa00c59328804afdb1ba6cb7b438bac729c65d459",
    "schema_version": "1.0.0",
    "event_type": "agent_order",
    "source": "synthetic_agent",
    "symbol": "BTCUSDT",
    "exchange": "binance_usdm",
    "timestamp": "2024-05-01T00:00:01.360000Z",
    "sequence": 17,
    "scenario_id": "scenario-197-momentum_ignition",
    "agent_id": "agent-momentum_ignition",
    "order_id": "scenario-197-momentum_ignition-agent-momentum_ignition-17",
    "action": "new",
    "side": "buy",
    "price": 65284.363979999995,
    "quantity": 0.08,
    "remaining_quantity": 0.08
  },
  {
    "event_id": "bfc1275f0e8a81870f1264cbcff85121ab5ba507f71bf8a37f42132310bd552c",
    "schema_version": "1.0.0",
    "event_type": "agent_order",
    "source": "synthetic_agent",
    "symbol": "BTCUSDT",
    "exchange": "binance_usdm",
    "timestamp": "2024-05-01T00:00:01.440000Z",
    "sequence": 18,
    "scenario_id": "scenario-197-momentum_ignition",
    "agent_id": "agent-momentum_ignition",
    "order_id": "scenario-197-momentum_ignition-agent-momentum_ignition-18",
    "action": "new",
    "side": "buy",
    "price": 65285.667919999985,
    "quantity": 0.08,
    "remaining_quantity": 0.08
  },
  {
    "event_id": "6234ec27c06dddc2b5c43cf0512e88ab6f43b0b0584020d9ab954ca1a50af821",
    "schema_version": "1.0.0",
    "event_type": "agent_order",
    "source": "synthetic_agent",
    "symbol": "BTCUSDT",
    "exchange": "binance_usdm",
    "timestamp": "2024-05-01T00:00:01.520000Z",
    "sequence": 19,
    "scenario_id": "scenario-197-momentum_ignition",
    "agent_id": "agent-momentum_ignition",
    "order_id": "scenario-197-momentum_ignition-agent-momentum_ignition-19",
    "action": "new",
    "side": "buy",
    "price": 65286.97186,
    "quantity": 0.08,
    "remaining_quantity": 0.08
  },
  {
    "event_id": "c42351eb9fb04904cb5a0fe829bd0a4d89497907ea09cb566d986d2332f961d1",
    "schema_version": "1.0.0",
    "event_type": "agent_order",
    "source": "synthetic_agent",
    "symbol": "BTCUSDT",
    "exchange": "binance_usdm",
    "timestamp": "2024-05-01T00:00:01.600000Z",
    "sequence": 20,
    "scenario_id": "scenario-197-momentum_ignition",
    "agent_id": "agent-momentum_ignition",
    "order_id": "scenario-197-momentum_ignition-agent-momentum_ignition-20",
    "action": "new",
    "side": "buy",
    "price": 65288.27579999999,
    "quantity": 0.08,
    "remaining_quantity": 0.08
  },
  {
    "event_id": "efc1e470dec6c8650665cf2f8209d061e2986a91bb2b168cb093a4e5cbf0781d",
    "schema_version": "1.0.0",
    "event_type": "agent_order",
    "source": "synthetic_agent",
    "symbol": "BTCUSDT",
    "exchange": "binance_usdm",
    "timestamp": "2024-05-01T00:00:01.680000Z",
    "sequence": 21,
    "scenario_id": "scenario-197-momentum_ignition",
    "agent_id": "agent-momentum_ignition",
    "order_id": "scenario-197-momentum_ignition-agent-momentum_ignition-21",
    "action": "new",
    "side": "buy",
    "price": 65289.57974,
    "quantity": 0.08,
    "remaining_quantity": 0.08
  },
  {
    "event_id": "592ce4ea02d186c2f640b6cb67e07d94da97bf0a115c9f8b7a4b82e5512ed34c",
    "schema_version": "1.0.0",
    "event_type": "agent_order",
    "source": "synthetic_agent",
    "symbol": "BTCUSDT",
    "exchange": "binance_usdm",
    "timestamp": "2024-05-01T00:00:01.760000Z",
    "sequence": 22,
    "scenario_id": "scenario-197-momentum_ignition",
    "agent_id": "agent-momentum_ignition",
    "order_id": "scenario-197-momentum_ignition-agent-momentum_ignition-22",
    "action": "new",
    "side": "buy",
    "price": 65290.88367999999,
    "quantity": 0.08,
    "remaining_quantity": 0.08
  },
  {
    "event_id": "ab82b85efd0bd9cdf8595d10b8dded81ce17a4b62b715726dce548a4e25c3e84",
    "schema_version": "1.0.0",
    "event_type": "agent_order",
    "source": "synthetic_agent",
    "symbol": "BTCUSDT",
    "exchange": "binance_usdm",
    "timestamp": "2024-05-01T00:00:01.840000Z",
    "sequence": 23,
    "scenario_id": "scenario-197-momentum_ignition",
    "agent_id": "agent-momentum_ignition",
    "order_id": "scenario-197-momentum_ignition-agent-momentum_ignition-23",
    "action": "new",
    "side": "buy",
    "price": 65292.18761999999,
    "quantity": 0.08,
    "remaining_quantity": 0.08
  },
  {
    "event_id": "e6531f4c12521f08fe23dfcee3fa7f650d56ca4f61a3331e0ac6ce55c0ba9b85",
    "schema_version": "1.0.0",
    "event_type": "agent_order",
    "source": "synthetic_agent",
    "symbol": "BTCUSDT",
    "exchange": "binance_usdm",
    "timestamp": "2024-05-01T00:00:01.920000Z",
    "sequence": 24,
    "scenario_id": "scenario-197-momentum_ignition",
    "agent_id": "agent-momentum_ignition",
    "order_id": "scenario-197-momentum_ignition-agent-momentum_ignition-24",
    "action": "new",
    "side": "buy",
    "price": 65293.491559999995,
    "quantity": 0.08,
    "remaining_quantity": 0.08
  },
  {
    "event_id": "8d133d2d0dc8704f36172ceaeee5cf09a3d7cb4b115ee26639bdef498b8fb454",
    "schema_version": "1.0.0",
    "event_type": "agent_order",
    "source": "synthetic_agent",
    "symbol": "BTCUSDT",
    "exchange": "binance_usdm",
    "timestamp": "2024-05-01T00:00:02Z",
    "sequence": 25,
    "scenario_id": "scenario-197-momentum_ignition",
    "agent_id": "agent-momentum_ignition",
    "order_id": "scenario-197-momentum_ignition-agent-momentum_ignition-25",
    "action": "new",
    "side": "buy",
    "price": 65294.795499999986,
    "quantity": 0.08,
    "remaining_quantity": 0.08
  },
  {
    "event_id": "297b94f2e2e57307c94ba3cf8013f7997f4a0ff263aef9585a257101307d39ce",
    "schema_version": "1.0.0",
    "event_type": "agent_order",
    "source": "synthetic_agent",
    "symbol": "BTCUSDT",
    "exchange": "binance_usdm",
    "timestamp": "2024-05-01T00:00:02.080000Z",
    "sequence": 26,
    "scenario_id": "scenario-197-momentum_ignition",
    "agent_id": "agent-momentum_ignition",
    "order_id": "scenario-197-momentum_ignition-agent-momentum_ignition-26",
    "action": "new",
    "side": "buy",
    "price": 65296.09944,
    "quantity": 0.08,
    "remaining_quantity": 0.08
  },
  {
    "event_id": "a23e5994a959e2bb614d527cfd5974ebd36105f6763a3a9087bb5d8245d7bb4e",
    "schema_version": "1.0.0",
    "event_type": "agent_order",
    "source": "synthetic_agent",
    "symbol": "BTCUSDT",
    "exchange": "binance_usdm",
    "timestamp": "2024-05-01T00:00:02.160000Z",
    "sequence": 27,
    "scenario_id": "scenario-197-momentum_ignition",
    "agent_id": "agent-momentum_ignition",
    "order_id": "scenario-197-momentum_ignition-agent-momentum_ignition-27",
    "action": "new",
    "side": "buy",
    "price": 65297.40337999999,
    "quantity": 0.08,
    "remaining_quantity": 0.08
  },
  {
    "event_id": "6364b3ce00ab7ca8669c614d6bac0034f2331075f337753d34c1ff49a7bd429a",
    "schema_version": "1.0.0",
    "event_type": "agent_order",
    "source": "synthetic_agent",
    "symbol": "BTCUSDT",
    "exchange": "binance_usdm",
    "timestamp": "2024-05-01T00:00:02.240000Z",
    "sequence": 28,
    "scenario_id": "scenario-197-momentum_ignition",
    "agent_id": "agent-momentum_ignition",
    "order_id": "scenario-197-momentum_ignition-agent-momentum_ignition-28",
    "action": "new",
    "side": "buy",
    "price": 65298.70731999999,
    "quantity": 0.08,
    "remaining_quantity": 0.08
  },
  {
    "event_id": "212b05100058f8a65d23113a415798a42119f7a6f511573430b7dd8fe09e1cfb",
    "schema_version": "1.0.0",
    "event_type": "agent_order",
    "source": "synthetic_agent",
    "symbol": "BTCUSDT",
    "exchange": "binance_usdm",
    "timestamp": "2024-05-01T00:00:02.320000Z",
    "sequence": 29,
    "scenario_id": "scenario-197-momentum_ignition",
    "agent_id": "agent-momentum_ignition",
    "order_id": "scenario-197-momentum_ignition-agent-momentum_ignition-29",
    "action": "new",
    "side": "buy",
    "price": 65300.01125999999,
    "quantity": 0.08,
    "remaining_quantity": 0.08
  }
]