[
  {
    "event_id": "a23c4bc38637f2d08dfde11642ec5a03aa74f67fe9b4f530a29816d7f8263bf0",
    "schema_version": "1.0.0",
    "event_type": "agent_order",
    "source": "synthetic_agent",
    "symbol": "BTCUSDT",
    "exchange": "binance_usdm",
    "timestamp": "2024-05-01T00:00:00Z",
    "sequence": 0,
    "scenario_id": "scenario-125-momentum_ignition",
    "agent_id": "agent-momentum_ignition",
    "order_id": "scenario-125-momentum_ignition-agent-momentum_ignition-0",
    "action": "new",
    "side": "buy",
    "price": 65190.12499999999,
    "quantity": 0.08,
    "remaining_quantity": 0.08
  },
  {
    "event_id": "a536af1725d6d1a28223073b449813a3ba115e024437ecd02c7ac09644daa947",
    "schema_version": "1.0.0",
    "event_type": "agent_order",
    "source": "synthetic_agent",
    "symbol": "BTCUSDT",
    "exchange": "binance_usdm",
    "timestamp": "2024-05-01T00:00:00.080000Z",
    "sequence": 1,
    "scenario_id": "scenario-125-momentum_ignition",
    "agent_id": "agent-momentum_ignition",
    "order_id": "scenario-125-momentum_ignition-agent-momentum_ignition-1",
    "action": "new",
    "side": "buy",
    "price": 65191.42749999998,
    "quantity": 0.08,
    "remaining_quantity": 0.08
  },
  {
    "event_id": "3255c4e8b56c981e705094d0e1e9eda6eb96579c0e7673db5427f5fb66492900",
    "schema_version": "1.0.0",
    "event_type": "agent_order",
    "source": "synthetic_agent",
    "symbol": "BTCUSDT",
    "exchange": "binance_usdm",
    "timestamp": "2024-05-01T00:00:00.160000Z",
    "sequence": 2,
    "scenario_id": "scenario-125-momentum_ignition",
    "agent_id": "agent-momentum_ignition",
    "order_id": "scenario-125-momentum_ignition-agent-momentum_ignition-2",
    "action": "new",
    "side": "buy",
    "price": 65192.729999999996,
    "quantity": 0.08,
    "remaining_quantity": 0.08
  },
  {
    "event_id": "476bd6dc5ff78447d1a70e89e3a22e028b33e456783faa8d74295cb5896e4d5f",
    "schema_version": "1.0.0",
    "event_type": "agent_order",
    "source": "synthetic_agent",
    "symbol": "BTCUSDT",
    "exchange": "binance_usdm",
    "timestamp": "2024-05-01T00:00:00.240000Z",
    "sequence": 3,
    "scenario_id": "scenario-125-momentum_ignition",
    "agent_id": "agent-momentum_ignition",
    "order_id": "scenario-125-momentum_ignition-agent-momentum_ignition-3",
    "action": "new",
    "side": "buy",
    "price": 65194.03249999999,
    "quantity": 0.08,
    "remaining_quantity": 0.08
  },
  {
    "event_id": "95d1d8af88cd01bf48d25b0a62316341cd6de748590a581ef851ab4350620fb4",
    "schema_version": "1.0.0",
    "event_type": "agent_order",
    "source": "synthetic_agent",
    "symbol": "BTCUSDT",
    "exchange": "binance_usdm",
    "timestamp": "2024-05-01T00:00:00.320000Z",
    "sequence": 4,
    "scenario_id": "scenario-125-momentum_ignition",
    "agent_id": "agent-momentum_ignition",
    "order_id": "scenario-125-momentum_ignition-agent-momentum_ignition-4",
    "action": "new",
    "side": "buy",
    "price": 65195.335,
    "quantity": 0.08,
    "remaining_quantity": 0.08
  },
  {
    "event_id": "79c103d9a7f9cdd30aa05808e4e727a7fbb2249bb7baad2b75f55862fe7d0028",
    "schema_version": "1.0.0",
    "event_type": "agent_order",
    "source": "synthetic_agent",
    "symbol": "BTCUSDT",
    "exchange": "binance_usdm",
    "timestamp": "2024-05-01T00:00:00.400000Z",
    "sequence": 5,
    "scenario_id": "scenario-125-momentum_ignition",
    "agent_id": "agent-momentum_ignition",
    "order_id": "scenario-125-momentum_ignition-agent-momentum_ignition-5",
    "action": "new",
    "side": "buy",
    "price": 65196.63749999999,
    "quantity": 0.08,
    "remaining_quantity": 0.08
  },
  {
    "event_id": "7fb32a30c44e87d305a02d1f8ecd7c597534db4587acb34d705f426897bbb93b",
    "schema_version": "1.0.0",
    "event_type": "agent_order",
    "source": "synthetic_agent",
    "symbol": "BTCUSDT",
    "exchange": "binance_usdm",
    "timestamp": "2024-05-01T00:00:00.480000Z",
    "sequence": 6,
    "scenario_id": "scenario-125-momentum_ignition",
    "agent_id": "agent-momentum_ignition",
    "order_id": "scenario-125-momentum_ignition-agent-momentum_ignition-6",
    "action": "new",
    "side": "buy",
    "price": 65197.93999999999,
    "quantity": 0.08,
    "remaining_quantity": 0.08
  },
  {
    "event_id": "02989a6e305119acc5b38b8fc29611651f0058b1eba96428fdccb6e1e7c71faf",
    "schema_version": "1.0.0",
    "event_type": "agent_order",
    "source": "synthetic_agent",
    "symbol": "BTCUSDT",
    "exchange": "binance_usdm",
    "timestamp": "2024-05-01T00:00:00.560000Z",
    "sequence": 7,
    "scenario_id": "scenario-125-momentum_ignition",
    "agent_id": "agent-momentum_ignition",
    "order_id": "scenario-125-momentum_ignition-agent-momentum_ignition-7",
    "action": "new",
    "side": "buy",
    "price": 65199.24249999999,
    "quantity": 0.08,
    "remaining_quantity": 0.08
  },
  {
    "event_id": "27daef5ba5f08b185f89d01a97e068114c316cdf51d68b3b388421cd639d1c1a",
    "schema_version": "1.0.0",
    "event_type": "agent_order",
    "source": "synthetic_agent",
    "symbol": "BTCUSDT",
    "exchange": "binance_usdm",
    "timestamp": "2024-05-01T00:00:00.640000Z",
    "sequence": 8,
    "scenario_id": "scenario-125-momentum_ignition",
    "agent_id": "agent-momentum_ignition",
    "order_id": "scenario-125-momentum_ignition-agent-momentum_ignition-8",
    "action": "new",
    "side": "buy",
    "price": 65200.54499999999,
    "quantity": 0.08,
    "remaining_quantity": 0.08
  },
  {
    "event_id": "79f3cb815c9781b1c8a3d5cd5ea15410872d88083bb355e74806c1653ba0105d",
    "schema_version": "1.0.0",
    "event_type": "agent_order",
    "source": "synthetic_agent",
    "symbol": "BTCUSDT",
    "exchange": "binance_usdm",
    "timestamp": "2024-05-01T00:00:00.720000Z",
    "sequence": 9,
    "scenario_id": "scenario-125-momentum_ignition",
    "agent_id": "agent-momentum_ignition",
    "order_id": "scenario-125-momentum_ignition-agent-momentum_ignition-9",
    "action": "new",
    "side": "buy",
    "price": 65201.847499999996,
    "quantity": 0.08,
    "remaining_quantity": 0.08
  },
  {
    "event_id": "7e6ed204b7e055273bbbb9a77c1b7fd760a1dc97dea6e6e956877f7438b27f4c",
    "schema_version": "1.0.0",
    "event_type": "agent_order",
    "source": "synthetic_agent",
    "symbol": "BTCUSDT",
    "exchange": "binance_usdm",
    "timestamp": "2024-05-01T00:00:00.800000Z",
    "sequence": 10,
    "scenario_id": "scenario-125-momentum_ignition",
    "agent_id": "agent-momentum_ignition",
    "order_id": "scenario-125-momentum_ignition-agent-momentum_ignition-10",
    "action": "new",
    "side": "buy",
    "price": 65203.149999999994,
    "quantity": 0.08,
    "remaining_quantity": 0.08
  },
  {
    "event_id": "3f7e21a13797e3cc5e546c13abd9954f7e966d05496bf1a075dcfc7a22615d7b",
    "schema_version": "1.0.0",
    "event_type": "agent_order",
    "source": "synthetic_agent",
    "symbol": "BTCUSDT",
    "exchange": "binance_usdm",
    "timestamp": "2024-05-01T00:00:00.880000Z",
    "sequence": 11,
    "scenario_id": "scenario-125-momentum_ignition",
    "agent_id": "agent-momentum_ignition",
    "order_id": "scenario-125-momentum_ignition-agent-momentum_ignition-11",
    "action": "new",
    "side": "buy",
    "price": 65204.4525,
    "quantity": 0.08,
    "remaining_quantity": 0.08
  },
  {
    "event_id": "12d78297d26ffc9085de38a32ed55815ab64722a73eecddaa73ea69bd28044e6",
    "schema_version": "1.0.0",
    "event_type": "agent_order",
    "source": "synthetic_agent",
    "symbol": "BTCUSDT",
    "exchange": "binance_usdm",
    "timestamp": "2024-05-01T00:00:00.960000Z",
    "sequence": 12,
    "scenario_id": "scenario-125-momentum_ignition",
    "agent_id": "agent-momentum_ignition",
    "order_id": "scenario-125-momentum_ignition-agent-momentum_ignition-12",
    "action": "new",
    "side": "buy",
    "price": 65205.755,
    "quantity": 0.08,
    "remaining_quantity": 0.08
  },
  {
    "event_id": "2dbe9d45ecace54d3a9c12ce977b0e4531ff11538c1c2adeace8471d9f50d791",
    "schema_version": "1.0.0",
    "event_type": "agent_order",
    "source": "synthetic_agent",
    "symbol": "BTCUSDT",
    "exchange": "binance_usdm",
    "timestamp": "2024-05-01T00:00:01.040000Z",
    "sequence": 13,
    "scenario_id": "scenario-125-momentum_ignition",
    "agent_id": "agent-momentum_ignition",
    "order_id": "scenario-125-momentum_ignition-agent-momentum_ignition-13",
    "action": "new",
    "side": "buy",
    "price": 65207.05749999999,
    "quantity": 0.08,
    "remaining_quantity": 0.08
  },
  {
    "event_id": "7201f372b9503c0ca87fa67df374b90428b3dd5c6f54338d7bd0609df0db8a7d",
    "schema_version": "1.0.0",
    "event_type": "agent_order",
    "source": "synthetic_agent",
    "symbol": "BTCUSDT",
    "exchange": "binance_usdm",
    "timestamp": "2024-05-01T00:00:01.120000Z",
    "sequence": 14,
    "scenario_id": "scenario-125-momentum_ignition",
    "agent_id": "agent-momentum_ignition",
    "order_id": "scenario-125-momentum_ignition-agent-momentum_ignition-14",
    "action": "new",
    "side": "buy",
    "price": 65208.35999999999,
    "quantity": 0.08,
    "remaining_quantity": 0.08
  },
  {
    "event_id": "f5f28bcac9cb286edee0cc403365e62026ceb0208ece3632863b1dec632f5791",
    "schema_version": "1.0.0",
    "event_type": "agent_order",
    "source": "synthetic_agent",
    "symbol": "BTCUSDT",
    "exchange": "binance_usdm",
    "timestamp": "2024-05-01T00:00:01.200000Z",
    "sequence": 15,
    "scenario_id": "scenario-125-momentum_ignition",
    "agent_id": "agent-momentum_ignition",
    "order_id": "scenario-125-momentum_ignition-agent-momentum_ignition-15",
    "action": "new",
    "side": "buy",
    "price": 65209.66249999999,
    "quantity": 0.08,
    "remaining_quantity": 0.08
  },
  {
    "event_id": "a13f77e4f50f7cdbcc352344dcb89d8363fe241e9bc6d3359787ad2f56d4628a",
    "schema_version": "1.0.0",
    "event_type": "agent_order",
    "source": "synthetic_agent",
    "symbol": "BTCUSDT",
    "exchange": "binance_usdm",
    "timestamp": "2024-05-01T00:00:01.280000Z",
    "sequence": 16,
    "scenario_id": "scenario-125-momentum_ignition",
    "agent_id": "agent-momentum_ignition",
    "order_id": "scenario-125-momentum_ignition-agent-momentum_ignition-16",
    "action": "new",
    "side": "buy",
    "price": 65210.965,
    "quantity": 0.08,
    "remaining_quantity": 0.08
  },
  {
    "event_id": "15ba9e628757eb3de9c5b9d8453eb00def063cfb013a00da315da672149d5b0d",
    "schema_version": "1.0.0",
    "event_type": "agent_order",
    "source": "synthetic_agent",
    "symbol": "BTCUSDT",
    "exchange": "binance_usdm",
    "timestamp": "2024-05-01T00:00:01.360000Z",
    "sequence": 17,
    "scenario_id": "scenario-125-momentum_ignition",
    "agent_id": "agent-momentum_ignition",
    "order_id": "scenario-125-momentum_ignition-agent-momentum_ignition-17",
    "action": "new",
    "side": "buy",
    "price": 65212.267499999994,
    "quantity": 0.08,
    "remaining_quantity": 0.08
  },
  {
    "event_id": "631ccd3076997eb30f6822ef1e50e24fc485a5090bcfd09975d41dc5db1f9c84",
    "schema_version": "1.0.0",
    "event_type": "agent_order",
    "source": "synthetic_agent",
    "symbol": "BTCUSDT",
    "exchange": "binance_usdm",
    "timestamp": "2024-05-01T00:00:01.440000Z",
    "sequence": 18,
    "scenario_id": "scenario-125-momentum_ignition",
    "agent_id": "agent-momentum_ignition",
    "order_id": "scenario-125-momentum_ignition-agent-momentum_ignition-18",
    "action": "new",
    "side": "buy",
    "price": 65213.569999999985,
    "quantity": 0.08,
    "remaining_quantity": 0.08
  },
  {
    "event_id": "1967964143bcd8146e2333cf52a134cfa0c2a0432779ebdb85f10f3010ce7643",
    "schema_version": "1.0.0",
    "event_type": "agent_order",
    "source": "synthetic_agent",
    "symbol": "BTCUSDT",
    "exchange": "binance_usdm",
    "timestamp": "2024-05-01T00:00:01.520000Z",
    "sequence": 19,
    "scenario_id": "scenario-125-momentum_ignition",
    "agent_id": "agent-momentum_ignition",
    "order_id": "scenario-125-momentum_ignition-agent-momentum_ignition-19",
    "action": "new",
    "side": "buy",
    "price": 65214.8725,
    "quantity": 0.08,
    "remaining_quantity": 0.08
  },
  {
    "event_id": "6b799e3ea9241a66787f29caf9eac37e4bf2b0185e4f90294476a8afbf5f7f71",
    "schema_version": "1.0.0",
    "event_type": "agent_order",
    "source": "synthetic_agent",
    "symbol": "BTCUSDT",
    "exchange": "binance_usdm",
    "timestamp": "2024-05-01T00:00:01.600000Z",
    "sequence": 20,
    "scenario_id": "scenario-125-momentum_ignition",
    "agent_id": "agent-momentum_ignition",
    "order_id": "scenario-125-momentum_ignition-agent-momentum_ignition-20",
    "action": "new",
    "side": "buy",
    "price": 65216.17499999999,
    "quantity": 0.08,
    "remaining_quantity": 0.08
  },
  {
    "event_id": "4a2248d46cfedad98d0a2cb531f7bfb82374a73804efdaabb43eccedf6477666",
    "schema_version": "1.0.0",
    "event_type": "agent_order",
    "source": "synthetic_agent",
    "symbol": "BTCUSDT",
    "exchange": "binance_usdm",
    "timestamp": "2024-05-01T00:00:01.680000Z",
    "sequence": 21,
    "scenario_id": "scenario-125-momentum_ignition",
    "agent_id": "agent-momentum_ignition",
    "order_id": "scenario-125-momentum_ignition-agent-momentum_ignition-21",
    "action": "new",
    "side": "buy",
    "price": 65217.4775,
    "quantity": 0.08,
    "remaining_quantity": 0.08
  },
  {
    "event_id": "517e43a463d2d0303b62f19ab7064e902df2455e68c8e8acb378302d203f887d",
    "schema_version": "1.0.0",
    "event_type": "agent_order",
    "source": "synthetic_agent",
    "symbol": "BTCUSDT",
    "exchange": "binance_usdm",
    "timestamp": "2024-05-01T00:00:01.760000Z",
    "sequence": 22,
    "scenario_id": "scenario-125-momentum_ignition",
    "agent_id": "agent-momentum_ignition",
    "order_id": "scenario-125-momentum_ignition-agent-momentum_ignition-22",
    "action": "new",
    "side": "buy",
    "price": 65218.77999999999,
    "quantity": 0.08,
    "remaining_quantity": 0.08
  },
  {
    "event_id": "91c1e6aef2c34c1ffc5d0a3daee981588a7dcc016f6242d94cf5d0876f252a5b",
    "schema_version": "1.0.0",
    "event_type": "agent_order",
    "source": "synthetic_agent",
    "symbol": "BTCUSDT",
    "exchange": "binance_usdm",
    "timestamp": "2024-05-01T00:00:01.840000Z",
    "sequence": 23,
    "scenario_id": "scenario-125-momentum_ignition",
    "agent_id": "agent-momentum_ignition",
    "order_id": "scenario-125-momentum_ignition-agent-momentum_ignition-23",
    "action": "new",
    "side": "buy",
    "price": 65220.08249999999,
    "quantity": 0.08,
    "remaining_quantity": 0.08
  },
  {
    "event_id": "05f1d080b9bea6070ed03bc27a6e0828e0e693196e8080449b429d6c7e8aa410",
    "schema_version": "1.0.0",
    "event_type": "agent_order",
    "source": "synthetic_agent",
    "symbol": "BTCUSDT",
    "exchange": "binance_usdm",
    "timestamp": "2024-05-01T00:00:01.920000Z",
    "sequence": 24,
    "scenario_id": "scenario-125-momentum_ignition",
    "agent_id": "agent-momentum_ignition",
    "order_id": "scenario-125-momentum_ignition-agent-momentum_ignition-24",
    "action": "new",
    "side": "buy",
    "price": 65221.384999999995,
    "quantity": 0.08,
    "remaining_quantity": 0.08
  },
  {
    "event_id": "a7eeee9e00e6e6df85109c74f88b3f23dac05ea38adcee3594361992e8979dbc",
    "schema_version": "1.0.0",
    "event_type": "agent_order",
    "source": "synthetic_agent",
    "symbol": "BTCUSDT",
    "exchange": "binance_usdm",
    "timestamp": "2024-05-01T00:00:02Z",
    "sequence": 25,
    "scenario_id": "scenario-125-momentum_ignition",
    "agent_id": "agent-momentum_ignition",
    "order_id": "scenario-125-momentum_ignition-agent-momentum_ignition-25",
    "action": "new",
    "side": "buy",
    "price": 65222.68749999999,
    "quantity": 0.08,
    "remaining_quantity": 0.08
  },
  {
    "event_id": "196510d03bde14b51c18e00b215ebc1d5e1ba5910a7c42e5ea15567f4c56d234",
    "schema_version": "1.0.0",
    "event_type": "agent_order",
    "source": "synthetic_agent",
    "symbol": "BTCUSDT",
    "exchange": "binance_usdm",
    "timestamp": "2024-05-01T00:00:02.080000Z",
    "sequence": 26,
    "scenario_id": "scenario-125-momentum_ignition",
    "agent_id": "agent-momentum_ignition",
    "order_id": "scenario-125-momentum_ignition-agent-momentum_ignition-26",
    "action": "new",
    "side": "buy",
    "price": 65223.99,
    "quantity": 0.08,
    "remaining_quantity": 0.08
  },
  {
    "event_id": "3c7c1212d687b609785e4590357331cc2d05c189b5f6f6aca7032c1a57d65dd8",
    "schema_version": "1.0.0",
    "event_type": "agent_order",
    "source": "synthetic_agent",
    "symbol": "BTCUSDT",
    "exchange": "binance_usdm",
    "timestamp": "2024-05-01T00:00:02.160000Z",
    "sequence": 27,
    "scenario_id": "scenario-125-momentum_ignition",
    "agent_id": "agent-momentum_ignition",
    "order_id": "scenario-125-momentum_ignition-agent-momentum_ignition-27",
    "action": "new",
    "side": "buy",
    "price": 65225.29249999999,
    "quantity": 0.08,
    "remaining_quantity": 0.08
  },
  {
    "event_id": "1b8b8ddefd3317ce19bb7d560337d3eb85918d9f35fe024294e553ed9d61d6f2",
    "schema_version": "1.0.0",
    "event_type": "agent_order",
    "source": "synthetic_agent",
    "symbol": "BTCUSDT",
    "exchange": "binance_usdm",
    "timestamp": "2024-05-01T00:00:02.240000Z",
    "sequence": 28,
    "scenario_id": "scenario-125-momentum_ignition",
    "agent_id": "agent-momentum_ignition",
    "order_id": "scenario-125-momentum_ignition-agent-momentum_ignition-28",
    "action": "new",
    "side": "buy",
    "price": 65226.59499999999,
    "quantity": 0.08,
    "remaining_quantity": 0.08
  },
  {
    "event_id": "1acca09c825017b5ced45e72de3251d36c5f315200a3b0b46e45676a4268fbb5",
    "schema_version": "1.0.0",
    "event_type": "agent_order",
    "source": "synthetic_agent",
    "symbol": "BTCUSDT",
    "exchange": "binance_usdm",
    "timestamp": "2024-05-01T00:00:02.320000Z",
    "sequence": 29,
    "scenario_id": "scenario-125-momentum_ignition",
    "agent_id": "agent-momentum_ignition",
    "order_id": "scenario-125-momentum_ignition-agent-momentum_ignition-29",
    "action": "new",
    "side": "buy",
    "price": 65227.89749999999,
    "quantity": 0.08,
    "remaining_quantity": 0.08
  }
]