[
  {
    "event_id": "45a177a81bc4e4e70ea6cfe61e6de73231f59abdb6cc856e0a0ea07a055b70b1",
    "schema_version": "1.0.0",
    "event_type": "agent_order",
    "source": "synthetic_agent",
    "symbol": "BTCUSDT",
    "exchange": "binance_usdm",
    "timestamp": "2024-05-01T00:00:00Z",
    "sequence": 0,
    "scenario_id": "scenario-129-stop_run_sweep",
    "agent_id": "agent-stop_run_sweep",
    "order_id": "scenario-129-stop_run_sweep-agent-stop_run_sweep-0",
    "action": "new",
    "side": "buy",
    "price": 65194.12899999999,
    "quantity": 0.06,
    "remaining_quantity": 0.06
  },
  {
    "event_id": "d54b258f50f0a5c49de214c37f0e9cdfff775451f3513c05e0897f5caa44e46b",
    "schema_version": "1.0.0",
    "event_type": "agent_order",
    "source": "synthetic_agent",
    "symbol": "BTCUSDT",
    "exchange": "binance_usdm",
    "timestamp": "2024-05-01T00:00:00.030000Z",
    "sequence": 1,
    "scenario_id": "scenario-129-stop_run_sweep",
    "agent_id": "agent-stop_run_sweep",
    "order_id": "scenario-129-stop_run_sweep-agent-stop_run_sweep-1",
    "action": "new",
    "side": "buy",
    "price": 65197.38545,
    "quantity": 0.06,
    "remaining_quantity": 0.06
  },
  {
    "event_id": "154d8a803f315ed01b67052af6838a70ca661411c6dad5f0e5f13bffe73f4813",
    "schema_version": "1.0.0",
    "event_type": "agent_order",
    "source": "synthetic_agent",
    "symbol": "BTCUSDT",
    "exchange": "binance_usdm",
    "timestamp": "2024-05-01T00:00:00.060000Z",
    "sequence": 2,
    "scenario_id": "scenario-129-stop_run_sweep",
    "agent_id": "agent-stop_run_sweep",
    "order_id": "scenario-129-stop_run_sweep-agent-stop_run_sweep-2",
    "action": "new",
    "side": "buy",
    "price": 65200.641899999995,
    "quantity": 0.06,
    "remaining_quantity": 0.06
  },
  {
    "event_id": "da8a074c84c1f325c242f6ae6f34bd3ed98930a5ea9c9cfb520d36b87b6fcbfc",
    "schema_version": "1.0.0",
    "event_type": "agent_order",
    "source": "synthetic_agent",
    "symbol": "BTCUSDT",
    "exchange": "binance_usdm",
    "timestamp": "2024-05-01T00:00:00.090000Z",
    "sequence": 3,
    "scenario_id": "scenario-129-stop_run_sweep",
    "agent_id": "agent-stop_run_sweep",
    "order_id": "scenario-129-stop_run_sweep-agent-stop_run_sweep-3",
    "action": "new",
    "side": "buy",
    "price": 65203.898349999996,
    "quantity": 0.06,
    "remaining_quantity": 0.06
  },
  {
    "event_id": "aaaadbe9db777abea57b5f9fa19050cf90af9845de1939c392f8009935178bc8",
    "schema_version": "1.0.0",
    "event_type": "agent_order",
    "source": "synthetic_agent",
    "symbol": "BTCUSDT",
    "exchange": "binance_usdm",
    "timestamp": "2024-05-01T00:00:00.120000Z",
    "sequence": 4,
    "scenario_id": "scenario-129-stop_run_sweep",
    "agent_id": "agent-stop_run_sweep",
    "order_id": "scenario-129-stop_run_sweep-agent-stop_run_sweep-4",
    "action": "new",
    "side": "buy",
    "price": 65207.15479999999,
    "quantity": 0.06,
    "remaining_quantity": 0.06
  },
  {
    "event_id": "1e1e779fed0ec81bb5f711f05eeb95ed585a391a8d096f6abee48c7c644786d2",
    "schema_version": "1.0.0",
    "event_type": "agent_order",
    "source": "synthetic_agent",
    "symbol": "BTCUSDT",
    "exchange": "binance_usdm",
    "timestamp": "2024-05-01T00:00:00.150000Z",
    "sequence": 5,
    "scenario_id": "scenario-129-stop_run_sweep",
    "agent_id": "agent-stop_run_sweep",
    "order_id": "scenario-129-stop_run_sweep-agent-stop_run_sweep-5",
    "action": "new",
    "side": "buy",
    "price": 65210.41125,
    "quantity": 0.06,
    "remaining_quantity": 0.06
  },
  {
    "event_id": "5f0a06841637e9be1d9e7d814f9d3fe77b6e4777081c6763b51ba8dd80b2144f",
    "schema_version": "1.0.0",
    "event_type": "agent_order",
    "source": "synthetic_agent",
    "symbol": "BTCUSDT",
    "exchange": "binance_usdm",
    "timestamp": "2024-05-01T00:00:00.180000Z",
    "sequence": 6,
    "scenario_id": "scenario-129-stop_run_sweep",
    "agent_id": "agent-stop_run_sweep",
    "order_id": "scenario-129-stop_run_sweep-agent-stop_run_sweep-6",
    "action": "new",
    "side": "buy",
    "price": 65213.66769999999,
    "quantity": 0.06,
    "remaining_quantity": 0.06
  },
  {
    "event_id": "478e1407cf9bdbd5a1fec27381096702a16f355fe5416c81cc102eec294b0a29",
    "schema_version": "1.0.0",
    "event_type": "agent_order",
    "source": "synthetic_agent",
    "symbol": "BTCUSDT",
    "exchange": "binance_usdm",
    "timestamp": "2024-05-01T00:00:00.210000Z",
    "sequence": 7,
    "scenario_id": "scenario-129-stop_run_sweep",
    "agent_id": "agent-stop_run_sweep",
    "order_id": "scenario-129-stop_run_sweep-agent-stop_run_sweep-7",
    "action": "new",
    "side": "buy",
    "price": 65216.92415,
    "quantity": 0.06,
    "remaining_quantity": 0.06
  },
  {
    "event_id": "12efbe242806b6c87ecff1577461d4ddb9757d02508d2086bacfd580df14e90b",
    "schema_version": "1.0.0",
    "event_type": "agent_order",
    "source": "synthetic_agent",
    "symbol": "BTCUSDT",
    "exchange": "binance_usdm",
    "timestamp": "2024-05-01T00:00:00.240000Z",
    "sequence": 8,
    "scenario_id": "scenario-129-stop_run_sweep",
    "agent_id": "agent-stop_run_sweep",
    "order_id": "scenario-129-stop_run_sweep-agent-stop_run_sweep-8",
    "action": "new",
    "side": "buy",
    "price": 65220.18059999999,
    "quantity": 0.06,
    "remaining_quantity": 0.06
  },
  {
    "event_id": "2a31fb512f5fd02a351507e2a4e54f0829057d252a69cfb0f670f1b514f5b4aa",
    "schema_version": "1.0.0",
    "event_type": "agent_order",
    "source": "synthetic_agent",
    "symbol": "BTCUSDT",
    "exchange": "binance_usdm",
    "timestamp": "2024-05-01T00:00:00.270000Z",
    "sequence": 9,
    "scenario_id": "scenario-129-stop_run_sweep",
    "agent_id": "agent-stop_run_sweep",
    "order_id": "scenario-129-stop_run_sweep-agent-stop_run_sweep-9",
    "action": "new",
    "side": "buy",
    "price": 65223.43705,
    "quantity": 0.06,
    "remaining_quantity": 0.06
  },
  {
    "event_id": "5bdce99a91cbe00ca63495f10ec3d78cf56214b98bb6355f0a656b59a57ca425",
    "schema_version": "1.0.0",
    "event_type": "agent_order",
    "source": "synthetic_agent",
    "symbol": "BTCUSDT",
    "exchange": "binance_usdm",
    "timestamp": "2024-05-01T00:00:00.300000Z",
    "sequence": 10,
    "scenario_id": "scenario-129-stop_run_sweep",
    "agent_id": "agent-stop_run_sweep",
    "order_id": "scenario-129-stop_run_sweep-agent-stop_run_sweep-10",
    "action": "new",
    "side": "buy",
    "price": 65226.69349999999,
    "quantity": 0.06,
    "remaining_quantity": 0.06
  },
  {
    "event_id": "dd33212eff9e012f17b92b57140356ec3b13438f99ec60b5b9e05dc982aa64be",
    "schema_version": "1.0.0",
    "event_type": "agent_order",
    "source": "synthetic_agent",
    "symbol": "BTCUSDT",
    "exchange": "binance_usdm",
    "timestamp": "2024-05-01T00:00:00.330000Z",
    "sequence": 11,
    "scenario_id": "scenario-129-stop_run_sweep",
    "agent_id": "agent-stop_run_sweep",
    "order_id": "scenario-129-stop_run_sweep-agent-stop_run_sweep-11",
    "action": "new",
    "side": "buy",
    "price": 65229.949949999995,
    "quantity": 0.06,
    "remaining_quantity": 0.06
  },
  {
    "event_id": "8bf93cb6339d19588be913c7b690f20830d78e256ae399543656337fa9d65172",
    "schema_version": "1.0.0",
    "event_type": "agent_order",
    "source": "synthetic_agent",
    "symbol": "BTCUSDT",
    "exchange": "binance_usdm",
    "timestamp": "2024-05-01T00:00:00.360000Z",
    "sequence": 12,
    "scenario_id": "scenario-129-stop_run_sweep",
    "agent_id": "agent-stop_run_sweep",
    "order_id": "scenario-129-stop_run_sweep-agent-stop_run_sweep-12",
    "action": "new",
    "side": "buy",
    "price": 65233.20639999999,
    "quantity": 0.06,
    "remaining_quantity": 0.06
  },
  {
    "event_id": "e6c4d6d0e9e0f41e61d6fe76aaa71054c46cf3307279acba06d4eaaa6664746c",
    "schema_version": "1.0.0",
    "event_type": "agent_order",
    "source": "synthetic_agent",
    "symbol": "BTCUSDT",
    "exchange": "binance_usdm",
    "timestamp": "2024-05-01T00:00:00.390000Z",
    "sequence": 13,
    "scenario_id": "scenario-129-stop_run_sweep",
    "agent_id": "agent-stop_run_sweep",
    "order_id": "scenario-129-stop_run_sweep-agent-stop_run_sweep-13",
    "action": "new",
    "side": "buy",
    "price": 65236.462849999996,
    "quantity": 0.06,
    "remaining_quantity": 0.06
  },
  {
    "event_id": "17f1e8306a8f9774a812ff2728379dcad1f260fab76817917747e4214439d831",
    "schema_version": "1.0.0",
    "event_type": "agent_order",
    "source": "synthetic_agent",
    "symbol": "BTCUSDT",
    "exchange": "binance_usdm",
    "timestamp": "2024-05-01T00:00:00.420000Z",
    "sequence": 14,
    "scenario_id": "scenario-129-stop_run_sweep",
    "agent_id": "agent-stop_run_sweep",
    "order_id": "scenario-129-stop_run_sweep-agent-stop_run_sweep-14",
    "action": "new",
    "side": "buy",
    "price": 65239.71929999999,
    "quantity": 0.06,
    "remaining_quantity": 0.06
  },
  {
    "event_id": "16898bac8b6b66a691c10836cfe25cdf4731ff1627e009a51078f339816642b5",
    "schema_version": "1.0.0",
    "event_type": "agent_order",
    "source": "synthetic_agent",
    "symbol": "BTCUSDT",
    "exchange": "binance_usdm",
    "timestamp": "2024-05-01T00:00:00.450000Z",
    "sequence": 15,
    "scenario_id": "scenario-129-stop_run_sweep",
    "agent_id": "agent-stop_run_sweep",
    "order_id": "scenario-129-stop_run_sweep-agent-stop_run_sweep-15",
    "action": "new",
    "side": "buy",
    "price": 65242.97575,
    "quantity": 0.06,
    "remaining_quantity": 0.06
  },
  {
    "event_id": "4f9b7015b899cbf39fd06e1cad46815bf1b8a3891cac1c151d5ff6e2737a5a07",
    "schema_version": "1.0.0",
    "event_type": "agent_order",
    "source": "synthetic_agent",
    "symbol": "BTCUSDT",
    "exchange": "binance_usdm",
    "timestamp": "2024-05-01T00:00:00.480000Z",
    "sequence": 16,
    "scenario_id": "scenario-129-stop_run_sweep",
    "agent_id": "agent-stop_run_sweep",
    "order_id": "scenario-129-stop_run_sweep-agent-stop_run_sweep-16",
    "action": "new",
    "side": "buy",
    "price": 65246.232199999984,
    "quantity": 0.06,
    "remaining_quantity": 0.06
  },
  {
    "event_id": "e680d145e35b709a9c9ee7143e123588c25ef642886294e9e00fef1e58387c77",
    "schema_version": "1.0.0",
    "event_type": "agent_order",
    "source": "synthetic_agent",
    "symbol": "BTCUSDT",
    "exchange": "binance_usdm",
    "timestamp": "2024-05-01T00:00:00.510000Z",
    "sequence": 17,
    "scenario_id": "scenario-129-stop_run_sweep",
    "agent_id": "agent-stop_run_sweep",
    "order_id": "scenario-129-stop_run_sweep-agent-stop_run_sweep-17",
    "action": "new",
    "side": "buy",
    "price": 65249.48864999999,
    "quantity": 0.06,
    "remaining_quantity": 0.06
  },
  {
    "event_id": "7e31bb18846bf17274e7c1084b6fc527372b40cb91f9f0710ec658c18af7e58d",
    "schema_version": "1.0.0",
    "event_type": "agent_order",
    "source": "synthetic_agent",
    "symbol": "BTCUSDT",
    "exchange": "binance_usdm",
    "timestamp": "2024-05-01T00:00:00.540000Z",
    "sequence": 18,
    "scenario_id": "scenario-129-stop_run_sweep",
    "agent_id": "agent-stop_run_sweep",
    "order_id": "scenario-129-stop_run_sweep-agent-stop_run_sweep-18",
    "action": "new",
    "side": "buy",
    "price": 65252.745099999986,
    "quantity": 0.06,
    "remaining_quantity": 0.06
  },
  {
    "event_id": "7bc833e443b60dab307af3f949a2607b315a14cb570cb086ba965558df65e493",
    "schema_version": "1.0.0",
    "event_type": "agent_order",
    "source": "synthetic_agent",
    "symbol": "BTCUSDT",
    "exchange": "binance_usdm",
    "timestamp": "2024-05-01T00:00:00.570000Z",
    "sequence": 19,
    "scenario_id": "scenario-129-stop_run_sweep",
    "agent_id": "agent-stop_run_sweep",
    "order_id": "scenario-129-stop_run_sweep-agent-stop_run_sweep-19",
    "action": "new",
    "side": "buy",
    "price": 65256.00154999999,
    "quantity": 0.06,
    "remaining_quantity": 0.06
  },
  {
    "event_id": "b8bdc2b16ce569f9b968b0c9dd700463a22f40ff9a538d667d3494aa923df1d5",
    "schema_version": "1.0.0",
    "event_type": "agent_order",
    "source": "synthetic_agent",
    "symbol": "BTCUSDT",
    "exchange": "binance_usdm",
    "timestamp": "2024-05-01T00:00:00.600000Z",
    "sequence": 20,
    "scenario_id": "scenario-129-stop_run_sweep",
    "agent_id": "agent-stop_run_sweep",
    "order_id": "scenario-129-stop_run_sweep-agent-stop_run_sweep-20",
    "action": "new",
    "side": "buy",
    "price": 65259.25799999999,
    "quantity": 0.06,
    "remaining_quantity": 0.06
  },
  {
    "event_id": "6f1387d8797a884af64f44e99363c206576a1144d71efca85750cf39450e7531",
    "schema_version": "1.0.0",
    "event_type": "agent_order",
    "source": "synthetic_agent",
    "symbol": "BTCUSDT",
    "exchange": "binance_usdm",
    "timestamp": "2024-05-01T00:00:00.630000Z",
    "sequence": 21,
    "scenario_id": "scenario-129-stop_run_sweep",
    "agent_id": "agent-stop_run_sweep",
    "order_id": "scenario-129-stop_run_sweep-agent-stop_run_sweep-21",
    "action": "new",
    "side": "buy",
    "price": 65262.514449999995,
    "quantity": 0.06,
    "remaining_quantity": 0.06
  },
  {
    "event_id": "a8162f918048b0a1d875afeb8ba0331d272ffc15f538eb771ef5a5d139050e2f",
    "schema_version": "1.0.0",
    "event_type": "agent_order",
    "source": "synthetic_agent",
    "symbol": "BTCUSDT",
    "exchange": "binance_usdm",
    "timestamp": "2024-05-01T00:00:00.660000Z",
    "sequence": 22,
    "scenario_id": "scenario-129-stop_run_sweep",
    "agent_id": "agent-stop_run_sweep",
    "order_id": "scenario-129-stop_run_sweep-agent-stop_run_sweep-22",
    "action": "new",
    "side": "buy",
    "price": 65265.770899999996,
    "quantity": 0.06,
    "remaining_quantity": 0.06
  },
  {
    "event_id": "9e4c9de2b58e0b383696b6068089459d6fde0329f83547d4f3757a8efe912ae9",
    "schema_version": "1.0.0",
    "event_type": "agent_order",
    "source": "synthetic_agent",
    "symbol": "BTCUSDT",
    "exchange": "binance_usdm",
    "timestamp": "2024-05-01T00:00:00.690000Z",
    "sequence": 23,
    "scenario_id": "scenario-129-stop_run_sweep",
    "agent_id": "agent-stop_run_sweep",
    "order_id": "scenario-129-stop_run_sweep-agent-stop_run_sweep-23",
    "action": "new",
    "side": "buy",
    "price": 65269.02734999999,
    "quantity": 0.06,
    "remaining_quantity": 0.06
  },
  {
    "event_id": "2a5378dc99dfbe5241cbbb135256ebef747b90671a7fc01b3482c2f8f0308ceb",
    "schema_version": "1.0.0",
    "event_type": "agent_order",
    "source": "synthetic_agent",
    "symbol": "BTCUSDT",
    "exchange": "binance_usdm",
    "timestamp": "2024-05-01T00:00:00.720000Z",
    "sequence": 24,
    "scenario_id": "scenario-129-stop_run_sweep",
    "agent_id": "agent-stop_run_sweep",
    "order_id": "scenario-129-stop_run_sweep-agent-stop_run_sweep-24",
    "action": "new",
    "side": "buy",
    "price": 65272.2838,
    "quantity": 0.06,
    "remaining_quantity": 0.06
  },
  {
    "event_id": "d1ca993808ed9a909a1f0b18892fc0b411d6f1604abfd05083379456a04deee9",
    "schema_version": "1.0.0",
    "event_type": "agent_order",
    "source": "synthetic_agent",
    "symbol": "BTCUSDT",
    "exchange": "binance_usdm",
    "timestamp": "2024-05-01T00:00:00.750000Z",
    "sequence": 25,
    "scenario_id": "scenario-129-stop_run_sweep",
    "agent_id": "agent-stop_run_sweep",
    "order_id": "scenario-129-stop_run_sweep-agent-stop_run_sweep-25",
    "action": "new",
    "side": "buy",
    "price": 65275.54024999999,
    "quantity": 0.06,
    "remaining_quantity": 0.06
  },
  {
    "event_id": "ab07dcf4680bcd87d47287d2f5f35845ac52f176613d6c40520f3c485020b59e",
    "schema_version": "1.0.0",
    "event_type": "agent_order",
    "source": "synthetic_agent",
    "symbol": "BTCUSDT",
    "exchange": "binance_usdm",
    "timestamp": "2024-05-01T00:00:00.780000Z",
    "sequence": 26,
    "scenario_id": "scenario-129-stop_run_sweep",
    "agent_id": "agent-stop_run_sweep",
    "order_id": "scenario-129-stop_run_sweep-agent-stop_run_sweep-26",
    "action": "new",
    "side": "buy",
    "price": 65278.7967,
    "quantity": 0.06,
    "remaining_quantity": 0.06
  },
  {
    "event_id": "3ab448cf92b8e92950643fbf61587942d892da3d4efa9dff3b633003c27c3eb7",
    "schema_version": "1.0.0",
    "event_type": "agent_order",
    "source": "synthetic_agent",
    "symbol": "BTCUSDT",
    "exchange": "binance_usdm",
    "timestamp": "2024-05-01T00:00:00.810000Z",
    "sequence": 27,
    "scenario_id": "scenario-129-stop_run_sweep",
    "agent_id": "agent-stop_run_sweep",
    "order_id": "scenario-129-stop_run_sweep-agent-stop_run_sweep-27",
    "action": "new",
    "side": "buy",
    "price": 65282.05314999999,
    "quantity": 0.06,
    "remaining_quantity": 0.06
  },
  {
    "event_id": "99e2f498963cba857d4523480a4ca2208117b2ffbeff52e71db674c67b94e562",
    "schema_version": "1.0.0",
    "event_type": "agent_order",
    "source": "synthetic_agent",
    "symbol": "BTCUSDT",
    "exchange": "binance_usdm",
    "timestamp": "2024-05-01T00:00:00.840000Z",
    "sequence": 28,
    "scenario_id": "scenario-129-stop_run_sweep",
    "agent_id": "agent-stop_run_sweep",
    "order_id": "scenario-129-stop_run_sweep-agent-stop_run_sweep-28",
    "action": "new",
    "side": "buy",
    "price": 65285.3096,
    "quantity": 0.06,
    "remaining_quantity": 0.06
  },
  {
    "event_id": "d5b7041fc3464d2caf2c694012233386fb1c9e9b3d9fcd55e2bd1cfbd936c597",
    "schema_version": "1.0.0",
    "event_type": "agent_order",
    "source": "synthetic_agent",
    "symbol": "BTCUSDT",
    "exchange": "binance_usdm",
    "timestamp": "2024-05-01T00:00:00.870000Z",
    "sequence": 29,
    "scenario_id": "scenario-129-stop_run_sweep",
    "agent_id": "agent-stop_run_sweep",
    "order_id": "scenario-129-stop_run_sweep-agent-stop_run_sweep-29",
    "action": "new",
    "side": "buy",
    "price": 65288.56604999999,
    "quantity": 0.06,
    "remaining_quantity": 0.06
  }
]