[
  {
    "event_id": "bb1b24e0eb6ed9ae25e876092a0307e7a113abb3081b0a9f9aac04214ba5062a",
    "schema_version": "1.0.0",
    "event_type": "agent_order",
    "source": "synthetic_agent",
    "symbol": "BTCUSDT",
    "exchange": "binance_usdm",
    "timestamp": "2024-05-01T00:00:00Z",
    "sequence": 0,
    "scenario_id": "scenario-065-momentum_ignition",
    "agent_id": "agent-momentum_ignition",
    "order_id": "scenario-065-momentum_ignition-agent-momentum_ignition-0",
    "action": "new",
    "side": "buy",
    "price": 65130.064999999995,
    "quantity": 0.08,
    "remaining_quantity": 0.08
  },
  {
    "event_id": "21574d19885682d5c1db6bd8758b45a29102e0df0bf8ba03aeda3b9d3fe2b527",
    "schema_version": "1.0.0",
    "event_type": "agent_order",
    "source": "synthetic_agent",
    "symbol": "BTCUSDT",
    "exchange": "binance_usdm",
    "timestamp": "2024-05-01T00:00:00.080000Z",
    "sequence": 1,
    "scenario_id": "scenario-065-momentum_ignition",
    "agent_id": "agent-momentum_ignition",
    "order_id": "scenario-065-momentum_ignition-agent-momentum_ignition-1",
    "action": "new",
    "side": "buy",
    "price": 65131.36629999999,
    "quantity": 0.08,
    "remaining_quantity": 0.08
  },
  {
    "event_id": "9635ec013a4f8640ad690ed0b24551d0f53545dec686c74a4c328c078cee42e9",
    "schema_version": "1.0.0",
    "event_type": "agent_order",
    "source": "synthetic_agent",
    "symbol": "BTCUSDT",
    "exchange": "binance_usdm",
    "timestamp": "2024-05-01T00:00:00.160000Z",
    "sequence": 2,
    "scenario_id": "scenario-065-momentum_ignition",
    "agent_id": "agent-momentum_ignition",
    "order_id": "scenario-065-momentum_ignition-agent-momentum_ignition-2",
    "action": "new",
    "side": "buy",
    "price": 65132.66759999999,
    "quantity": 0.08,
    "remaining_quantity": 0.08
  },
  {
    "event_id": "3566772c66a5bd5be1e7f561af2460bb491c494fe3e358c17404a7f00bfaf0d1",
    "schema_version": "1.0.0",
    "event_type": "agent_order",
    "source": "synthetic_agent",
    "symbol": "BTCUSDT",
    "exchange": "binance_usdm",
    "timestamp": "2024-05-01T00:00:00.240000Z",
    "sequence": 3,
    "scenario_id": "scenario-065-momentum_ignition",
    "agent_id": "agent-momentum_ignition",
    "order_id": "scenario-065-momentum_ignition-agent-momentum_ignition-3",
    "action": "new",
    "side": "buy",
    "price": 65133.96889999999,
    "quantity": 0.08,
    "remaining_quantity": 0.08
  },
  {
    "event_id": "c65315a1e6bd3dfdf74dd89a458c339ab52675ae5ade73f20e0b52a2d7b58863",
    "schema_version": "1.0.0",
    "event_type": "agent_order",
    "source": "synthetic_agent",
    "symbol": "BTCUSDT",
    "exchange": "binance_usdm",
    "timestamp": "2024-05-01T00:00:00.320000Z",
    "sequence": 4,
    "scenario_id": "scenario-065-momentum_ignition",
    "agent_id": "agent-momentum_ignition",
    "order_id": "scenario-065-momentum_ignition-agent-momentum_ignition-4",
    "action": "new",
    "side": "buy",
    "price": 65135.2702,
    "quantity": 0.08,
    "remaining_quantity": 0.08
  },
  {
    "event_id": "255e272e2ead63b0ed950d9f7143fe03774ead052a4e1d6b3a7577bfdb279834",
    "schema_version": "1.0.0",
    "event_type": "agent_order",
    "source": "synthetic_agent",
    "symbol": "BTCUSDT",
    "exchange": "binance_usdm",
    "timestamp": "2024-05-01T00:00:00.400000Z",
    "sequence": 5,
    "scenario_id": "scenario-065-momentum_ignition",
    "agent_id": "agent-momentum_ignition",
    "order_id": "scenario-065-momentum_ignition-agent-momentum_ignition-5",
    "action": "new",
    "side": "buy",
    "price": 65136.57149999999,
    "quantity": 0.08,
    "remaining_quantity": 0.08
  },
  {
    "event_id": "2f12d81b1fe59556722b274d3466850c6f1cb2918d2676cc088719e3d2b4a3ba",
    "schema_version": "1.0.0",
    "event_type": "agent_order",
    "source": "synthetic_agent",
    "symbol": "BTCUSDT",
    "exchange": "binance_usdm",
    "timestamp": "2024-05-01T00:00:00.480000Z",
    "sequence": 6,
    "scenario_id": "scenario-065-momentum_ignition",
    "agent_id": "agent-momentum_ignition",
    "order_id": "scenario-065-momentum_ignition-agent-momentum_ignition-6",
    "action": "new",
    "side": "buy",
    "price": 65137.87279999998,
    "quantity": 0.08,
    "remaining_quantity": 0.08
  },
  {
    "event_id": "694b8041118be38855d6a0a3db7e07dfd658ef47d4453650446fac14488d4a69",
    "schema_version": "1.0.0",
    "event_type": "agent_order",
    "source": "synthetic_agent",
    "symbol": "BTCUSDT",
    "exchange": "binance_usdm",
    "timestamp": "2024-05-01T00:00:00.560000Z",
    "sequence": 7,
    "scenario_id": "scenario-065-momentum_ignition",
    "agent_id": "agent-momentum_ignition",
    "order_id": "scenario-065-momentum_ignition-agent-momentum_ignition-7",
    "action": "new",
    "side": "buy",
    "price": 65139.1741,
    "quantity": 0.08,
    "remaining_quantity": 0.08
  },
  {
    "event_id": "6dcad571166a9c9c2841b4fb2a46855929f5dd51bfb7f6719812774acba4accc",
    "schema_version": "1.0.0",
    "event_type": "agent_order",
    "source": "synthetic_agent",
    "symbol": "BTCUSDT",
    "exchange": "binance_usdm",
    "timestamp": "2024-05-01T00:00:00.640000Z",
    "sequence": 8,
    "scenario_id": "scenario-065-momentum_ignition",
    "agent_id": "agent-momentum_ignition",
    "order_id": "scenario-065-momentum_ignition-agent-momentum_ignition-8",
    "action": "new",
    "side": "buy",
    "price": 65140.47539999999,
    "quantity": 0.08,
    "remaining_quantity": 0.08
  },
  {
    "event_id": "1ab305e728c33ba34bc820cda04608140c525718ee0855c50a13c3c2e1b7340e",
    "schema_version": "1.0.0",
    "event_type": "agent_order",
    "source": "synthetic_agent",
    "symbol": "BTCUSDT",
    "exchange": "binance_usdm",
    "timestamp": "2024-05-01T00:00:00.720000Z",
    "sequence": 9,
    "scenario_id": "scenario-065-momentum_ignition",
    "agent_id": "agent-momentum_ignition",
    "order_id": "scenario-065-momentum_ignition-agent-momentum_ignition-9",
    "action": "new",
    "side": "buy",
    "price": 65141.776699999995,
    "quantity": 0.08,
    "remaining_quantity": 0.08
  },
  {
    "event_id": "11d076ab3e4a9aea6627b427aa8db9081d089cddd3af182edbec6954210412fc",
    "schema_version": "1.0.0",
    "event_type": "agent_order",
    "source": "synthetic_agent",
    "symbol": "BTCUSDT",
    "exchange": "binance_usdm",
    "timestamp": "2024-05-01T00:00:00.800000Z",
    "sequence": 10,
    "scenario_id": "scenario-065-momentum_ignition",
    "agent_id": "agent-momentum_ignition",
    "order_id": "scenario-065-momentum_ignition-agent-momentum_ignition-10",
    "action": "new",
    "side": "buy",
    "price": 65143.077999999994,
    "quantity": 0.08,
    "remaining_quantity": 0.08
  },
  {
    "event_id": "9004b7c8bafac32bc5bd6918ee2018fdd3cc1102761dbfaef63f9afc95c2990d",
    "schema_version": "1.0.0",
    "event_type": "agent_order",
    "source": "synthetic_agent",
    "symbol": "BTCUSDT",
    "exchange": "binance_usdm",
    "timestamp": "2024-05-01T00:00:00.880000Z",
    "sequence": 11,
    "scenario_id": "scenario-065-momentum_ignition",
    "agent_id": "agent-momentum_ignition",
    "order_id": "scenario-065-momentum_ignition-agent-momentum_ignition-11",
    "action": "new",
    "side": "buy",
    "price": 65144.3793,
    "quantity": 0.08,
    "remaining_quantity": 0.08
  },
  {
    "event_id": "6c10af35855d2bbd3933ccbff2d59a3e01fcd45a252aab463bb6d0d4fceb5622",
    "schema_version": "1.0.0",
    "event_type": "agent_order",
    "source": "synthetic_agent",
    "symbol": "BTCUSDT",
    "exchange": "binance_usdm",
    "timestamp": "2024-05-01T00:00:00.960000Z",
    "sequence": 12,
    "scenario_id": "scenario-065-momentum_ignition",
    "agent_id": "agent-momentum_ignition",
    "order_id": "scenario-065-momentum_ignition-agent-momentum_ignition-12",
    "action": "new",
    "side": "buy",
    "price": 65145.68059999999,
    "quantity": 0.08,
    "remaining_quantity": 0.08
  },
  {
    "event_id": "f0715ed02868ced615d3d1ba2592e85247ca64c14d2eef37bca9056eea2ba1fe",
    "schema_version": "1.0.0",
    "event_type": "agent_order",
    "source": "synthetic_agent",
    "symbol": "BTCUSDT",
    "exchange": "binance_usdm",
    "timestamp": "2024-05-01T00:00:01.040000Z",
    "sequence": 13,
    "scenario_id": "scenario-065-momentum_ignition",
    "agent_id": "agent-momentum_ignition",
    "order_id": "scenario-065-momentum_ignition-agent-momentum_ignition-13",
    "action": "new",
    "side": "buy",
    "price": 65146.98189999999,
    "quantity": 0.08,
    "remaining_quantity": 0.08
  },
  {
    "event_id": "5e69a4609866947c9f0fc9c3de033d525ef7dbf0332d9ce200a6f9c86d573238",
    "schema_version": "1.0.0",
    "event_type": "agent_order",
    "source": "synthetic_agent",
    "symbol": "BTCUSDT",
    "exchange": "binance_usdm",
    "timestamp": "2024-05-01T00:00:01.120000Z",
    "sequence": 14,
    "scenario_id": "scenario-065-momentum_ignition",
    "agent_id": "agent-momentum_ignition",
    "order_id": "scenario-065-momentum_ignition-agent-momentum_ignition-14",
    "action": "new",
    "side": "buy",
    "price": 65148.2832,
    "quantity": 0.08,
    "remaining_quantity": 0.08
  },
  {
    "event_id": "33e6e3b5c3a2980c0f0f9a344ea0ddc7271bbc00d0bd408665a3d386ee8ee953",
    "schema_version": "1.0.0",
    "event_type": "agent_order",
    "source": "synthetic_agent",
    "symbol": "BTCUSDT",
    "exchange": "binance_usdm",
    "timestamp": "2024-05-01T00:00:01.200000Z",
    "sequence": 15,
    "scenario_id": "scenario-065-momentum_ignition",
    "agent_id": "agent-momentum_ignition",
    "order_id": "scenario-065-momentum_ignition-agent-momentum_ignition-15",
    "action": "new",
    "side": "buy",
    "price": 65149.58449999999,
    "quantity": 0.08,
    "remaining_quantity": 0.08
  },
  {
    "event_id": "016886ab2601fbdd712bb87a9a2d902ecfb9f17e05a5636621db81e911108036",
    "schema_version": "1.0.0",
    "event_type": "agent_order",
    "source": "synthetic_agent",
    "symbol": "BTCUSDT",
    "exchange": "binance_usdm",
    "timestamp": "2024-05-01T00:00:01.280000Z",
    "sequence": 16,
    "scenario_id": "scenario-065-momentum_ignition",
    "agent_id": "agent-momentum_ignition",
    "order_id": "scenario-065-momentum_ignition-agent-momentum_ignition-16",
    "action": "new",
    "side": "buy",
    "price": 65150.8858,
    "quantity": 0.08,
    "remaining_quantity": 0.08
  },
  {
    "event_id": "621e29e9d2bb152a31fffcf076f78b8ab85ddf4bb0ffe6d9c73ee1a09950e05a",
    "schema_version": "1.0.0",
    "event_type": "agent_order",
    "source": "synthetic_agent",
    "symbol": "BTCUSDT",
    "exchange": "binance_usdm",
    "timestamp": "2024-05-01T00:00:01.360000Z",
    "sequence": 17,
    "scenario_id": "scenario-065-momentum_ignition",
    "agent_id": "agent-momentum_ignition",
    "order_id": "scenario-065-momentum_ignition-agent-momentum_ignition-17",
    "action": "new",
    "side": "buy",
    "price": 65152.187099999996,
    "quantity": 0.08,
    "remaining_quantity": 0.08
  },
  {
    "event_id": "fa343a933ddda6aaf71b208f63b099104fc286502026f6ed4799233f999ab5d3",
    "schema_version": "1.0.0",
    "event_type": "agent_order",
    "source": "synthetic_agent",
    "symbol": "BTCUSDT",
    "exchange": "binance_usdm",
    "timestamp": "2024-05-01T00:00:01.440000Z",
    "sequence": 18,
    "scenario_id": "scenario-065-momentum_ignition",
    "agent_id": "agent-momentum_ignition",
    "order_id": "scenario-065-momentum_ignition-agent-momentum_ignition-18",
    "action": "new",
    "side": "buy",
    "price": 65153.48839999999,
    "quantity": 0.08,
    "remaining_quantity": 0.08
  },
  {
    "event_id": "f7133b22e7dbfe404e634da4d4f7fd7356075e1c990e1c10f2483bae3c995901",
    "schema_version": "1.0.0",
    "event_type": "agent_order",
    "source": "synthetic_agent",
    "symbol": "BTCUSDT",
    "exchange": "binance_usdm",
    "timestamp": "2024-05-01T00:00:01.520000Z",
    "sequence": 19,
    "scenario_id": "scenario-065-momentum_ignition",
    "agent_id": "agent-momentum_ignition",
    "order_id": "scenario-065-momentum_ignition-agent-momentum_ignition-19",
    "action": "new",
    "side": "buy",
    "price": 65154.789699999994,
    "quantity": 0.08,
    "remaining_quantity": 0.08
  },
  {
    "event_id": "5aead345ee5d0f1d25a7a13234d47d8d601a44ee89c6bc320a62d0acfbf4c1c4",
    "schema_version": "1.0.0",
    "event_type": "agent_order",
    "source": "synthetic_agent",
    "symbol": "BTCUSDT",
    "exchange": "binance_usdm",
    "timestamp": "2024-05-01T00:00:01.600000Z",
    "sequence": 20,
    "scenario_id": "scenario-065-momentum_ignition",
    "agent_id": "agent-momentum_ignition",
    "order_id": "scenario-065-momentum_ignition-agent-momentum_ignition-20",
    "action": "new",
    "side": "buy",
    "price": 65156.09099999999,
    "quantity": 0.08,
    "remaining_quantity": 0.08
  },
  {
    "event_id": "b11088c1790adfa74a0fa5d9c2493850de9a097cc8678a457e1cef3586654ed7",
    "schema_version": "1.0.0",
    "event_type": "agent_order",
    "source": "synthetic_agent",
    "symbol": "BTCUSDT",
    "exchange": "binance_usdm",
    "timestamp": "2024-05-01T00:00:01.680000Z",
    "sequence": 21,
    "scenario_id": "scenario-065-momentum_ignition",
    "agent_id": "agent-momentum_ignition",
    "order_id": "scenario-065-momentum_ignition-agent-momentum_ignition-21",
    "action": "new",
    "side": "buy",
    "price": 65157.3923,
    "quantity": 0.08,
    "remaining_quantity": 0.08
  },
  {
    "event_id": "b6e2a577f2ff106117556ec697463d6cd2ecc586213bcaa10ae55d6c31f9c60c",
    "schema_version": "1.0.0",
    "event_type": "agent_order",
    "source": "synthetic_agent",
    "symbol": "BTCUSDT",
    "exchange": "binance_usdm",
    "timestamp": "2024-05-01T00:00:01.760000Z",
    "sequence": 22,
    "scenario_id": "scenario-065-momentum_ignition",
    "agent_id": "agent-momentum_ignition",
    "order_id": "scenario-065-momentum_ignition-agent-momentum_ignition-22",
    "action": "new",
    "side": "buy",
    "price": 65158.69359999999,
    "quantity": 0.08,
    "remaining_quantity": 0.08
  },
  {
    "event_id": "91b4ca45ddad0693f6af31005df780ace342e6a5d8332c5c07a97d32f93e23c6",
    "schema_version": "1.0.0",
    "event_type": "agent_order",
    "source": "synthetic_agent",
    "symbol": "BTCUSDT",
    "exchange": "binance_usdm",
    "timestamp": "2024-05-01T00:00:01.840000Z",
    "sequence": 23,
    "scenario_id": "scenario-065-momentum_ignition",
    "agent_id": "agent-momentum_ignition",
    "order_id": "scenario-065-momentum_ignition-agent-momentum_ignition-23",
    "action": "new",
    "side": "buy",
    "price": 65159.99489999998,
    "quantity": 0.08,
    "remaining_quantity": 0.08
  },
  {
    "event_id": "4c66b45a480795e175eb378cad3300d2b695a2c1a5137927ec1af9d9031e5de0",
    "schema_version": "1.0.0",
    "event_type": "agent_order",
    "source": "synthetic_agent",
    "symbol": "BTCUSDT",
    "exchange": "binance_usdm",
    "timestamp": "2024-05-01T00:00:01.920000Z",
    "sequence": 24,
    "scenario_id": "scenario-065-momentum_ignition",
    "agent_id": "agent-momentum_ignition",
    "order_id": "scenario-065-momentum_ignition-agent-momentum_ignition-24",
    "action": "new",
    "side": "buy",
    "price": 65161.2962,
    "quantity": 0.08,
    "remaining_quantity": 0.08
  },
  {
    "event_id": "f29bc170ee4028ed442e546b2ba97f380b2cf2b734b9e0f99a3bdf51c726f28e",
    "schema_version": "1.0.0",
    "event_type": "agent_order",
    "source": "synthetic_agent",
    "symbol": "BTCUSDT",
    "exchange": "binance_usdm",
    "timestamp": "2024-05-01T00:00:02Z",
    "sequence": 25,
    "scenario_id": "scenario-065-momentum_ignition",
    "agent_id": "agent-momentum_ignition",
    "order_id": "scenario-065-momentum_ignition-agent-momentum_ignition-25",
    "action": "new",
    "side": "buy",
    "price": 65162.59749999999,
    "quantity": 0.08,
    "remaining_quantity": 0.08
  },
  {
    "event_id": "a14c7cdc8160cbab66bf1da9652ad8d0347b5985452515659093c5a16167a295",
    "schema_version": "1.0.0",
    "event_type": "agent_order",
    "source": "synthetic_agent",
    "symbol": "BTCUSDT",
    "exchange": "binance_usdm",
    "timestamp": "2024-05-01T00:00:02.080000Z",
    "sequence": 26,
    "scenario_id": "scenario-065-momentum_ignition",
    "agent_id": "agent-momentum_ignition",
    "order_id": "scenario-065-momentum_ignition-agent-momentum_ignition-26",
    "action": "new",
    "side": "buy",
    "price": 65163.898799999995,
    "quantity": 0.08,
    "remaining_quantity": 0.08
  },
  {
    "event_id": "1a83a66dd95ca7d2c2063fb6fb623cbd79e0cfada18d46bbd230ce600d441ac5",
    "schema_version": "1.0.0",
    "event_type": "agent_order",
    "source": "synthetic_agent",
    "symbol": "BTCUSDT",
    "exchange": "binance_usdm",
    "timestamp": "2024-05-01T00:00:02.160000Z",
    "sequence": 27,
    "scenario_id": "scenario-065-momentum_ignition",
    "agent_id": "agent-momentum_ignition",
    "order_id": "scenario-065-momentum_ignition-agent-momentum_ignition-27",
    "action": "new",
    "side": "buy",
    "price": 65165.200099999995,
    "quantity": 0.08,
    "remaining_quantity": 0.08
  },
  {
    "event_id": "32cd762c47ba17102aced2e1972ab08509f71b9abb0071a48f6618a4ea88bba2",
    "schema_version": "1.0.0",
    "event_type": "agent_order",
    "source": "synthetic_agent",
    "symbol": "BTCUSDT",
    "exchange": "binance_usdm",
    "timestamp": "2024-05-01T00:00:02.240000Z",
    "sequence": 28,
    "scenario_id": "scenario-065-momentum_ignition",
    "agent_id": "agent-momentum_ignition",
    "order_id": "scenario-065-momentum_ignition-agent-momentum_ignition-28",
    "action": "new",
    "side": "buy",
    "price": 65166.50139999999,
    "quantity": 0.08,
    "remaining_quantity": 0.08
  },
  {
    "event_id": "9a2627d07f965f056e071347f01a02b6c602a7e458ff4ce51d28821ed38218dd",
    "schema_version": "1.0.0",
    "event_type": "agent_order",
    "source": "synthetic_agent",
    "symbol": "BTCUSDT",
    "exchange": "binance_usdm",
    "timestamp": "2024-05-01T00:00:02.320000Z",
    "sequence": 29,
    "scenario_id": "scenario-065-momentum_ignition",
    "agent_id": "agent-momentum_ignition",
    "order_id": "scenario-065-momentum_ignition-agent-momentum_ignition-29",
    "action": "new",
    "side": "buy",
    "price": 65167.80269999999,
    "quantity": 0.08,
    "remaining_quantity": 0.08
  }
]