[
  {
    "event_id": "cd1d5ab8f08f87990f457f75fda6aacd676b793b67700158c7648e974ca67426",
    "schema_version": "1.0.0",
    "event_type": "agent_order",
    "source": "synthetic_agent",
    "symbol": "BTCUSDT",
    "exchange": "binance_usdm",
    "timestamp": "2024-05-01T00:00:00Z",
    "sequence": 0,
    "scenario_id": "scenario-315-spoofing_layering",
    "agent_id": "agent-spoofing_layering",
    "order_id": "scenario-315-spoofing_layering-agent-spoofing_layering-0",
    "action": "new",
    "side": "sell",
    "price": 65347.657499999994,
    "quantity": 0.5,
    "remaining_quantity": 0.5
  },
  {
    "event_id": "11dbd80c7b36115875da5631ae8f581aa3691c9b1e14aeb24fd83aa5a2dd7bb4",
    "schema_version": "1.0.0",
    "event_type": "agent_order",
    "source": "synthetic_agent",
    "symbol": "BTCUSDT",
    "exchange": "binance_usdm",
    "timestamp": "2024-05-01T00:00:00.050000Z",
    "sequence": 1,
    "scenario_id": "scenario-315-spoofing_layering",
    "agent_id": "agent-spoofing_layering",
    "order_id": "scenario-315-spoofing_layering-agent-spoofing_layering-1",
    "action": "new",
    "side": "sell",
    "price": 65348.31065,
    "quantity": 0.5,
    "remaining_quantity": 0.5
  },
  {
    "event_id": "a3792121e7c49071d419a5c631a0ef839ec942d4fe92ed6438081e666473ed08",
    "schema_version": "1.0.0",
    "event_type": "agent_order",
    "source": "synthetic_agent",
    "symbol": "BTCUSDT",
    "exchange": "binance_usdm",
    "timestamp": "2024-05-01T00:00:00.100000Z",
    "sequence": 2,
    "scenario_id": "scenario-315-spoofing_layering",
    "agent_id": "agent-spoofing_layering",
    "order_id": "scenario-315-spoofing_layering-agent-spoofing_layering-2",
    "action": "new",
    "side": "sell",
    "price": 65348.96379999999,
    "quantity": 0.5,
    "remaining_quantity": 0.5
  },
  {
    "event_id": "cb0ccb297ea50c2b8f88a619637c68babb9c0f067437ec96b89ed1f1a70b5c88",
    "schema_version": "1.0.0",
    "event_type": "agent_order",
    "source": "synthetic_agent",
    "symbol": "BTCUSDT",
    "exchange": "binance_usdm",
    "timestamp": "2024-05-01T00:00:00.150000Z",
    "sequence": 3,
    "scenario_id": "scenario-315-spoofing_layering",
    "agent_id": "agent-spoofing_layering",
    "order_id": "scenario-315-spoofing_layering-agent-spoofing_layering-3",
    "action": "new",
    "side": "sell",
    "price": 65349.616949999996,
    "quantity": 0.5,
    "remaining_quantity": 0.5
  },
  {
    "event_id": "032683de68b9bb4c3b94cf5cf2e65cfcfc7186a65e4d03ce868a78ccea258fb4",
    "schema_version": "1.0.0",
    "event_type": "agent_order",
    "source": "synthetic_agent",
    "symbol": "BTCUSDT",
    "exchange": "binance_usdm",
    "timestamp": "2024-05-01T00:00:00.200000Z",
    "sequence": 4,
    "scenario_id": "scenario-315-spoofing_layering",
    "agent_id": "agent-spoofing_layering",
    "order_id": "scenario-315-spoofing_layering-agent-spoofing_layering-4",
    "action": "new",
    "side": "sell",
    "price": 65350.2701,
    "quantity": 0.5,
    "remaining_quantity": 0.5
  },
  {
    "event_id": "b3d0c33458749f4f0578e2891fc8ae1dbb2f691f9efb181ef38bc6cebd27faa6",
    "schema_version": "1.0.0",
    "event_type": "agent_order",
    "source": "synthetic_agent",
    "symbol": "BTCUSDT",
    "exchange": "binance_usdm",
    "timestamp": "2024-05-01T00:00:00.250000Z",
    "sequence": 5,
    "scenario_id": "scenario-315-spoofing_layering",
    "agent_id": "agent-spoofing_layering",
    "order_id": "scenario-315-spoofing_layering-agent-spoofing_layering-5",
    "action": "new",
    "side": "sell",
    "price": 65350.92325,
    "quantity": 0.5,
    "remaining_quantity": 0.5
  },
  {
    "event_id": "cc30beadd64d9ef13c7425fdc7ceefebfa259ca3d04895694cf48dc7bb885bd4",
    "schema_version": "1.0.0",
    "event_type": "agent_order",
    "source": "synthetic_agent",
    "symbol": "BTCUSDT",
    "exchange": "binance_usdm",
    "timestamp": "2024-05-01T00:00:00.300000Z",
    "sequence": 6,
    "scenario_id": "scenario-315-spoofing_layering",
    "agent_id": "agent-spoofing_layering",
    "order_id": "scenario-315-spoofing_layering-agent-spoofing_layering-6",
    "action": "new",
    "side": "sell",
    "price": 65351.57639999999,
    "quantity": 0.5,
    "remaining_quantity": 0.5
  },
  {
    "event_id": "fa4419572d736b7bfaa519192d8250c9b915eb58a248e889e60fb39f59bd5858",
    "schema_version": "1.0.0",
    "event_type": "agent_order",
    "source": "synthetic_agent",
    "symbol": "BTCUSDT",
    "exchange": "binance_usdm",
    "timestamp": "2024-05-01T00:00:00.350000Z",
    "sequence": 7,
    "scenario_id": "scenario-315-spoofing_layering",
    "agent_id": "agent-spoofing_layering",
    "order_id": "scenario-315-spoofing_layering-agent-spoofing_layering-7",
    "action": "new",
    "side": "sell",
    "price": 65352.22955,
    "quantity": 0.5,
    "remaining_quantity": 0.5
  },
  {
    "event_id": "cfa159d078ad29a8a267e57d4224e14b11eb2c5b68b802b4df42cf28559825e7",
    "schema_version": "1.0.0",
    "event_type": "agent_order",
    "source": "synthetic_agent",
    "symbol": "BTCUSDT",
    "exchange": "binance_usdm",
    "timestamp": "2024-05-01T00:00:00.400000Z",
    "sequence": 8,
    "scenario_id": "scenario-315-spoofing_layering",
    "agent_id": "agent-spoofing_layering",
    "order_id": "scenario-315-spoofing_layering-agent-spoofing_layering-8",
    "action": "new",
    "side": "sell",
    "price": 65352.8827,
    "quantity": 0.5,
    "remaining_quantity": 0.5
  },
  {
    "event_id": "ca9a99f2023754e0d03b1fce38df6624c5a110ebb1bb774a51906339be4b78b7",
    "schema_version": "1.0.0",
    "event_type": "agent_order",
    "source": "synthetic_agent",
    "symbol": "BTCUSDT",
    "exchange": "binance_usdm",
    "timestamp": "2024-05-01T00:00:00.450000Z",
    "sequence": 9,
    "scenario_id": "scenario-315-spoofing_layering",
    "agent_id": "agent-spoofing_layering",
    "order_id": "scenario-315-spoofing_layering-agent-spoofing_layering-9",
    "action": "new",
    "side": "sell",
    "price": 65353.53584999999,
    "quantity": 0.5,
    "remaining_quantity": 0.5
  },
  {
    "event_id": "272e6461101a468c3f55b4c1c9da03a4dded4407532e23d6029c29beaa0b2d09",
    "schema_version": "1.0.0",
    "event_type": "agent_order",
    "source": "synthetic_agent",
    "symbol": "BTCUSDT",
    "exchange": "binance_usdm",
    "timestamp": "2024-05-01T00:00:00.500000Z",
    "sequence": 10,
    "scenario_id": "scenario-315-spoofing_layering",
    "agent_id": "agent-spoofing_layering",
    "order_id": "scenario-315-spoofing_layering-agent-spoofing_layering-10",
    "action": "new",
    "side": "sell",
    "price": 65354.189,
    "quantity": 0.5,
    "remaining_quantity": 0.5
  },
  {
    "event_id": "766519253048ff68c354ea97c567231dfb1abded016ee9b3d00eeef0a3155ac5",
    "schema_version": "1.0.0",
    "event_type": "agent_order",
    "source": "synthetic_agent",
    "symbol": "BTCUSDT",
    "exchange": "binance_usdm",
    "timestamp": "2024-05-01T00:00:00.550000Z",
    "sequence": 11,
    "scenario_id": "scenario-315-spoofing_layering",
    "agent_id": "agent-spoofing_layering",
    "order_id": "scenario-315-spoofing_layering-agent-spoofing_layering-11",
    "action": "new",
    "side": "sell",
    "price": 65354.84215,
    "quantity": 0.5,
    "remaining_quantity": 0.5
  },
  {
    "event_id": "959e98b9477987d213163c37e8a883fa29aa90619442e9ab1fd6e2df35e1ead8",
    "schema_version": "1.0.0",
    "event_type": "agent_order",
    "source": "synthetic_agent",
    "symbol": "BTCUSDT",
    "exchange": "binance_usdm",
    "timestamp": "2024-05-01T00:00:00.600000Z",
    "sequence": 12,
    "scenario_id": "scenario-315-spoofing_layering",
    "agent_id": "agent-spoofing_layering",
    "order_id": "scenario-315-spoofing_layering-agent-spoofing_layering-12",
    "action": "new",
    "side": "sell",
    "price": 65355.49529999999,
    "quantity": 0.5,
    "remaining_quantity": 0.5
  },
  {
    "event_id": "0fede3d6f842c3f9a778036493927b3c6be53ab9fbb20354e21f504564bbf7bf",
    "schema_version": "1.0.0",
    "event_type": "agent_order",
    "source": "synthetic_agent",
    "symbol": "BTCUSDT",
    "exchange": "binance_usdm",
    "timestamp": "2024-05-01T00:00:00.650000Z",
    "sequence": 13,
    "scenario_id": "scenario-315-spoofing_layering",
    "agent_id": "agent-spoofing_layering",
    "order_id": "scenario-315-spoofing_layering-agent-spoofing_layering-13",
    "action": "new",
    "side": "sell",
    "price": 65356.14844999999,
    "quantity": 0.5,
    "remaining_quantity": 0.5
  },
  {
    "event_id": "8940a2361deacf9647d02ef7c634870c874efe7210dd7b953e60c55b5759b073",
    "schema_version": "1.0.0",
    "event_type": "agent_order",
    "source": "synthetic_agent",
    "symbol": "BTCUSDT",
    "exchange": "binance_usdm",
    "timestamp": "2024-05-01T00:00:00.700000Z",
    "sequence": 14,
    "scenario_id": "scenario-315-spoofing_layering",
    "agent_id": "agent-spoofing_layering",
    "order_id": "scenario-315-spoofing_layering-agent-spoofing_layering-14",
    "action": "new",
    "side": "sell",
    "price": 65356.8016,
    "quantity": 0.5,
    "remaining_quantity": 0.5
  },
  {
    "event_id": "c298e9f7ef3f1584053314a83dce31b3c9ca6354516d27f6336b16f961d1dc8f",
    "schema_version": "1.0.0",
    "event_type": "agent_order",
    "source": "synthetic_agent",
    "symbol": "BTCUSDT",
    "exchange": "binance_usdm",
    "timestamp": "2024-05-01T00:00:00.750000Z",
    "sequence": 15,
    "scenario_id": "scenario-315-spoofing_layering",
    "agent_id": "agent-spoofing_layering",
    "order_id": "scenario-315-spoofing_layering-agent-spoofing_layering-15",
    "action": "new",
    "side": "sell",
    "price": 65357.454750000004,
    "quantity": 0.5,
    "remaining_quantity": 0.5
  },
  {
    "event_id": "9dafd86464a09c67ad40dbb22ba0ed6b425cd28175445adf2e0e6a12c4fafbc9",
    "schema_version": "1.0.0",
    "event_type": "agent_order",
    "source": "synthetic_agent",
    "symbol": "BTCUSDT",
    "exchange": "binance_usdm",
    "timestamp": "2024-05-01T00:00:00.800000Z",
    "sequence": 16,
    "scenario_id": "scenario-315-spoofing_layering",
    "agent_id": "agent-spoofing_layering",
    "order_id": "scenario-315-spoofing_layering-agent-spoofing_layering-16",
    "action": "new",
    "side": "sell",
    "price": 65358.107899999995,
    "quantity": 0.5,
    "remaining_quantity": 0.5
  },
  {
    "event_id": "652ccc371c343cfa081a184aa7911ff35abdc9cda44d19c2e95ec2ff09b0881e",
    "schema_version": "1.0.0",
    "event_type": "agent_order",
    "source": "synthetic_agent",
    "symbol": "BTCUSDT",
    "exchange": "binance_usdm",
    "timestamp": "2024-05-01T00:00:00.850000Z",
    "sequence": 17,
    "scenario_id": "scenario-315-spoofing_layering",
    "agent_id": "agent-spoofing_layering",
    "order_id": "scenario-315-spoofing_layering-agent-spoofing_layering-17",
    "action": "new",
    "side": "sell",
    "price": 65358.761049999994,
    "quantity": 0.5,
    "remaining_quantity": 0.5
  },
  {
    "event_id": "0222c2fbbf293d707095b83ea31cf70e1e0821fe72a0848b14318b40e3f724d3",
    "schema_version": "1.0.0",
    "event_type": "agent_order",
    "source": "synthetic_agent",
    "symbol": "BTCUSDT",
    "exchange": "binance_usdm",
    "timestamp": "2024-05-01T00:00:00.900000Z",
    "sequence": 18,
    "scenario_id": "scenario-315-spoofing_layering",
    "agent_id": "agent-spoofing_layering",
    "order_id": "scenario-315-spoofing_layering-agent-spoofing_layering-18",
    "action": "new",
    "side": "sell",
    "price": 65359.4142,
    "quantity": 0.5,
    "remaining_quantity": 0.5
  },
  {
    "event_id": "b424c5ddcd32d041f06f9b899919ad114a3d766aa6489eb2c7d43bfcb5f87f79",
    "schema_version": "1.0.0",
    "event_type": "agent_order",
    "source": "synthetic_agent",
    "symbol": "BTCUSDT",
    "exchange": "binance_usdm",
    "timestamp": "2024-05-01T00:00:00.950000Z",
    "sequence": 19,
    "scenario_id": "scenario-315-spoofing_layering",
    "agent_id": "agent-spoofing_layering",
    "order_id": "scenario-315-spoofing_layering-agent-spoofing_layering-19",
    "action": "new",
    "side": "sell",
    "price": 65360.06734999999,
    "quantity": 0.5,
    "remaining_quantity": 0.5
  },
  {
    "event_id": "234bc909885aa6bb881c61e157660b1d98061b2fc2e9f470b585e4b13b6660bb",
    "schema_version": "1.0.0",
    "event_type": "agent_order",
    "source": "synthetic_agent",
    "symbol": "BTCUSDT",
    "exchange": "binance_usdm",
    "timestamp": "2024-05-01T00:00:01Z",
    "sequence": 20,
    "scenario_id": "scenario-315-spoofing_layering",
    "agent_id": "agent-spoofing_layering",
    "order_id": "scenario-315-spoofing_layering-agent-spoofing_layering-20",
    "action": "new",
    "side": "sell",
    "price": 65360.720499999996,
    "quantity": 0.5,
    "remaining_quantity": 0.5
  },
  {
    "event_id": "885b7717a912894f9366b99989d4684f04b54aaae11011b4598045e483d158e6",
    "schema_version": "1.0.0",
    "event_type": "agent_order",
    "source": "synthetic_agent",
    "symbol": "BTCUSDT",
    "exchange": "binance_usdm",
    "timestamp": "2024-05-01T00:00:01.050000Z",
    "sequence": 21,
    "scenario_id": "scenario-315-spoofing_layering",
    "agent_id": "agent-spoofing_layering",
    "order_id": "scenario-315-spoofing_layering-agent-spoofing_layering-21",
    "action": "new",
    "side": "sell",
    "price": 65361.37365,
    "quantity": 0.5,
    "remaining_quantity": 0.5
  },
  {
    "event_id": "84242f286d60d3032d2cf1e4c129c2b3c9d830664835e5506e48bfac68935cb5",
    "schema_version": "1.0.0",
    "event_type": "agent_order",
    "source": "synthetic_agent",
    "symbol": "BTCUSDT",
    "exchange": "binance_usdm",
    "timestamp": "2024-05-01T00:00:01.100000Z",
    "sequence": 22,
    "scenario_id": "scenario-315-spoofing_layering",
    "agent_id": "agent-spoofing_layering",
    "order_id": "scenario-315-spoofing_layering-agent-spoofing_layering-22",
    "action": "new",
    "side": "sell",
    "price": 65362.02680000001,
    "quantity": 0.5,
    "remaining_quantity": 0.5
  },
  {
    "event_id": "7017aa503e0578c30b336567998f0056e22f5116ff02af63214223853711ee16",
    "schema_version": "1.0.0",
    "event_type": "agent_order",
    "source": "synthetic_agent",
    "symbol": "BTCUSDT",
    "exchange": "binance_usdm",
    "timestamp": "2024-05-01T00:00:01.150000Z",
    "sequence": 23,
    "scenario_id": "scenario-315-spoofing_layering",
    "agent_id": "agent-spoofing_layering",
    "order_id": "scenario-315-spoofing_layering-agent-spoofing_layering-23",
    "action": "new",
    "side": "sell",
    "price": 65362.67994999999,
    "quantity": 0.5,
    "remaining_quantity": 0.5
  },
  {
    "event_id": "b5b90e827735b106343a6729efba6bd6f38fad660f776b7925a0a88213659e87",
    "schema_version": "1.0.0",
    "event_type": "agent_order",
    "source": "synthetic_agent",
    "symbol": "BTCUSDT",
    "exchange": "binance_usdm",
    "timestamp": "2024-05-01T00:00:01.200000Z",
    "sequence": 24,
    "scenario_id": "scenario-315-spoofing_layering",
    "agent_id": "agent-spoofing_layering",
    "order_id": "scenario-315-spoofing_layering-agent-spoofing_layering-24",
    "action": "new",
    "side": "sell",
    "price": 65363.333099999996,
    "quantity": 0.5,
    "remaining_quantity": 0.5
  },
  {
    "event_id": "d1eeb211547d0b37f9281c0216f512d23db8420810ec56c1392ac657b417f886",
    "schema_version": "1.0.0",
    "event_type": "agent_order",
    "source": "synthetic_agent",
    "symbol": "BTCUSDT",
    "exchange": "binance_usdm",
    "timestamp": "2024-05-01T00:00:01.250000Z",
    "sequence": 25,
    "scenario_id": "scenario-315-spoofing_layering",
    "agent_id": "agent-spoofing_layering",
    "order_id": "scenario-315-spoofing_layering-agent-spoofing_layering-25",
    "action": "new",
    "side": "sell",
    "price": 65363.98625,
    "quantity": 0.5,
    "remaining_quantity": 0.5
  },
  {
    "event_id": "ad1710ef4b3dfa9a363c4bc5b83335479b848dd6a1c2b8316719dba897102ca3",
    "schema_version": "1.0.0",
    "event_type": "agent_order",
    "source": "synthetic_agent",
    "symbol": "BTCUSDT",
    "exchange": "binance_usdm",
    "timestamp": "2024-05-01T00:00:01.300000Z",
    "sequence": 26,
    "scenario_id": "scenario-315-spoofing_layering",
    "agent_id": "agent-spoofing_layering",
    "order_id": "scenario-315-spoofing_layering-agent-spoofing_layering-26",
    "action": "new",
    "side": "sell",
    "price": 65364.63939999999,
    "quantity": 0.5,
    "remaining_quantity": 0.5
  },
  {
    "event_id": "0c11506eeecbd87fe151945a233514a403b632fc4752fb778e9c555debe80e8c",
    "schema_version": "1.0.0",
    "event_type": "agent_order",
    "source": "synthetic_agent",
    "symbol": "BTCUSDT",
    "exchange": "binance_usdm",
    "timestamp": "2024-05-01T00:00:01.350000Z",
    "sequence": 27,
    "scenario_id": "scenario-315-spoofing_layering",
    "agent_id": "agent-spoofing_layering",
    "order_id": "scenario-315-spoofing_layering-agent-spoofing_layering-27",
    "action": "new",
    "side": "sell",
    "price": 65365.29255,
    "quantity": 0.5,
    "remaining_quantity": 0.5
  },
  {
    "event_id": "13b0da1e032384749b6b6a55abcef4d94448580ba2f375373a450b6e7146bdaa",
    "schema_version": "1.0.0",
    "event_type": "agent_order",
    "source": "synthetic_agent",
    "symbol": "BTCUSDT",
    "exchange": "binance_usdm",
    "timestamp": "2024-05-01T00:00:01.400000Z",
    "sequence": 28,
    "scenario_id": "scenario-315-spoofing_layering",
    "agent_id": "agent-spoofing_layering",
    "order_id": "scenario-315-spoofing_layering-agent-spoofing_layering-28",
    "action": "new",
    "side": "sell",
    "price": 65365.9457,
    "quantity": 0.5,
    "remaining_quantity": 0.5
  },
  {
    "event_id": "548cb4959016db89b3b8a9e9a3c3b3d16fba4543d023b950e71f2ecdaf3186c1",
    "schema_version": "1.0.0",
    "event_type": "agent_order",
    "source": "synthetic_agent",
    "symbol": "BTCUSDT",
    "exchange": "binance_usdm",
    "timestamp": "2024-05-01T00:00:01.450000Z",
    "sequence": 29,
    "scenario_id": "scenario-315-spoofing_layering",
    "agent_id": "agent-spoofing_layering",
    "order_id": "scenario-315-spoofing_layering-agent-spoofing_layering-29",
    "action": "new",
    "side": "sell",
    "price": 65366.59884999999,
    "quantity": 0.5,
    "remaining_quantity": 0.5
  }
]