[
  {
    "event_id": "e0468d0e55cb594c49b7dffda33296606544f4dd09883b02c855aef42fc26f5d",
    "schema_version": "1.0.0",
    "event_type": "agent_order",
    "source": "synthetic_agent",
    "symbol": "BTCUSDT",
    "exchange": "binance_usdm",
    "timestamp": "2024-05-01T00:00:00Z",
    "sequence": 0,
    "scenario_id": "scenario-313-twap_execution",
    "agent_id": "agent-twap_execution",
    "order_id": "scenario-313-twap_execution-agent-twap_execution-0",
    "action": "new",
    "side": "buy",
    "price": 65280.3435,
    "quantity": 0.005,
    "remaining_quantity": 0.005
  },
  {
    "event_id": "85c9a06be0b1fffb22de1d0c49d8b9f48e9266a975127bab5bf87988f9c40e89",
    "schema_version": "1.0.0",
    "event_type": "agent_order",
    "source": "synthetic_agent",
    "symbol": "BTCUSDT",
    "exchange": "binance_usdm",
    "timestamp": "2024-05-01T00:00:01Z",
    "sequence": 1,
    "scenario_id": "scenario-313-twap_execution",
    "agent_id": "agent-twap_execution",
    "order_id": "scenario-313-twap_execution-agent-twap_execution-1",
    "action": "new",
    "side": "buy",
    "price": 65280.3435,
    "quantity": 0.005,
    "remaining_quantity": 0.005
  },
  {
    "event_id": "0f1381c47bf84468c04d16370d1a63f7f42040f67786248ef5dc4a57273c2698",
    "schema_version": "1.0.0",
    "event_type": "agent_order",
    "source": "synthetic_agent",
    "symbol": "BTCUSDT",
    "exchange": "binance_usdm",
    "timestamp": "2024-05-01T00:00:02Z",
    "sequence": 2,
    "scenario_id": "scenario-313-twap_execution",
    "agent_id": "agent-twap_execution",
    "order_id": "scenario-313-twap_execution-agent-twap_execution-2",
    "action": "new",
    "side": "buy",
    "price": 65280.3435,
    "quantity": 0.005,
    "remaining_quantity": 0.005
  },
  {
    "event_id": "77c1d2fc5176a8b8e12409a7a5491171e134a169b9e176daf9d986a964872271",
    "schema_version": "1.0.0",
    "event_type": "agent_order",
    "source": "synthetic_agent",
    "symbol": "BTCUSDT",
    "exchange": "binance_usdm",
    "timestamp": "2024-05-01T00:00:03Z",
    "sequence": 3,
    "scenario_id": "scenario-313-twap_execution",
    "agent_id": "agent-twap_execution",
    "order_id": "scenario-313-twap_execution-agent-twap_execution-3",
    "action": "new",
    "side": "buy",
    "price": 65280.3435,
    "quantity": 0.005,
    "remaining_quantity": 0.005
  },
  {
    "event_id": "4d285804dad6c151f5b6952d49b92a0a5f81aa0b2a60c24b033bd56b45377f9f",
    "schema_version": "1.0.0",
    "event_type": "agent_order",
    "source": "synthetic_agent",
    "symbol": "BTCUSDT",
    "exchange": "binance_usdm",
    "timestamp": "2024-05-01T00:00:04Z",
    "sequence": 4,
    "scenario_id": "scenario-313-twap_execution",
    "agent_id": "agent-twap_execution",
    "order_id": "scenario-313-twap_execution-agent-twap_execution-4",
    "action": "new",
    "side": "buy",
    "price": 65280.3435,
    "quantity": 0.005,
    "remaining_quantity": 0.005
  },
  {
    "event_id": "a0275b8347cd76584fbe762f0042692912720517ff0fcc1989eb01cbfa9482d2",
    "schema_version": "1.0.0",
    "event_type": "agent_order",
    "source": "synthetic_agent",
    "symbol": "BTCUSDT",
    "exchange": "binance_usdm",
    "timestamp": "2024-05-01T00:00:05Z",
    "sequence": 5,
    "scenario_id": "scenario-313-twap_execution",
    "agent_id": "agent-twap_execution",
    "order_id": "scenario-313-twap_execution-agent-twap_execution-5",
    "action": "new",
    "side": "buy",
    "price": 65280.3435,
    "quantity": 0.005,
    "remaining_quantity": 0.005
  },
  {
    "event_id": "48cf1601dbeb9b57b30c4c52aeb821d73942f0252f2e84d8a8a627d1c0e828b0",
    "schema_version": "1.0.0",
    "event_type": "agent_order",
    "source": "synthetic_agent",
    "symbol": "BTCUSDT",
    "exchange": "binance_usdm",
    "timestamp": "2024-05-01T00:00:06Z",
    "sequence": 6,
    "scenario_id": "scenario-313-twap_execution",
    "agent_id": "agent-twap_execution",
    "order_id": "scenario-313-twap_execution-agent-twap_execution-6",
    "action": "new",
    "side": "buy",
    "price": 65280.3435,
    "quantity": 0.005,
    "remaining_quantity": 0.005
  },
  {
    "event_id": "8ef84725cee6071f442b5f284f5a079276a6ed0c2e1ec151a765819afd943dc6",
    "schema_version": "1.0.0",
    "event_type": "agent_order",
    "source": "synthetic_agent",
    "symbol": "BTCUSDT",
    "exchange": "binance_usdm",
    "timestamp": "2024-05-01T00:00:07Z",
    "sequence": 7,
    "scenario_id": "scenario-313-twap_execution",
    "agent_id": "agent-twap_execution",
    "order_id": "scenario-313-twap_execution-agent-twap_execution-7",
    "action": "new",
    "side": "buy",
    "price": 65280.3435,
    "quantity": 0.005,
    "remaining_quantity": 0.005
  },
  {
    "event_id": "64cb823023158fdff55d89b5b806ef66431fc4d137f0965d6f82947ba7bd6e15",
    "schema_version": "1.0.0",
    "event_type": "agent_order",
    "source": "synthetic_agent",
    "symbol": "BTCUSDT",
    "exchange": "binance_usdm",
    "timestamp": "2024-05-01T00:00:08Z",
    "sequence": 8,
    "scenario_id": "scenario-313-twap_execution",
    "agent_id": "agent-twap_execution",
    "order_id": "scenario-313-twap_execution-agent-twap_execution-8",
    "action": "new",
    "side": "buy",
    "price": 65280.3435,
    "quantity": 0.005,
    "remaining_quantity": 0.005
  },
  {
    "event_id": "bebbd67ae397da552e4f749961e17df20ca3eadb010e1e053eee3e65a74d4416",
    "schema_version": "1.0.0",
    "event_type": "agent_order",
    "source": "synthetic_agent",
    "symbol": "BTCUSDT",
    "exchange": "binance_usdm",
    "timestamp": "2024-05-01T00:00:09Z",
    "sequence": 9,
    "scenario_id": "scenario-313-twap_execution",
    "agent_id": "agent-twap_execution",
    "order_id": "scenario-313-twap_execution-agent-twap_execution-9",
    "action": "new",
    "side": "buy",
    "price": 65280.3435,
    "quantity": 0.005,
    "remaining_quantity": 0.005
  },
  {
    "event_id": "d19940dddafa0c1f441f74daa38d03606f8bcf8826db7983d9838ca0c18ecf82",
    "schema_version": "1.0.0",
    "event_type": "agent_order",
    "source": "synthetic_agent",
    "symbol": "BTCUSDT",
    "exchange": "binance_usdm",
    "timestamp": "2024-05-01T00:00:10Z",
    "sequence": 10,
    "scenario_id": "scenario-313-twap_execution",
    "agent_id": "agent-twap_execution",
    "order_id": "scenario-313-twap_execution-agent-twap_execution-10",
    "action": "new",
    "side": "buy",
    "price": 65280.3435,
    "quantity": 0.005,
    "remaining_quantity": 0.005
  },
  {
    "event_id": "06739bdb9427dff84e957058d286958921b244dd7ed24856e35a6b68ebfc6180",
    "schema_version": "1.0.0",
    "event_type": "agent_order",
    "source": "synthetic_agent",
    "symbol": "BTCUSDT",
    "exchange": "binance_usdm",
    "timestamp": "2024-05-01T00:00:11Z",
    "sequence": 11,
    "scenario_id": "scenario-313-twap_execution",
    "agent_id": "agent-twap_execution",
    "order_id": "scenario-313-twap_execution-agent-twap_execution-11",
    "action": "new",
    "side": "buy",
    "price": 65280.3435,
    "quantity": 0.005,
    "remaining_quantity": 0.005
  },
  {
    "event_id": "dfb2b5e4931d01f7f78c342ea2e8e5332e4f7af434a084d41b39cb040bdae1f1",
    "schema_version": "1.0.0",
    "event_type": "agent_order",
    "source": "synthetic_agent",
    "symbol": "BTCUSDT",
    "exchange": "binance_usdm",
    "timestamp": "2024-05-01T00:00:12Z",
    "sequence": 12,
    "scenario_id": "scenario-313-twap_execution",
    "agent_id": "agent-twap_execution",
    "order_id": "scenario-313-twap_execution-agent-twap_execution-12",
    "action": "new",
    "side": "buy",
    "price": 65280.3435,
    "quantity": 0.005,
    "remaining_quantity": 0.005
  },
  {
    "event_id": "f2afa12a2fbbfd75132f7f4a3f71656e854250cbd26e87dfbd347330e9e364e0",
    "schema_version": "1.0.0",
    "event_type": "agent_order",
    "source": "synthetic_agent",
    "symbol": "BTCUSDT",
    "exchange": "binance_usdm",
    "timestamp": "2024-05-01T00:00:13Z",
    "sequence": 13,
    "scenario_id": "scenario-313-twap_execution",
    "agent_id": "agent-twap_execution",
    "order_id": "scenario-313-twap_execution-agent-twap_execution-13",
    "action": "new",
    "side": "buy",
    "price": 65280.3435,
    "quantity": 0.005,
    "remaining_quantity": 0.005
  },
  {
    "event_id": "c039e5bc28b6bf70926b1bd8add76630ba58826e5ed73a9c40774dac90f7024d",
    "schema_version": "1.0.0",
    "event_type": "agent_order",
    "source": "synthetic_agent",
    "symbol": "BTCUSDT",
    "exchange": "binance_usdm",
    "timestamp": "2024-05-01T00:00:14Z",
    "sequence": 14,
    "scenario_id": "scenario-313-twap_execution",
    "agent_id": "agent-twap_execution",
    "order_id": "scenario-313-twap_execution-agent-twap_execution-14",
    "action": "new",
    "side": "buy",
    "price": 65280.3435,
    "quantity": 0.005,
    "remaining_quantity": 0.005
  },
  {
    "event_id": "7064743e5dcaa4dd0a9da0d3ccc6ec7079d1327b78c91f3e2b57081873a1f236",
    "schema_version": "1.0.0",
    "event_type": "agent_order",
    "source": "synthetic_agent",
    "symbol": "BTCUSDT",
    "exchange": "binance_usdm",
    "timestamp": "2024-05-01T00:00:15Z",
    "sequence": 15,
    "scenario_id": "scenario-313-twap_execution",
    "agent_id": "agent-twap_execution",
    "order_id": "scenario-313-twap_execution-agent-twap_execution-15",
    "action": "new",
    "side": "buy",
    "price": 65280.3435,
    "quantity": 0.005,
    "remaining_quantity": 0.005
  },
  {
    "event_id": "b21b2e3b038166434f9ad16d125e15a10dec4087a9a970f818a9aa4ecb7dae17",
    "schema_version": "1.0.0",
    "event_type": "agent_order",
    "source": "synthetic_agent",
    "symbol": "BTCUSDT",
    "exchange": "binance_usdm",
    "timestamp": "2024-05-01T00:00:16Z",
    "sequence": 16,
    "scenario_id": "scenario-313-twap_execution",
    "agent_id": "agent-twap_execution",
    "order_id": "scenario-313-twap_execution-agent-twap_execution-16",
    "action": "new",
    "side": "buy",
    "price": 65280.3435,
    "quantity": 0.005,
    "remaining_quantity": 0.005
  },
  {
    "event_id": "2cffcf4ada3b7a5bdd00a877ef1b601f70bd8015468cb9c41f339f0c39a34c88",
    "schema_version": "1.0.0",
    "event_type": "agent_order",
    "source": "synthetic_agent",
    "symbol": "BTCUSDT",
    "exchange": "binance_usdm",
    "timestamp": "2024-05-01T00:00:17Z",
    "sequence": 17,
    "scenario_id": "scenario-313-twap_execution",
    "agent_id": "agent-twap_execution",
    "order_id": "scenario-313-twap_execution-agent-twap_execution-17",
    "action": "new",
    "side": "buy",
    "price": 65280.3435,
    "quantity": 0.005,
    "remaining_quantity": 0.005
  },
  {
    "event_id": "4a04d06b36f6048ff8773550be954a2eb7b77f2c13136ee4dd5348ce71c3868b",
    "schema_version": "1.0.0",
    "event_type": "agent_order",
    "source": "synthetic_agent",
    "symbol": "BTCUSDT",
    "exchange": "binance_usdm",
    "timestamp": "2024-05-01T00:00:18Z",
    "sequence": 18,
    "scenario_id": "scenario-313-twap_execution",
    "agent_id": "agent-twap_execution",
    "order_id": "scenario-313-twap_execution-agent-twap_execution-18",
    "action": "new",
    "side": "buy",
    "price": 65280.3435,
    "quantity": 0.005,
    "remaining_quantity": 0.005
  },
  {
    "event_id": "1994a4d377078e86fad22fb7eeef63d468628b518532c15f13ffd893dfadef48",
    "schema_version": "1.0.0",
    "event_type": "agent_order",
    "source": "synthetic_agent",
    "symbol": "BTCUSDT",
    "exchange": "binance_usdm",
    "timestamp": "2024-05-01T00:00:19Z",
    "sequence": 19,
    "scenario_id": "scenario-313-twap_execution",
    "agent_id": "agent-twap_execution",
    "order_id": "scenario-313-twap_execution-agent-twap_execution-19",
    "action": "new",
    "side": "buy",
    "price": 65280.3435,
    "quantity": 0.005,
    "remaining_quantity": 0.005
  },
  {
    "event_id": "9dec475331013dba7929f516b1c159d8ba15e06198aa5c902999d1e8fd2b442d",
    "schema_version": "1.0.0",
    "event_type": "agent_order",
    "source": "synthetic_agent",
    "symbol": "BTCUSDT",
    "exchange": "binance_usdm",
    "timestamp": "2024-05-01T00:00:20Z",
    "sequence": 20,
    "scenario_id": "scenario-313-twap_execution",
    "agent_id": "agent-twap_execution",
    "order_id": "scenario-313-twap_execution-agent-twap_execution-20",
    "action": "new",
    "side": "buy",
    "price": 65280.3435,
    "quantity": 0.005,
    "remaining_quantity": 0.005
  },
  {
    "event_id": "a5f4fdcdf0b495510e65eff8fb7c59cb244f0f2aa22bc66cd02b08ef143a2e6e",
    "schema_version": "1.0.0",
    "event_type": "agent_order",
    "source": "synthetic_agent",
    "symbol": "BTCUSDT",
    "exchange": "binance_usdm",
    "timestamp": "2024-05-01T00:00:21Z",
    "sequence": 21,
    "scenario_id": "scenario-313-twap_execution",
    "agent_id": "agent-twap_execution",
    "order_id": "scenario-313-twap_execution-agent-twap_execution-21",
    "action": "new",
    "side": "buy",
    "price": 65280.3435,
    "quantity": 0.005,
    "remaining_quantity": 0.005
  },
  {
    "event_id": "1afae5b940f1e0ac17f611e985bd339720e4c3701eac4080429c22fbe28d5001",
    "schema_version": "1.0.0",
    "event_type": "agent_order",
    "source": "synthetic_agent",
    "symbol": "BTCUSDT",
    "exchange": "binance_usdm",
    "timestamp": "2024-05-01T00:00:22Z",
    "sequence": 22,
    "scenario_id": "scenario-313-twap_execution",
    "agent_id": "agent-twap_execution",
    "order_id": "scenario-313-twap_execution-agent-twap_execution-22",
    "action": "new",
    "side": "buy",
    "price": 65280.3435,
    "quantity": 0.005,
    "remaining_quantity": 0.005
  },
  {
    "event_id": "9c6913cefd71b68ba993e05c4805e97b438acb8bd3ed6c20f90a2ea3a8419fc7",
    "schema_version": "1.0.0",
    "event_type": "agent_order",
    "source": "synthetic_agent",
    "symbol": "BTCUSDT",
    "exchange": "binance_usdm",
    "timestamp": "2024-05-01T00:00:23Z",
    "sequence": 23,
    "scenario_id": "scenario-313-twap_execution",
    "agent_id": "agent-twap_execution",
    "order_id": "scenario-313-twap_execution-agent-twap_execution-23",
    "action": "new",
    "side": "buy",
    "price": 65280.3435,
    "quantity": 0.005,
    "remaining_quantity": 0.005
  },
  {
    "event_id": "6e1fe9f75fa2ae14f23d75a1e3e7ded84b8e44b26bba46e28003a61536ab2d23",
    "schema_version": "1.0.0",
    "event_type": "agent_order",
    "source": "synthetic_agent",
    "symbol": "BTCUSDT",
    "exchange": "binance_usdm",
    "timestamp": "2024-05-01T00:00:24Z",
    "sequence": 24,
    "scenario_id": "scenario-313-twap_execution",
    "agent_id": "agent-twap_execution",
    "order_id": "scenario-313-twap_execution-agent-twap_execution-24",
    "action": "new",
    "side": "buy",
    "price": 65280.3435,
    "quantity": 0.005,
    "remaining_quantity": 0.005
  },
  {
    "event_id": "573db92104565ceaa133749006027bc8ff7aa919be4c36411e8c2b516d452c37",
    "schema_version": "1.0.0",
    "event_type": "agent_order",
    "source": "synthetic_agent",
    "symbol": "BTCUSDT",
    "exchange": "binance_usdm",
    "timestamp": "2024-05-01T00:00:25Z",
    "sequence": 25,
    "scenario_id": "scenario-313-twap_execution",
    "agent_id": "agent-twap_execution",
    "order_id": "scenario-313-twap_execution-agent-twap_execution-25",
    "action": "new",
    "side": "buy",
    "price": 65280.3435,
    "quantity": 0.005,
    "remaining_quantity": 0.005
  },
  {
    "event_id": "79b441a8c8d906f3e58943ca489e41aac12bfebb8e41521ead2cd8018308dff3",
    "schema_version": "1.0.0",
    "event_type": "agent_order",
    "source": "synthetic_agent",
    "symbol": "BTCUSDT",
    "exchange": "binance_usdm",
    "timestamp": "2024-05-01T00:00:26Z",
    "sequence": 26,
    "scenario_id": "scenario-313-twap_execution",
    "agent_id": "agent-twap_execution",
    "order_id": "scenario-313-twap_execution-agent-twap_execution-26",
    "action": "new",
    "side": "buy",
    "price": 65280.3435,
    "quantity": 0.005,
    "remaining_quantity": 0.005
  },
  {
    "event_id": "937ea68b551d3a6dbcb51925c491cbf4ff498da3cadd0a90222bf21b74a1eca5",
    "schema_version": "1.0.0",
    "event_type": "agent_order",
    "source": "synthetic_agent",
    "symbol": "BTCUSDT",
    "exchange": "binance_usdm",
    "timestamp": "2024-05-01T00:00:27Z",
    "sequence": 27,
    "scenario_id": "scenario-313-twap_execution",
    "agent_id": "agent-twap_execution",
    "order_id": "scenario-313-twap_execution-agent-twap_execution-27",
    "action": "new",
    "side": "buy",
    "price": 65280.3435,
    "quantity": 0.005,
    "remaining_quantity": 0.005
  },
  {
    "event_id": "cc6f568d3da72496f1c036d3dccc4a9ebdc95dd1622a835d7612e5fe3ee3b8a3",
    "schema_version": "1.0.0",
    "event_type": "agent_order",
    "source": "synthetic_agent",
    "symbol": "BTCUSDT",
    "exchange": "binance_usdm",
    "timestamp": "2024-05-01T00:00:28Z",
    "sequence": 28,
    "scenario_id": "scenario-313-twap_execution",
    "agent_id": "agent-twap_execution",
    "order_id": "scenario-313-twap_execution-agent-twap_execution-28",
    "action": "new",
    "side": "buy",
    "price": 65280.3435,
    "quantity": 0.005,
    "remaining_quantity": 0.005
  },
  {
    "event_id": "a3bdf81a84057afb7dfeab8d8508bbf48607dd0b239af625b084c29beb8126fb",
    "schema_version": "1.0.0",
    "event_type": "agent_order",
    "source": "synthetic_agent",
    "symbol": "BTCUSDT",
    "exchange": "binance_usdm",
    "timestamp": "2024-05-01T00:00:29Z",
    "sequence": 29,
    "scenario_id": "scenario-313-twap_execution",
    "agent_id": "agent-twap_execution",
    "order_id": "scenario-313-twap_execution-agent-twap_execution-29",
    "action": "new",
    "side": "buy",
    "price": 65280.3435,
    "quantity": 0.005,
    "remaining_quantity": 0.005
  }
]