[
  {
    "event_id": "b8282df71b5ffb2ad72f5e021eac4525063af9031d2c885db8e5fc2873d8fe59",
    "schema_version": "1.0.0",
    "event_type": "agent_order",
    "source": "synthetic_agent",
    "symbol": "BTCUSDT",
    "exchange": "binance_usdm",
    "timestamp": "2024-05-01T00:00:00Z",
    "sequence": 0,
    "scenario_id": "scenario-341-momentum_ignition",
    "agent_id": "agent-momentum_ignition",
    "order_id": "scenario-341-momentum_ignition-agent-momentum_ignition-0",
    "action": "new",
    "side": "buy",
    "price": 65406.34099999999,
    "quantity": 0.08,
    "remaining_quantity": 0.08
  },
  {
    "event_id": "e9a14b66a705d598ff473177004de9d13e731199b1e6ceb2e8a01dac31c81664",
    "schema_version": "1.0.0",
    "event_type": "agent_order",
    "source": "synthetic_agent",
    "symbol": "BTCUSDT",
    "exchange": "binance_usdm",
    "timestamp": "2024-05-01T00:00:00.080000Z",
    "sequence": 1,
    "scenario_id": "scenario-341-momentum_ignition",
    "agent_id": "agent-momentum_ignition",
    "order_id": "scenario-341-momentum_ignition-agent-momentum_ignition-1",
    "action": "new",
    "side": "buy",
    "price": 65407.647819999984,
    "quantity": 0.08,
    "remaining_quantity": 0.08
  },
  {
    "event_id": "3dd7a22285101e99da0a71fdfdf4c0c21e8016d4adb1899b52287cd80eb4170f",
    "schema_version": "1.0.0",
    "event_type": "agent_order",
    "source": "synthetic_agent",
    "symbol": "BTCUSDT",
    "exchange": "binance_usdm",
    "timestamp": "2024-05-01T00:00:00.160000Z",
    "sequence": 2,
    "scenario_id": "scenario-341-momentum_ignition",
    "agent_id": "agent-momentum_ignition",
    "order_id": "scenario-341-momentum_ignition-agent-momentum_ignition-2",
    "action": "new",
    "side": "buy",
    "price": 65408.954639999996,
    "quantity": 0.08,
    "remaining_quantity": 0.08
  },
  {
    "event_id": "e22bef40e21caeb15deadfa4e9c938091aba9214e71a4b806969f6cf1de49961",
    "schema_version": "1.0.0",
    "event_type": "agent_order",
    "source": "synthetic_agent",
    "symbol": "BTCUSDT",
    "exchange": "binance_usdm",
    "timestamp": "2024-05-01T00:00:00.240000Z",
    "sequence": 3,
    "scenario_id": "scenario-341-momentum_ignition",
    "agent_id": "agent-momentum_ignition",
    "order_id": "scenario-341-momentum_ignition-agent-momentum_ignition-3",
    "action": "new",
    "side": "buy",
    "price": 65410.26145999999,
    "quantity": 0.08,
    "remaining_quantity": 0.08
  },
  {
    "event_id": "60811218d6e60bd31597dd6a51a40422e2870cfc0b94ab5316aa0d0af5f5c491",
    "schema_version": "1.0.0",
    "event_type": "agent_order",
    "source": "synthetic_agent",
    "symbol": "BTCUSDT",
    "exchange": "binance_usdm",
    "timestamp": "2024-05-01T00:00:00.320000Z",
    "sequence": 4,
    "scenario_id": "scenario-341-momentum_ignition",
    "agent_id": "agent-momentum_ignition",
    "order_id": "scenario-341-momentum_ignition-agent-momentum_ignition-4",
    "action": "new",
    "side": "buy",
    "price": 65411.56828,
    "quantity": 0.08,
    "remaining_quantity": 0.08
  },
  {
    "event_id": "01f5ee6687b299b455b22299cd2dff5135459285cf63d27b66420331bade4c6c",
    "schema_version": "1.0.0",
    "event_type": "agent_order",
    "source": "synthetic_agent",
    "symbol": "BTCUSDT",
    "exchange": "binance_usdm",
    "timestamp": "2024-05-01T00:00:00.400000Z",
    "sequence": 5,
    "scenario_id": "scenario-341-momentum_ignition",
    "agent_id": "agent-momentum_ignition",
    "order_id": "scenario-341-momentum_ignition-agent-momentum_ignition-5",
    "action": "new",
    "side": "buy",
    "price": 65412.87509999999,
    "quantity": 0.08,
    "remaining_quantity": 0.08
  },
  {
    "event_id": "83d94bd60cd1d82c520c17a18dedc233290837e94c9218f1d1a83e419b69eb13",
    "schema_version": "1.0.0",
    "event_type": "agent_order",
    "source": "synthetic_agent",
    "symbol": "BTCUSDT",
    "exchange": "binance_usdm",
    "timestamp": "2024-05-01T00:00:00.480000Z",
    "sequence": 6,
    "scenario_id": "scenario-341-momentum_ignition",
    "agent_id": "agent-momentum_ignition",
    "order_id": "scenario-341-momentum_ignition-agent-momentum_ignition-6",
    "action": "new",
    "side": "buy",
    "price": 65414.18191999999,
    "quantity": 0.08,
    "remaining_quantity": 0.08
  },
  {
    "event_id": "042bfc598e72dff566f14757bffcc8cf263bfaad038072165c13292c266f57f7",
    "schema_version": "1.0.0",
    "event_type": "agent_order",
    "source": "synthetic_agent",
    "symbol": "BTCUSDT",
    "exchange": "binance_usdm",
    "timestamp": "2024-05-01T00:00:00.560000Z",
    "sequence": 7,
    "scenario_id": "scenario-341-momentum_ignition",
    "agent_id": "agent-momentum_ignition",
    "order_id": "scenario-341-momentum_ignition-agent-momentum_ignition-7",
    "action": "new",
    "side": "buy",
    "price": 65415.48873999999,
    "quantity": 0.08,
    "remaining_quantity": 0.08
  },
  {
    "event_id": "a43774ef2fae92d8231d01bfa6cda0bf408de922644eb4c785ee759ef662abe5",
    "schema_version": "1.0.0",
    "event_type": "agent_order",
    "source": "synthetic_agent",
    "symbol": "BTCUSDT",
    "exchange": "binance_usdm",
    "timestamp": "2024-05-01T00:00:00.640000Z",
    "sequence": 8,
    "scenario_id": "scenario-341-momentum_ignition",
    "agent_id": "agent-momentum_ignition",
    "order_id": "scenario-341-momentum_ignition-agent-momentum_ignition-8",
    "action": "new",
    "side": "buy",
    "price": 65416.79555999999,
    "quantity": 0.08,
    "remaining_quantity": 0.08
  },
  {
    "event_id": "d332463bf671279abb2b1959ff3fd06960f100ca40265582909d1ccf16fba06a",
    "schema_version": "1.0.0",
    "event_type": "agent_order",
    "source": "synthetic_agent",
    "symbol": "BTCUSDT",
    "exchange": "binance_usdm",
    "timestamp": "2024-05-01T00:00:00.720000Z",
    "sequence": 9,
    "scenario_id": "scenario-341-momentum_ignition",
    "agent_id": "agent-momentum_ignition",
    "order_id": "scenario-341-momentum_ignition-agent-momentum_ignition-9",
    "action": "new",
    "side": "buy",
    "price": 65418.10238,
    "quantity": 0.08,
    "remaining_quantity": 0.08
  },
  {
    "event_id": "69507db237eb17e58835853ba1ea24be87093b523f33e2c176ab2f176f70bfdd",
    "schema_version": "1.0.0",
    "event_type": "agent_order",
    "source": "synthetic_agent",
    "symbol": "BTCUSDT",
    "exchange": "binance_usdm",
    "timestamp": "2024-05-01T00:00:00.800000Z",
    "sequence": 10,
    "scenario_id": "scenario-341-momentum_ignition",
    "agent_id": "agent-momentum_ignition",
    "order_id": "scenario-341-momentum_ignition-agent-momentum_ignition-10",
    "action": "new",
    "side": "buy",
    "price": 65419.409199999995,
    "quantity": 0.08,
    "remaining_quantity": 0.08
  },
  {
    "event_id": "a21336db4512ed6cf085f46594b1d0bff55301bfd8107bb58d1da4ab0e06750a",
    "schema_version": "1.0.0",
    "event_type": "agent_order",
    "source": "synthetic_agent",
    "symbol": "BTCUSDT",
    "exchange": "binance_usdm",
    "timestamp": "2024-05-01T00:00:00.880000Z",
    "sequence": 11,
    "scenario_id": "scenario-341-momentum_ignition",
    "agent_id": "agent-momentum_ignition",
    "order_id": "scenario-341-momentum_ignition-agent-momentum_ignition-11",
    "action": "new",
    "side": "buy",
    "price": 65420.71602,
    "quantity": 0.08,
    "remaining_quantity": 0.08
  },
  {
    "event_id": "70cb35479c2fb415ed3ad46965b622d267cfcea330188dad29c43c7e4a3c13ca",
    "schema_version": "1.0.0",
    "event_type": "agent_order",
    "source": "synthetic_agent",
    "symbol": "BTCUSDT",
    "exchange": "binance_usdm",
    "timestamp": "2024-05-01T00:00:00.960000Z",
    "sequence": 12,
    "scenario_id": "scenario-341-momentum_ignition",
    "agent_id": "agent-momentum_ignition",
    "order_id": "scenario-341-momentum_ignition-agent-momentum_ignition-12",
    "action": "new",
    "side": "buy",
    "price": 65422.02283999999,
    "quantity": 0.08,
    "remaining_quantity": 0.08
  },
  {
    "event_id": "f2914de56af4e7fcde2ca2bf371306531005d64b99a584adb97e50ee61d80e77",
    "schema_version": "1.0.0",
    "event_type": "agent_order",
    "source": "synthetic_agent",
    "symbol": "BTCUSDT",
    "exchange": "binance_usdm",
    "timestamp": "2024-05-01T00:00:01.040000Z",
    "sequence": 13,
    "scenario_id": "scenario-341-momentum_ignition",
    "agent_id": "agent-momentum_ignition",
    "order_id": "scenario-341-momentum_ignition-agent-momentum_ignition-13",
    "action": "new",
    "side": "buy",
    "price": 65423.32965999999,
    "quantity": 0.08,
    "remaining_quantity": 0.08
  },
  {
    "event_id": "55be4a403a33ad4e22df1714343d4db825d2157f294d5a0fc80f653fcbe743cb",
    "schema_version": "1.0.0",
    "event_type": "agent_order",
    "source": "synthetic_agent",
    "symbol": "BTCUSDT",
    "exchange": "binance_usdm",
    "timestamp": "2024-05-01T00:00:01.120000Z",
    "sequence": 14,
    "scenario_id": "scenario-341-momentum_ignition",
    "agent_id": "agent-momentum_ignition",
    "order_id": "scenario-341-momentum_ignition-agent-momentum_ignition-14",
    "action": "new",
    "side": "buy",
    "price": 65424.636479999994,
    "quantity": 0.08,
    "remaining_quantity": 0.08
  },
  {
    "event_id": "4319492dfdd19c8780be1bc29336221437e344b0c1db14e642ea656873e7cbd3",
    "schema_version": "1.0.0",
    "event_type": "agent_order",
    "source": "synthetic_agent",
    "symbol": "BTCUSDT",
    "exchange": "binance_usdm",
    "timestamp": "2024-05-01T00:00:01.200000Z",
    "sequence": 15,
    "scenario_id": "scenario-341-momentum_ignition",
    "agent_id": "agent-momentum_ignition",
    "order_id": "scenario-341-momentum_ignition-agent-momentum_ignition-15",
    "action": "new",
    "side": "buy",
    "price": 65425.94329999999,
    "quantity": 0.08,
    "remaining_quantity": 0.08
  },
  {
    "event_id": "a14540d7b801bbb16a308b853e73e4f38dc14b2197e9af6713b980cefe5a4e12",
    "schema_version": "1.0.0",
    "event_type": "agent_order",
    "source": "synthetic_agent",
    "symbol": "BTCUSDT",
    "exchange": "binance_usdm",
    "timestamp": "2024-05-01T00:00:01.280000Z",
    "sequence": 16,
    "scenario_id": "scenario-341-momentum_ignition",
    "agent_id": "agent-momentum_ignition",
    "order_id": "scenario-341-momentum_ignition-agent-momentum_ignition-16",
    "action": "new",
    "side": "buy",
    "price": 65427.25012,
    "quantity": 0.08,
    "remaining_quantity": 0.08
  },
  {
    "event_id": "6a1f5cd02c2a4739a28e71d260a307870faf4097eb7c93964845fea4fb331bf0",
    "schema_version": "1.0.0",
    "event_type": "agent_order",
    "source": "synthetic_agent",
    "symbol": "BTCUSDT",
    "exchange": "binance_usdm",
    "timestamp": "2024-05-01T00:00:01.360000Z",
    "sequence": 17,
    "scenario_id": "scenario-341-momentum_ignition",
    "agent_id": "agent-momentum_ignition",
    "order_id": "scenario-341-momentum_ignition-agent-momentum_ignition-17",
    "action": "new",
    "side": "buy",
    "price": 65428.556939999995,
    "quantity": 0.08,
    "remaining_quantity": 0.08
  },
  {
    "event_id": "407e2cfcd6e8247e401b98ad74c716d5f7d3ac2dca015503f23692a2e31409c7",
    "schema_version": "1.0.0",
    "event_type": "agent_order",
    "source": "synthetic_agent",
    "symbol": "BTCUSDT",
    "exchange": "binance_usdm",
    "timestamp": "2024-05-01T00:00:01.440000Z",
    "sequence": 18,
    "scenario_id": "scenario-341-momentum_ignition",
    "agent_id": "agent-momentum_ignition",
    "order_id": "scenario-341-momentum_ignition-agent-momentum_ignition-18",
    "action": "new",
    "side": "buy",
    "price": 65429.863759999986,
    "quantity": 0.08,
    "remaining_quantity": 0.08
  },
  {
    "event_id": "7f33baf58bcc75b8ee1738f5a3dc0f7688136854647ec3b3200bbcd155ed3dae",
    "schema_version": "1.0.0",
    "event_type": "agent_order",
    "source": "synthetic_agent",
    "symbol": "BTCUSDT",
    "exchange": "binance_usdm",
    "timestamp": "2024-05-01T00:00:01.520000Z",
    "sequence": 19,
    "scenario_id": "scenario-341-momentum_ignition",
    "agent_id": "agent-momentum_ignition",
    "order_id": "scenario-341-momentum_ignition-agent-momentum_ignition-19",
    "action": "new",
    "side": "buy",
    "price": 65431.17058,
    "quantity": 0.08,
    "remaining_quantity": 0.08
  },
  {
    "event_id": "9438cb6bc8d5261f68c85628b4a5337d1c0cd492d1cb8fc39fe0711f4e14f353",
    "schema_version": "1.0.0",
    "event_type": "agent_order",
    "source": "synthetic_agent",
    "symbol": "BTCUSDT",
    "exchange": "binance_usdm",
    "timestamp": "2024-05-01T00:00:01.600000Z",
    "sequence": 20,
    "scenario_id": "scenario-341-momentum_ignition",
    "agent_id": "agent-momentum_ignition",
    "order_id": "scenario-341-momentum_ignition-agent-momentum_ignition-20",
    "action": "new",
    "side": "buy",
    "price": 65432.47739999999,
    "quantity": 0.08,
    "remaining_quantity": 0.08
  },
  {
    "event_id": "ad226edc7528196a747f98527dab705ef71c15f60619e717fed47b467121b5cb",
    "schema_version": "1.0.0",
    "event_type": "agent_order",
    "source": "synthetic_agent",
    "symbol": "BTCUSDT",
    "exchange": "binance_usdm",
    "timestamp": "2024-05-01T00:00:01.680000Z",
    "sequence": 21,
    "scenario_id": "scenario-341-momentum_ignition",
    "agent_id": "agent-momentum_ignition",
    "order_id": "scenario-341-momentum_ignition-agent-momentum_ignition-21",
    "action": "new",
    "side": "buy",
    "price": 65433.78422,
    "quantity": 0.08,
    "remaining_quantity": 0.08
  },
  {
    "event_id": "011c0bc2de43c7167faba0ff875e4972b69e2a9931ec84372e8b5e435f583c53",
    "schema_version": "1.0.0",
    "event_type": "agent_order",
    "source": "synthetic_agent",
    "symbol": "BTCUSDT",
    "exchange": "binance_usdm",
    "timestamp": "2024-05-01T00:00:01.760000Z",
    "sequence": 22,
    "scenario_id": "scenario-341-momentum_ignition",
    "agent_id": "agent-momentum_ignition",
    "order_id": "scenario-341-momentum_ignition-agent-momentum_ignition-22",
    "action": "new",
    "side": "buy",
    "price": 65435.09103999999,
    "quantity": 0.08,
    "remaining_quantity": 0.08
  },
  {
    "event_id": "3819871d7b0758565316068587f2c5689ec03a9d5dd00b7794404d6275c683ed",
    "schema_version": "1.0.0",
    "event_type": "agent_order",
    "source": "synthetic_agent",
    "symbol": "BTCUSDT",
    "exchange": "binance_usdm",
    "timestamp": "2024-05-01T00:00:01.840000Z",
    "sequence": 23,
    "scenario_id": "scenario-341-momentum_ignition",
    "agent_id": "agent-momentum_ignition",
    "order_id": "scenario-341-momentum_ignition-agent-momentum_ignition-23",
    "action": "new",
    "side": "buy",
    "price": 65436.39785999999,
    "quantity": 0.08,
    "remaining_quantity": 0.08
  },
  {
    "event_id": "a19c76044d7ae95f4bb3c27a43bca923f0b2a17724e45d0e7e3bb9aca3cdd37a",
    "schema_version": "1.0.0",
    "event_type": "agent_order",
    "source": "synthetic_agent",
    "symbol": "BTCUSDT",
    "exchange": "binance_usdm",
    "timestamp": "2024-05-01T00:00:01.920000Z",
    "sequence": 24,
    "scenario_id": "scenario-341-momentum_ignition",
    "agent_id": "agent-momentum_ignition",
    "order_id": "scenario-341-momentum_ignition-agent-momentum_ignition-24",
    "action": "new",
    "side": "buy",
    "price": 65437.704679999995,
    "quantity": 0.08,
    "remaining_quantity": 0.08
  },
  {
    "event_id": "957b3b944ea647519c65d19a1fb8f6a3f8cdb525339856ddf5c5a55f57d620a9",
    "schema_version": "1.0.0",
    "event_type": "agent_order",
    "source": "synthetic_agent",
    "symbol": "BTCUSDT",
    "exchange": "binance_usdm",
    "timestamp": "2024-05-01T00:00:02Z",
    "sequence": 25,
    "scenario_id": "scenario-341-momentum_ignition",
    "agent_id": "agent-momentum_ignition",
    "order_id": "scenario-341-momentum_ignition-agent-momentum_ignition-25",
    "action": "new",
    "side": "buy",
    "price": 65439.011499999986,
    "quantity": 0.08,
    "remaining_quantity": 0.08
  },
  {
    "event_id": "a8bd76e96f863e1679626a638acc6e278494fd31b4b730daee33faab6a618b5d",
    "schema_version": "1.0.0",
    "event_type": "agent_order",
    "source": "synthetic_agent",
    "symbol": "BTCUSDT",
    "exchange": "binance_usdm",
    "timestamp": "2024-05-01T00:00:02.080000Z",
    "sequence": 26,
    "scenario_id": "scenario-341-momentum_ignition",
    "agent_id": "agent-momentum_ignition",
    "order_id": "scenario-341-momentum_ignition-agent-momentum_ignition-26",
    "action": "new",
    "side": "buy",
    "price": 65440.31832,
    "quantity": 0.08,
    "remaining_quantity": 0.08
  },
  {
    "event_id": "adc5269538a8338c946b2f0555b47d337c7d6a3e19d4c1be5b43f5d08253865a",
    "schema_version": "1.0.0",
    "event_type": "agent_order",
    "source": "synthetic_agent",
    "symbol": "BTCUSDT",
    "exchange": "binance_usdm",
    "timestamp": "2024-05-01T00:00:02.160000Z",
    "sequence": 27,
    "scenario_id": "scenario-341-momentum_ignition",
    "agent_id": "agent-momentum_ignition",
    "order_id": "scenario-341-momentum_ignition-agent-momentum_ignition-27",
    "action": "new",
    "side": "buy",
    "price": 65441.62513999999,
    "quantity": 0.08,
    "remaining_quantity": 0.08
  },
  {
    "event_id": "f94a006e0ef13dcea579804251748f003e2f05375aeb68c7740a3e9be2352bdd",
    "schema_version": "1.0.0",
    "event_type": "agent_order",
    "source": "synthetic_agent",
    "symbol": "BTCUSDT",
    "exchange": "binance_usdm",
    "timestamp": "2024-05-01T00:00:02.240000Z",
    "sequence": 28,
    "scenario_id": "scenario-341-momentum_ignition",
    "agent_id": "agent-momentum_ignition",
    "order_id": "scenario-341-momentum_ignition-agent-momentum_ignition-28",
    "action": "new",
    "side": "buy",
    "price": 65442.93195999999,
    "quantity": 0.08,
    "remaining_quantity": 0.08
  },
  {
    "event_id": "46772241ddbab8b27d799578b834790b375615c8eebee902a2b38657e3a1833c",
    "schema_version": "1.0.0",
    "event_type": "agent_order",
    "source": "synthetic_agent",
    "symbol": "BTCUSDT",
    "exchange": "binance_usdm",
    "timestamp": "2024-05-01T00:00:02.320000Z",
    "sequence": 29,
    "scenario_id": "scenario-341-momentum_ignition",
    "agent_id": "agent-momentum_ignition",
    "order_id": "scenario-341-momentum_ignition-agent-momentum_ignition-29",
    "action": "new",
    "side": "buy",
    "price": 65444.23877999999,
    "quantity": 0.08,
    "remaining_quantity": 0.08
  }
]