[
  {
    "event_id": "6b2d7d9be4d3d79365b86808145d7f5bb169ed077c0c3e0124a7082554ded1fc",
    "schema_version": "1.0.0",
    "event_type": "agent_order",
    "source": "synthetic_agent",
    "symbol": "BTCUSDT",
    "exchange": "binance_usdm",
    "timestamp": "2024-05-01T00:00:00Z",
    "sequence": 0,
    "scenario_id": "scenario-139-coordinated_burst",
    "agent_id": "agent-coordinated_burst-0",
    "order_id": "scenario-139-coordinated_burst-agent-coordinated_burst-0-0",
    "action": "new",
    "side": "buy",
    "price": 65152.027799999996,
    "quantity": 0.04,
    "remaining_quantity": 0.04
  },
  {
    "event_id": "cee323b04dfc1868a510361734fafa4cc1e7d8649d7c13c0bec889203aa89b7e",
    "schema_version": "1.0.0",
    "event_type": "agent_order",
    "source": "synthetic_agent",
    "symbol": "BTCUSDT",
    "exchange": "binance_usdm",
    "timestamp": "2024-05-01T00:00:00.012000Z",
    "sequence": 1,
    "scenario_id": "scenario-139-coordinated_burst",
    "agent_id": "agent-coordinated_burst-1",
    "order_id": "scenario-139-coordinated_burst-agent-coordinated_burst-1-1",
    "action": "new",
    "side": "sell",
    "price": 65125.972200000004,
    "quantity": 0.04,
    "remaining_quantity": 0.04
  },
  {
    "event_id": "7c9baca7ea90bf2a520105dfd1d7141272ced2765eafa89518cf4ca54d3683b6",
    "schema_version": "1.0.0",
    "event_type": "agent_order",
    "source": "synthetic_agent",
    "symbol": "BTCUSDT",
    "exchange": "binance_usdm",
    "timestamp": "2024-05-01T00:00:00.024000Z",
    "sequence": 2,
    "scenario_id": "scenario-139-coordinated_burst",
    "agent_id": "agent-coordinated_burst-2",
    "order_id": "scenario-139-coordinated_burst-agent-coordinated_burst-2-2",
    "action": "new",
    "side": "sell",
    "price": 65125.972200000004,
    "quantity": 0.04,
    "remaining_quantity": 0.04
  },
  {
    "event_id": "3b089faf35fc9c449a02b65cec6afa36e047614d2675a80995cec8b8ac04a0b3",
    "schema_version": "1.0.0",
    "event_type": "agent_order",
    "source": "synthetic_agent",
    "symbol": "BTCUSDT",
    "exchange": "binance_usdm",
    "timestamp": "2024-05-01T00:00:00.036000Z",
    "sequence": 3,
    "scenario_id": "scenario-139-coordinated_burst",
    "agent_id": "agent-coordinated_burst-0",
    "order_id": "scenario-139-coordinated_burst-agent-coordinated_burst-0-3",
    "action": "new",
    "side": "buy",
    "price": 65152.027799999996,
    "quantity": 0.04,
    "remaining_quantity": 0.04
  },
  {
    "event_id": "0fe7156c2f681f26c612eb906493e1cd131f3dc0399a22f21ca6f570ce2faf36",
    "schema_version": "1.0.0",
    "event_type": "agent_order",
    "source": "synthetic_agent",
    "symbol": "BTCUSDT",
    "exchange": "binance_usdm",
    "timestamp": "2024-05-01T00:00:00.048000Z",
    "sequence": 4,
    "scenario_id": "scenario-139-coordinated_burst",
    "agent_id": "agent-coordinated_burst-1",
    "order_id": "scenario-139-coordinated_burst-agent-coordinated_burst-1-4",
    "action": "new",
    "side": "sell",
    "price": 65125.972200000004,
    "quantity": 0.04,
    "remaining_quantity": 0.04
  },
  {
    "event_id": "5a48a44309b86dea2401dc1caae2bca0a1b48456abfb7f733d27fec2a70452a9",
    "schema_version": "1.0.0",
    "event_type": "agent_order",
    "source": "synthetic_agent",
    "symbol": "BTCUSDT",
    "exchange": "binance_usdm",
    "timestamp": "2024-05-01T00:00:00.600000Z",
    "sequence": 5,
    "scenario_id": "scenario-139-coordinated_burst",
    "agent_id": "agent-coordinated_burst-2",
    "order_id": "scenario-139-coordinated_burst-agent-coordinated_burst-2-5",
    "action": "new",
    "side": "sell",
    "price": 65125.972200000004,
    "quantity": 0.04,
    "remaining_quantity": 0.04
  },
  {
    "event_id": "8fdd4009c44d36a74de9b98e513a515a0cea06cac1dd57d17ac7e2ef046a3c38",
    "schema_version": "1.0.0",
    "event_type": "agent_order",
    "source": "synthetic_agent",
    "symbol": "BTCUSDT",
    "exchange": "binance_usdm",
    "timestamp": "2024-05-01T00:00:00.072000Z",
    "sequence": 6,
    "scenario_id": "scenario-139-coordinated_burst",
    "agent_id": "agent-coordinated_burst-0",
    "order_id": "scenario-139-coordinated_burst-agent-coordinated_burst-0-6",
    "action": "new",
    "side": "buy",
    "price": 65152.027799999996,
    "quantity": 0.04,
    "remaining_quantity": 0.04
  },
  {
    "event_id": "675be1743ce098b9888360fe3d76d097d937b358ef5a263bc25600da18ad6cda",
    "schema_version": "1.0.0",
    "event_type": "agent_order",
    "source": "synthetic_agent",
    "symbol": "BTCUSDT",
    "exchange": "binance_usdm",
    "timestamp": "2024-05-01T00:00:00.084000Z",
    "sequence": 7,
    "scenario_id": "scenario-139-coordinated_burst",
    "agent_id": "agent-coordinated_burst-1",
    "order_id": "scenario-139-coordinated_burst-agent-coordinated_burst-1-7",
    "action": "new",
    "side": "sell",
    "price": 65125.972200000004,
    "quantity": 0.04,
    "remaining_quantity": 0.04
  },
  {
    "event_id": "ae1f223e72ea8c61eb0e13f5381b36ba0782e8609bd3e3350900abbddbaf1602",
    "schema_version": "1.0.0",
    "event_type": "agent_order",
    "source": "synthetic_agent",
    "symbol": "BTCUSDT",
    "exchange": "binance_usdm",
    "timestamp": "2024-05-01T00:00:00.096000Z",
    "sequence": 8,
    "scenario_id": "scenario-139-coordinated_burst",
    "agent_id": "agent-coordinated_burst-2",
    "order_id": "scenario-139-coordinated_burst-agent-coordinated_burst-2-8",
    "action": "new",
    "side": "sell",
    "price": 65125.972200000004,
    "quantity": 0.04,
    "remaining_quantity": 0.04
  },
  {
    "event_id": "f46f97da4cf6b438b21d77a7d136de2e071a1ab79492168a3d3378b922454602",
    "schema_version": "1.0.0",
    "event_type": "agent_order",
    "source": "synthetic_agent",
    "symbol": "BTCUSDT",
    "exchange": "binance_usdm",
    "timestamp": "2024-05-01T00:00:00.108000Z",
    "sequence": 9,
    "scenario_id": "scenario-139-coordinated_burst",
    "agent_id": "agent-coordinated_burst-0",
    "order_id": "scenario-139-coordinated_burst-agent-coordinated_burst-0-9",
    "action": "new",
    "side": "buy",
    "price": 65152.027799999996,
    "quantity": 0.04,
    "remaining_quantity": 0.04
  },
  {
    "event_id": "b223e5546620cf1c1dca38e43f6d8fb379028526c42f8b9ed460799f1bd73fdb",
    "schema_version": "1.0.0",
    "event_type": "agent_order",
    "source": "synthetic_agent",
    "symbol": "BTCUSDT",
    "exchange": "binance_usdm",
    "timestamp": "2024-05-01T00:00:01.200000Z",
    "sequence": 10,
    "scenario_id": "scenario-139-coordinated_burst",
    "agent_id": "agent-coordinated_burst-1",
    "order_id": "scenario-139-coordinated_burst-agent-coordinated_burst-1-10",
    "action": "new",
    "side": "sell",
    "price": 65125.972200000004,
    "quantity": 0.04,
    "remaining_quantity": 0.04
  },
  {
    "event_id": "672a0aaae4758d831df80c30bd9527c1ed1581482e28fe9471e08eb6e4c1ec57",
    "schema_version": "1.0.0",
    "event_type": "agent_order",
    "source": "synthetic_agent",
    "symbol": "BTCUSDT",
    "exchange": "binance_usdm",
    "timestamp": "2024-05-01T00:00:00.132000Z",
    "sequence": 11,
    "scenario_id": "scenario-139-coordinated_burst",
    "agent_id": "agent-coordinated_burst-2",
    "order_id": "scenario-139-coordinated_burst-agent-coordinated_burst-2-11",
    "action": "new",
    "side": "sell",
    "price": 65125.972200000004,
    "quantity": 0.04,
    "remaining_quantity": 0.04
  },
  {
    "event_id": "749114579baa863699b1335c0044187d2e049110c7e53fad4b9e4f763fa4d824",
    "schema_version": "1.0.0",
    "event_type": "agent_order",
    "source": "synthetic_agent",
    "symbol": "BTCUSDT",
    "exchange": "binance_usdm",
    "timestamp": "2024-05-01T00:00:00.144000Z",
    "sequence": 12,
    "scenario_id": "scenario-139-coordinated_burst",
    "agent_id": "agent-coordinated_burst-0",
    "order_id": "scenario-139-coordinated_burst-agent-coordinated_burst-0-12",
    "action": "new",
    "side": "buy",
    "price": 65152.027799999996,
    "quantity": 0.04,
    "remaining_quantity": 0.04
  },
  {
    "event_id": "27af965c1e4b56449b734167b9411f83c4e4d88d2a6ae24ea1ddcbbe4b381829",
    "schema_version": "1.0.0",
    "event_type": "agent_order",
    "source": "synthetic_agent",
    "symbol": "BTCUSDT",
    "exchange": "binance_usdm",
    "timestamp": "2024-05-01T00:00:00.156000Z",
    "sequence": 13,
    "scenario_id": "scenario-139-coordinated_burst",
    "agent_id": "agent-coordinated_burst-1",
    "order_id": "scenario-139-coordinated_burst-agent-coordinated_burst-1-13",
    "action": "new",
    "side": "sell",
    "price": 65125.972200000004,
    "quantity": 0.04,
    "remaining_quantity": 0.04
  },
  {
    "event_id": "2279534872a89ba1deff94aa467eadcf3b5dba53eea5d62f2523a3831285b082",
    "schema_version": "1.0.0",
    "event_type": "agent_order",
    "source": "synthetic_agent",
    "symbol": "BTCUSDT",
    "exchange": "binance_usdm",
    "timestamp": "2024-05-01T00:00:00.168000Z",
    "sequence": 14,
    "scenario_id": "scenario-139-coordinated_burst",
    "agent_id": "agent-coordinated_burst-2",
    "order_id": "scenario-139-coordinated_burst-agent-coordinated_burst-2-14",
    "action": "new",
    "side": "sell",
    "price": 65125.972200000004,
    "quantity": 0.04,
    "remaining_quantity": 0.04
  },
  {
    "event_id": "c7a8ad643bc5deae90feb8a868923278db6936e9f8b7df21e367a671ee2dfc91",
    "schema_version": "1.0.0",
    "event_type": "agent_order",
    "source": "synthetic_agent",
    "symbol": "BTCUSDT",
    "exchange": "binance_usdm",
    "timestamp": "2024-05-01T00:00:01.800000Z",
    "sequence": 15,
    "scenario_id": "scenario-139-coordinated_burst",
    "agent_id": "agent-coordinated_burst-0",
    "order_id": "scenario-139-coordinated_burst-agent-coordinated_burst-0-15",
    "action": "new",
    "side": "buy",
    "price": 65152.027799999996,
    "quantity": 0.04,
    "remaining_quantity": 0.04
  },
  {
    "event_id": "225f021a3f25ebbfcd11ae3ec041133e40287abfea3568e48ea3772d16190434",
    "schema_version": "1.0.0",
    "event_type": "agent_order",
    "source": "synthetic_agent",
    "symbol": "BTCUSDT",
    "exchange": "binance_usdm",
    "timestamp": "2024-05-01T00:00:00.192000Z",
    "sequence": 16,
    "scenario_id": "scenario-139-coordinated_burst",
    "agent_id": "agent-coordinated_burst-1",
    "order_id": "scenario-139-coordinated_burst-agent-coordinated_burst-1-16",
    "action": "new",
    "side": "sell",
    "price": 65125.972200000004,
    "quantity": 0.04,
    "remaining_quantity": 0.04
  },
  {
    "event_id": "8c2591d510b4539a0e157716e9ecf5efb2b74eec7577df4199f3f6b91b4d6b4c",
    "schema_version": "1.0.0",
    "event_type": "agent_order",
    "source": "synthetic_agent",
    "symbol": "BTCUSDT",
    "exchange": "binance_usdm",
    "timestamp": "2024-05-01T00:00:00.204000Z",
    "sequence": 17,
    "scenario_id": "scenario-139-coordinated_burst",
    "agent_id": "agent-coordinated_burst-2",
    "order_id": "scenario-139-coordinated_burst-agent-coordinated_burst-2-17",
    "action": "new",
    "side": "sell",
    "price": 65125.972200000004,
    "quantity": 0.04,
    "remaining_quantity": 0.04
  },
  {
    "event_id": "f67000431f28af8594281f43d75c5b18217875560a3f227b8417756838155e59",
    "schema_version": "1.0.0",
    "event_type": "agent_order",
    "source": "synthetic_agent",
    "symbol": "BTCUSDT",
    "exchange": "binance_usdm",
    "timestamp": "2024-05-01T00:00:00.216000Z",
    "sequence": 18,
    "scenario_id": "scenario-139-coordinated_burst",
    "agent_id": "agent-coordinated_burst-0",
    "order_id": "scenario-139-coordinated_burst-agent-coordinated_burst-0-18",
    "action": "new",
    "side": "buy",
    "price": 65152.027799999996,
    "quantity": 0.04,
    "remaining_quantity": 0.04
  },
  {
    "event_id": "4c3ee5a3b375e92e0f0981d154ea7fdd759aca269bcfa021f8e853f797be3f17",
    "schema_version": "1.0.0",
    "event_type": "agent_order",
    "source": "synthetic_agent",
    "symbol": "BTCUSDT",
    "exchange": "binance_usdm",
    "timestamp": "2024-05-01T00:00:00.228000Z",
    "sequence": 19,
    "scenario_id": "scenario-139-coordinated_burst",
    "agent_id": "agent-coordinated_burst-1",
    "order_id": "scenario-139-coordinated_burst-agent-coordinated_burst-1-19",
    "action": "new",
    "side": "sell",
    "price": 65125.972200000004,
    "quantity": 0.04,
    "remaining_quantity": 0.04
  },
  {
    "event_id": "c06255fd45200fa9c5edd7d76c0bfb5794b6a2ad4d4b71cad4ca97fe140e9248",
    "schema_version": "1.0.0",
    "event_type": "agent_order",
    "source": "synthetic_agent",
    "symbol": "BTCUSDT",
    "exchange": "binance_usdm",
    "timestamp": "2024-05-01T00:00:02.400000Z",
    "sequence": 20,
    "scenario_id": "scenario-139-coordinated_burst",
    "agent_id": "agent-coordinated_burst-2",
    "order_id": "scenario-139-coordinated_burst-agent-coordinated_burst-2-20",
    "action": "new",
    "side": "sell",
    "price": 65125.972200000004,
    "quantity": 0.04,
    "remaining_quantity": 0.04
  },
  {
    "event_id": "2421845fb712e7d05b17ffbeaa0e4ed0d00569e8584961c6a762fa825248e789",
    "schema_version": "1.0.0",
    "event_type": "agent_order",
    "source": "synthetic_agent",
    "symbol": "BTCUSDT",
    "exchange": "binance_usdm",
    "timestamp": "2024-05-01T00:00:00.252000Z",
    "sequence": 21,
    "scenario_id": "scenario-139-coordinated_burst",
    "agent_id": "agent-coordinated_burst-0",
    "order_id": "scenario-139-coordinated_burst-agent-coordinated_burst-0-21",
    "action": "new",
    "side": "buy",
    "price": 65152.027799999996,
    "quantity": 0.04,
    "remaining_quantity": 0.04
  },
  {
    "event_id": "9043a9e49c863a17f345a5db9a291eeb9c8fa9280cf17bf971db9d700f152eb5",
    "schema_version": "1.0.0",
    "event_type": "agent_order",
    "source": "synthetic_agent",
    "symbol": "BTCUSDT",
    "exchange": "binance_usdm",
    "timestamp": "2024-05-01T00:00:00.264000Z",
    "sequence": 22,
    "scenario_id": "scenario-139-coordinated_burst",
    "agent_id": "agent-coordinated_burst-1",
    "order_id": "scenario-139-coordinated_burst-agent-coordinated_burst-1-22",
    "action": "new",
    "side": "sell",
    "price": 65125.972200000004,
    "quantity": 0.04,
    "remaining_quantity": 0.04
  },
  {
    "event_id": "dc3efdded667d3d99b6d6ecc27b462a97527ce549e8e6b3e846abc2216e648f5",
    "schema_version": "1.0.0",
    "event_type": "agent_order",
    "source": "synthetic_agent",
    "symbol": "BTCUSDT",
    "exchange": "binance_usdm",
    "timestamp": "2024-05-01T00:00:00.276000Z",
    "sequence": 23,
    "scenario_id": "scenario-139-coordinated_burst",
    "agent_id": "agent-coordinated_burst-2",
    "order_id": "scenario-139-coordinated_burst-agent-coordinated_burst-2-23",
    "action": "new",
    "side": "sell",
    "price": 65125.972200000004,
    "quantity": 0.04,
    "remaining_quantity": 0.04
  },
  {
    "event_id": "93c211e1e42d793b1eda8627780a57a6205a9688e2f3d98be188a0b925f89407",
    "schema_version": "1.0.0",
    "event_type": "agent_order",
    "source": "synthetic_agent",
    "symbol": "BTCUSDT",
    "exchange": "binance_usdm",
    "timestamp": "2024-05-01T00:00:00.288000Z",
    "sequence": 24,
    "scenario_id": "scenario-139-coordinated_burst",
    "agent_id": "agent-coordinated_burst-0",
    "order_id": "scenario-139-coordinated_burst-agent-coordinated_burst-0-24",
    "action": "new",
    "side": "buy",
    "price": 65152.027799999996,
    "quantity": 0.04,
    "remaining_quantity": 0.04
  },
  {
    "event_id": "7c8b35303426c6ab3a0dba9c6cad4af37aa41a87814e0f9353393bf942bb01fe",
    "schema_version": "1.0.0",
    "event_type": "agent_order",
    "source": "synthetic_agent",
    "symbol": "BTCUSDT",
    "exchange": "binance_usdm",
    "timestamp": "2024-05-01T00:00:03Z",
    "sequence": 25,
    "scenario_id": "scenario-139-coordinated_burst",
    "agent_id": "agent-coordinated_burst-1",
    "order_id": "scenario-139-coordinated_burst-agent-coordinated_burst-1-25",
    "action": "new",
    "side": "sell",
    "price": 65125.972200000004,
    "quantity": 0.04,
    "remaining_quantity": 0.04
  },
  {
    "event_id": "dbf1fa2cd406988897ab0f40e7ad07fe009fc945d87f99b1712110fe193c783a",
    "schema_version": "1.0.0",
    "event_type": "agent_order",
    "source": "synthetic_agent",
    "symbol": "BTCUSDT",
    "exchange": "binance_usdm",
    "timestamp": "2024-05-01T00:00:00.312000Z",
    "sequence": 26,
    "scenario_id": "scenario-139-coordinated_burst",
    "agent_id": "agent-coordinated_burst-2",
    "order_id": "scenario-139-coordinated_burst-agent-coordinated_burst-2-26",
    "action": "new",
    "side": "sell",
    "price": 65125.972200000004,
    "quantity": 0.04,
    "remaining_quantity": 0.04
  },
  {
    "event_id": "8ed1ecd8dbc4594e10bae5d146f3461cb987d6210b6dea6b085f6ec5bf90a156",
    "schema_version": "1.0.0",
    "event_type": "agent_order",
    "source": "synthetic_agent",
    "symbol": "BTCUSDT",
    "exchange": "binance_usdm",
    "timestamp": "2024-05-01T00:00:00.324000Z",
    "sequence": 27,
    "scenario_id": "scenario-139-coordinated_burst",
    "agent_id": "agent-coordinated_burst-0",
    "order_id": "scenario-139-coordinated_burst-agent-coordinated_burst-0-27",
    "action": "new",
    "side": "buy",
    "price": 65152.027799999996,
    "quantity": 0.04,
    "remaining_quantity": 0.04
  },
  {
    "event_id": "a2d499a6c4eb928ce8dbd4ba47961b6a53ad3194ae633bcb9007474d9142fc17",
    "schema_version": "1.0.0",
    "event_type": "agent_order",
    "source": "synthetic_agent",
    "symbol": "BTCUSDT",
    "exchange": "binance_usdm",
    "timestamp": "2024-05-01T00:00:00.336000Z",
    "sequence": 28,
    "scenario_id": "scenario-139-coordinated_burst",
    "agent_id": "agent-coordinated_burst-1",
    "order_id": "scenario-139-coordinated_burst-agent-coordinated_burst-1-28",
    "action": "new",
    "side": "sell",
    "price": 65125.972200000004,
    "quantity": 0.04,
    "remaining_quantity": 0.04
  },
  {
    "event_id": "40571764bc6e305fc7afc88c28f2b5f683483532db20757dde90197056203585",
    "schema_version": "1.0.0",
    "event_type": "agent_order",
    "source": "synthetic_agent",
    "symbol": "BTCUSDT",
    "exchange": "binance_usdm",
    "timestamp": "2024-05-01T00:00:00.348000Z",
    "sequence": 29,
    "scenario_id": "scenario-139-coordinated_burst",
    "agent_id": "agent-coordinated_burst-2",
    "order_id": "scenario-139-coordinated_burst-agent-coordinated_burst-2-29",
    "action": "new",
    "side": "sell",
    "price": 65125.972200000004,
    "quantity": 0.04,
    "remaining_quantity": 0.04
  }
]