[
  {
    "event_id": "a155a2c80dea427e3c2869fb98a6c4d29705f37599576c5ce973c875c29474d4",
    "schema_version": "1.0.0",
    "event_type": "agent_order",
    "source": "synthetic_agent",
    "symbol": "BTCUSDT",
    "exchange": "binance_usdm",
    "timestamp": "2024-05-01T00:00:00Z",
    "sequence": 0,
    "scenario_id": "scenario-124-quote_stuffing",
    "agent_id": "agent-quote_stuffing",
    "order_id": "scenario-124-quote_stuffing-agent-quote_stuffing-0",
    "action": "new",
    "side": "buy",
    "price": 65117.4876,
    "quantity": 0.001,
    "remaining_quantity": 0.001
  },
  {
    "event_id": "27053086d11c521e24f7ccd12f041c806e6f3d155abfcf64bea798de714adcb7",
    "schema_version": "1.0.0",
    "event_type": "agent_order",
    "source": "synthetic_agent",
    "symbol": "BTCUSDT",
    "exchange": "binance_usdm",
    "timestamp": "2024-05-01T00:00:00.005000Z",
    "sequence": 1,
    "scenario_id": "scenario-124-quote_stuffing",
    "agent_id": "agent-quote_stuffing",
    "order_id": "scenario-124-quote_stuffing-agent-quote_stuffing-1",
    "action": "new",
    "side": "sell",
    "price": 65130.5124,
    "quantity": 0.001,
    "remaining_quantity": 0.001
  },
  {
    "event_id": "0a38084a490184eeabdf325769027f7716f5aaf959f9c1ca644e4bfdf45177c5",
    "schema_version": "1.0.0",
    "event_type": "agent_order",
    "source": "synthetic_agent",
    "symbol": "BTCUSDT",
    "exchange": "binance_usdm",
    "timestamp": "2024-05-01T00:00:00.010000Z",
    "sequence": 2,
    "scenario_id": "scenario-124-quote_stuffing",
    "agent_id": "agent-quote_stuffing",
    "order_id": "scenario-124-quote_stuffing-agent-quote_stuffing-2",
    "action": "new",
    "side": "buy",
    "price": 65117.4876,
    "quantity": 0.001,
    "remaining_quantity": 0.001
  },
  {
    "event_id": "0185926aceb921bba04314c6453fb7e311a25c03eed890ba4c59476678b6f787",
    "schema_version": "1.0.0",
    "event_type": "agent_order",
    "source": "synthetic_agent",
    "symbol": "BTCUSDT",
    "exchange": "binance_usdm",
    "timestamp": "2024-05-01T00:00:00.015000Z",
    "sequence": 3,
    "scenario_id": "scenario-124-quote_stuffing",
    "agent_id": "agent-quote_stuffing",
    "order_id": "scenario-124-quote_stuffing-agent-quote_stuffing-3",
    "action": "new",
    "side": "sell",
    "price": 65130.5124,
    "quantity": 0.001,
    "remaining_quantity": 0.001
  },
  {
    "event_id": "eaac7ba2fd372b58dd1cd339295a3a1e2aa599a5944b0047a0f6368876bbddb9",
    "schema_version": "1.0.0",
    "event_type": "agent_order",
    "source": "synthetic_agent",
    "symbol": "BTCUSDT",
    "exchange": "binance_usdm",
    "timestamp": "2024-05-01T00:00:00.020000Z",
    "sequence": 4,
    "scenario_id": "scenario-124-quote_stuffing",
    "agent_id": "agent-quote_stuffing",
    "order_id": "scenario-124-quote_stuffing-agent-quote_stuffing-4",
    "action": "new",
    "side": "buy",
    "price": 65117.4876,
    "quantity": 0.001,
    "remaining_quantity": 0.001
  },
  {
    "event_id": "8a2d4f02ef973988011a6c7e2ca8217de477c7d421ff53878adfaf622743835f",
    "schema_version": "1.0.0",
    "event_type": "agent_order",
    "source": "synthetic_agent",
    "symbol": "BTCUSDT",
    "exchange": "binance_usdm",
    "timestamp": "2024-05-01T00:00:00.025000Z",
    "sequence": 5,
    "scenario_id": "scenario-124-quote_stuffing",
    "agent_id": "agent-quote_stuffing",
    "order_id": "scenario-124-quote_stuffing-agent-quote_stuffing-5",
    "action": "new",
    "side": "sell",
    "price": 65130.5124,
    "quantity": 0.001,
    "remaining_quantity": 0.001
  },
  {
    "event_id": "6391043d81718bbae4893181683b208f2ded49c54daf8778e68292cffc04a150",
    "schema_version": "1.0.0",
    "event_type": "agent_order",
    "source": "synthetic_agent",
    "symbol": "BTCUSDT",
    "exchange": "binance_usdm",
    "timestamp": "2024-05-01T00:00:00.030000Z",
    "sequence": 6,
    "scenario_id": "scenario-124-quote_stuffing",
    "agent_id": "agent-quote_stuffing",
    "order_id": "scenario-124-quote_stuffing-agent-quote_stuffing-6",
    "action": "new",
    "side": "buy",
    "price": 65117.4876,
    "quantity": 0.001,
    "remaining_quantity": 0.001
  },
  {
    "event_id": "324d6876034b569e6310a45b6298986abbf7a24ceb243f82b5b1b12298b9d9c2",
    "schema_version": "1.0.0",
    "event_type": "agent_order",
    "source": "synthetic_agent",
    "symbol": "BTCUSDT",
    "exchange": "binance_usdm",
    "timestamp": "2024-05-01T00:00:00.035000Z",
    "sequence": 7,
    "scenario_id": "scenario-124-quote_stuffing",
    "agent_id": "agent-quote_stuffing",
    "order_id": "scenario-124-quote_stuffing-agent-quote_stuffing-7",
    "action": "new",
    "side": "sell",
    "price": 65130.5124,
    "quantity": 0.001,
    "remaining_quantity": 0.001
  },
  {
    "event_id": "7a2d4ab563d76d1dcf212264944432c06afd7f130362ba3e467eb14a35fcca0b",
    "schema_version": "1.0.0",
    "event_type": "agent_order",
    "source": "synthetic_agent",
    "symbol": "BTCUSDT",
    "exchange": "binance_usdm",
    "timestamp": "2024-05-01T00:00:00.040000Z",
    "sequence": 8,
    "scenario_id": "scenario-124-quote_stuffing",
    "agent_id": "agent-quote_stuffing",
    "order_id": "scenario-124-quote_stuffing-agent-quote_stuffing-8",
    "action": "new",
    "side": "buy",
    "price": 65117.4876,
    "quantity": 0.001,
    "remaining_quantity": 0.001
  },
  {
    "event_id": "25e3f4cb6be96162875c38851cd7947df67ddeab4930314cc6340e004a537ae5",
    "schema_version": "1.0.0",
    "event_type": "agent_order",
    "source": "synthetic_agent",
    "symbol": "BTCUSDT",
    "exchange": "binance_usdm",
    "timestamp": "2024-05-01T00:00:00.045000Z",
    "sequence": 9,
    "scenario_id": "scenario-124-quote_stuffing",
    "agent_id": "agent-quote_stuffing",
    "order_id": "scenario-124-quote_stuffing-agent-quote_stuffing-9",
    "action": "new",
    "side": "sell",
    "price": 65130.5124,
    "quantity": 0.001,
    "remaining_quantity": 0.001
  },
  {
    "event_id": "aa422d1d57d42815cf44ac6152cbd3e6da967ef42bfa05d6cb8f9b39b8e569c8",
    "schema_version": "1.0.0",
    "event_type": "agent_order",
    "source": "synthetic_agent",
    "symbol": "BTCUSDT",
    "exchange": "binance_usdm",
    "timestamp": "2024-05-01T00:00:00.050000Z",
    "sequence": 10,
    "scenario_id": "scenario-124-quote_stuffing",
    "agent_id": "agent-quote_stuffing",
    "order_id": "scenario-124-quote_stuffing-agent-quote_stuffing-10",
    "action": "new",
    "side": "buy",
    "price": 65117.4876,
    "quantity": 0.001,
    "remaining_quantity": 0.001
  },
  {
    "event_id": "c26cd9578f0bea5025ef33eff58e4c19ee6e2a85bd8ae9868d4db244cbf28991",
    "schema_version": "1.0.0",
    "event_type": "agent_order",
    "source": "synthetic_agent",
    "symbol": "BTCUSDT",
    "exchange": "binance_usdm",
    "timestamp": "2024-05-01T00:00:00.055000Z",
    "sequence": 11,
    "scenario_id": "scenario-124-quote_stuffing",
    "agent_id": "agent-quote_stuffing",
    "order_id": "scenario-124-quote_stuffing-agent-quote_stuffing-11",
    "action": "new",
    "side": "sell",
    "price": 65130.5124,
    "quantity": 0.001,
    "remaining_quantity": 0.001
  },
  {
    "event_id": "b2d8ecdbc2069656dc77badacf1690e6d697b3d26c87578b7d1fff5c78e04375",
    "schema_version": "1.0.0",
    "event_type": "agent_order",
    "source": "synthetic_agent",
    "symbol": "BTCUSDT",
    "exchange": "binance_usdm",
    "timestamp": "2024-05-01T00:00:00.060000Z",
    "sequence": 12,
    "scenario_id": "scenario-124-quote_stuffing",
    "agent_id": "agent-quote_stuffing",
    "order_id": "scenario-124-quote_stuffing-agent-quote_stuffing-12",
    "action": "new",
    "side": "buy",
    "price": 65117.4876,
    "quantity": 0.001,
    "remaining_quantity": 0.001
  },
  {
    "event_id": "cb95a80631b86fe9c21968e6146cc1527e065952f96f535e1abd4415c2da58e3",
    "schema_version": "1.0.0",
    "event_type": "agent_order",
    "source": "synthetic_agent",
    "symbol": "BTCUSDT",
    "exchange": "binance_usdm",
    "timestamp": "2024-05-01T00:00:00.065000Z",
    "sequence": 13,
    "scenario_id": "scenario-124-quote_stuffing",
    "agent_id": "agent-quote_stuffing",
    "order_id": "scenario-124-quote_stuffing-agent-quote_stuffing-13",
    "action": "new",
    "side": "sell",
    "price": 65130.5124,
    "quantity": 0.001,
    "remaining_quantity": 0.001
  },
  {
    "event_id": "18379f1d62a0f0914a34fb042c300d27d5624210110a30a8a5fed963a0e8ff39",
    "schema_version": "1.0.0",
    "event_type": "agent_order",
    "source": "synthetic_agent",
    "symbol": "BTCUSDT",
    "exchange": "binance_usdm",
    "timestamp": "2024-05-01T00:00:00.070000Z",
    "sequence": 14,
    "scenario_id": "scenario-124-quote_stuffing",
    "agent_id": "agent-quote_stuffing",
    "order_id": "scenario-124-quote_stuffing-agent-quote_stuffing-14",
    "action": "new",
    "side": "buy",
    "price": 65117.4876,
    "quantity": 0.001,
    "remaining_quantity": 0.001
  },
  {
    "event_id": "74e9fdc58bb204a70757fc881226aaa87bb0f6c45132e01af99213228811cc7f",
    "schema_version": "1.0.0",
    "event_type": "agent_order",
    "source": "synthetic_agent",
    "symbol": "BTCUSDT",
    "exchange": "binance_usdm",
    "timestamp": "2024-05-01T00:00:00.075000Z",
    "sequence": 15,
    "scenario_id": "scenario-124-quote_stuffing",
    "agent_id": "agent-quote_stuffing",
    "order_id": "scenario-124-quote_stuffing-agent-quote_stuffing-15",
    "action": "new",
    "side": "sell",
    "price": 65130.5124,
    "quantity": 0.001,
    "remaining_quantity": 0.001
  },
  {
    "event_id": "124f925016e3912f83cdd86ad20c327479b0361d5e97bbc70f5ab3d50510e70e",
    "schema_version": "1.0.0",
    "event_type": "agent_order",
    "source": "synthetic_agent",
    "symbol": "BTCUSDT",
    "exchange": "binance_usdm",
    "timestamp": "2024-05-01T00:00:00.080000Z",
    "sequence": 16,
    "scenario_id": "scenario-124-quote_stuffing",
    "agent_id": "agent-quote_stuffing",
    "order_id": "scenario-124-quote_stuffing-agent-quote_stuffing-16",
    "action": "new",
    "side": "buy",
    "price": 65117.4876,
    "quantity": 0.001,
    "remaining_quantity": 0.001
  },
  {
    "event_id": "a200068d2111014d7f82cf0dca7794e7353a39475e2a57d531997ce8ce82f4c9",
    "schema_version": "1.0.0",
    "event_type": "agent_order",
    "source": "synthetic_agent",
    "symbol": "BTCUSDT",
    "exchange": "binance_usdm",
    "timestamp": "2024-05-01T00:00:00.085000Z",
    "sequence": 17,
    "scenario_id": "scenario-124-quote_stuffing",
    "agent_id": "agent-quote_stuffing",
    "order_id": "scenario-124-quote_stuffing-agent-quote_stuffing-17",
    "action": "new",
    "side": "sell",
    "price": 65130.5124,
    "quantity": 0.001,
    "remaining_quantity": 0.001
  },
  {
    "event_id": "e5c1cde4e3444086d1d5c32a307650e161b387d1f75b9a15599e7a8d86d4a755",
    "schema_version": "1.0.0",
    "event_type": "agent_order",
    "source": "synthetic_agent",
    "symbol": "BTCUSDT",
    "exchange": "binance_usdm",
    "timestamp": "2024-05-01T00:00:00.090000Z",
    "sequence": 18,
    "scenario_id": "scenario-124-quote_stuffing",
    "agent_id": "agent-quote_stuffing",
    "order_id": "scenario-124-quote_stuffing-agent-quote_stuffing-18",
    "action": "new",
    "side": "buy",
    "price": 65117.4876,
    "quantity": 0.001,
    "remaining_quantity": 0.001
  },
  {
    "event_id": "92b196f3a1600c188be8b47ba670cff7c0dc6cec4086063f3d0424888851c2e6",
    "schema_version": "1.0.0",
    "event_type": "agent_order",
    "source": "synthetic_agent",
    "symbol": "BTCUSDT",
    "exchange": "binance_usdm",
    "timestamp": "2024-05-01T00:00:00.095000Z",
    "sequence": 19,
    "scenario_id": "scenario-124-quote_stuffing",
    "agent_id": "agent-quote_stuffing",
    "order_id": "scenario-124-quote_stuffing-agent-quote_stuffing-19",
    "action": "new",
    "side": "sell",
    "price": 65130.5124,
    "quantity": 0.001,
    "remaining_quantity": 0.001
  },
  {
    "event_id": "a713025680746ee15709bfc1314e60eacf4a2133112eb02d177291b98d96d8c1",
    "schema_version": "1.0.0",
    "event_type": "agent_order",
    "source": "synthetic_agent",
    "symbol": "BTCUSDT",
    "exchange": "binance_usdm",
    "timestamp": "2024-05-01T00:00:00.100000Z",
    "sequence": 20,
    "scenario_id": "scenario-124-quote_stuffing",
    "agent_id": "agent-quote_stuffing",
    "order_id": "scenario-124-quote_stuffing-agent-quote_stuffing-20",
    "action": "new",
    "side": "buy",
    "price": 65117.4876,
    "quantity": 0.001,
    "remaining_quantity": 0.001
  },
  {
    "event_id": "7ef265ee37b9e43628b666f253439b7f3564cd46659cbd61bf04eb54fc0c25ee",
    "schema_version": "1.0.0",
    "event_type": "agent_order",
    "source": "synthetic_agent",
    "symbol": "BTCUSDT",
    "exchange": "binance_usdm",
    "timestamp": "2024-05-01T00:00:00.105000Z",
    "sequence": 21,
    "scenario_id": "scenario-124-quote_stuffing",
    "agent_id": "agent-quote_stuffing",
    "order_id": "scenario-124-quote_stuffing-agent-quote_stuffing-21",
    "action": "new",
    "side": "sell",
    "price": 65130.5124,
    "quantity": 0.001,
    "remaining_quantity": 0.001
  },
  {
    "event_id": "05ac2ba64783db91a6610089d577381a75d70d28244712f99f8492d98e149398",
    "schema_version": "1.0.0",
    "event_type": "agent_order",
    "source": "synthetic_agent",
    "symbol": "BTCUSDT",
    "exchange": "binance_usdm",
    "timestamp": "2024-05-01T00:00:00.110000Z",
    "sequence": 22,
    "scenario_id": "scenario-124-quote_stuffing",
    "agent_id": "agent-quote_stuffing",
    "order_id": "scenario-124-quote_stuffing-agent-quote_stuffing-22",
    "action": "new",
    "side": "buy",
    "price": 65117.4876,
    "quantity": 0.001,
    "remaining_quantity": 0.001
  },
  {
    "event_id": "1cdfb1c3a21617c925fdf2a034289a38f06317f48cae77f8a757a76e3944ca8a",
    "schema_version": "1.0.0",
    "event_type": "agent_order",
    "source": "synthetic_agent",
    "symbol": "BTCUSDT",
    "exchange": "binance_usdm",
    "timestamp": "2024-05-01T00:00:00.115000Z",
    "sequence": 23,
    "scenario_id": "scenario-124-quote_stuffing",
    "agent_id": "agent-quote_stuffing",
    "order_id": "scenario-124-quote_stuffing-agent-quote_stuffing-23",
    "action": "new",
    "side": "sell",
    "price": 65130.5124,
    "quantity": 0.001,
    "remaining_quantity": 0.001
  },
  {
    "event_id": "960826a1444c576b91f6545c640e03b30c9a69b6fcc1ba7557bb88d547f7ca28",
    "schema_version": "1.0.0",
    "event_type": "agent_order",
    "source": "synthetic_agent",
    "symbol": "BTCUSDT",
    "exchange": "binance_usdm",
    "timestamp": "2024-05-01T00:00:00.120000Z",
    "sequence": 24,
    "scenario_id": "scenario-124-quote_stuffing",
    "agent_id": "agent-quote_stuffing",
    "order_id": "scenario-124-quote_stuffing-agent-quote_stuffing-24",
    "action": "new",
    "side": "buy",
    "price": 65117.4876,
    "quantity": 0.001,
    "remaining_quantity": 0.001
  },
  {
    "event_id": "4e0a9383ff4850382ea878eee6157344a57ac14f860ca6eba205eb359d908b37",
    "schema_version": "1.0.0",
    "event_type": "agent_order",
    "source": "synthetic_agent",
    "symbol": "BTCUSDT",
    "exchange": "binance_usdm",
    "timestamp": "2024-05-01T00:00:00.125000Z",
    "sequence": 25,
    "scenario_id": "scenario-124-quote_stuffing",
    "agent_id": "agent-quote_stuffing",
    "order_id": "scenario-124-quote_stuffing-agent-quote_stuffing-25",
    "action": "new",
    "side": "sell",
    "price": 65130.5124,
    "quantity": 0.001,
    "remaining_quantity": 0.001
  },
  {
    "event_id": "f8cae7d9f4c4392ea18928ea88b8a601e4a172d2945263e6f97f5010abc36045",
    "schema_version": "1.0.0",
    "event_type": "agent_order",
    "source": "synthetic_agent",
    "symbol": "BTCUSDT",
    "exchange": "binance_usdm",
    "timestamp": "2024-05-01T00:00:00.130000Z",
    "sequence": 26,
    "scenario_id": "scenario-124-quote_stuffing",
    "agent_id": "agent-quote_stuffing",
    "order_id": "scenario-124-quote_stuffing-agent-quote_stuffing-26",
    "action": "new",
    "side": "buy",
    "price": 65117.4876,
    "quantity": 0.001,
    "remaining_quantity": 0.001
  },
  {
    "event_id": "197dc64035800bb3b0297406f293f47d495bc8a2dd26e3bed5496cbf5c8fdb02",
    "schema_version": "1.0.0",
    "event_type": "agent_order",
    "source": "synthetic_agent",
    "symbol": "BTCUSDT",
    "exchange": "binance_usdm",
    "timestamp": "2024-05-01T00:00:00.135000Z",
    "sequence": 27,
    "scenario_id": "scenario-124-quote_stuffing",
    "agent_id": "agent-quote_stuffing",
    "order_id": "scenario-124-quote_stuffing-agent-quote_stuffing-27",
    "action": "new",
    "side": "sell",
    "price": 65130.5124,
    "quantity": 0.001,
    "remaining_quantity": 0.001
  },
  {
    "event_id": "ea335f02c236171ed03e673b164a8668ee2ca9a7521e1cdce855bc6a24f62b08",
    "schema_version": "1.0.0",
    "event_type": "agent_order",
    "source": "synthetic_agent",
    "symbol": "BTCUSDT",
    "exchange": "binance_usdm",
    "timestamp": "2024-05-01T00:00:00.140000Z",
    "sequence": 28,
    "scenario_id": "scenario-124-quote_stuffing",
    "agent_id": "agent-quote_stuffing",
    "order_id": "scenario-124-quote_stuffing-agent-quote_stuffing-28",
    "action": "new",
    "side": "buy",
    "price": 65117.4876,
    "quantity": 0.001,
    "remaining_quantity": 0.001
  },
  {
    "event_id": "467d0ae773a0b533622239831f832178832d0f218b3fd77c4e8c76d69ceb8c15",
    "schema_version": "1.0.0",
    "event_type": "agent_order",
    "source": "synthetic_agent",
    "symbol": "BTCUSDT",
    "exchange": "binance_usdm",
    "timestamp": "2024-05-01T00:00:00.145000Z",
    "sequence": 29,
    "scenario_id": "scenario-124-quote_stuffing",
    "agent_id": "agent-quote_stuffing",
    "order_id": "scenario-124-quote_stuffing-agent-quote_stuffing-29",
    "action": "new",
    "side": "sell",
    "price": 65130.5124,
    "quantity": 0.001,
    "remaining_quantity": 0.001
  }
]