[
  {
    "event_id": "eb679af6918c035ed3c64e8e08ae9936655bf7cd6e929487e4d2562a7c1e911f",
    "schema_version": "1.0.0",
    "event_type": "agent_order",
    "source": "synthetic_agent",
    "symbol": "BTCUSDT",
    "exchange": "binance_usdm",
    "timestamp": "2024-05-01T00:00:00Z",
    "sequence": 0,
    "scenario_id": "scenario-105-stop_run_sweep",
    "agent_id": "agent-stop_run_sweep",
    "order_id": "scenario-105-stop_run_sweep-agent-stop_run_sweep-0",
    "action": "new",
    "side": "buy",
    "price": 65170.104999999996,
    "quantity": 0.06,
    "remaining_quantity": 0.06
  },
  {
    "event_id": "fb865394f55bb80c0eb77a34b395fa35c23d7f1d400692ec4b8a8980c023ac27",
    "schema_version": "1.0.0",
    "event_type": "agent_order",
    "source": "synthetic_agent",
    "symbol": "BTCUSDT",
    "exchange": "binance_usdm",
    "timestamp": "2024-05-01T00:00:00.030000Z",
    "sequence": 1,
    "scenario_id": "scenario-105-stop_run_sweep",
    "agent_id": "agent-stop_run_sweep",
    "order_id": "scenario-105-stop_run_sweep-agent-stop_run_sweep-1",
    "action": "new",
    "side": "buy",
    "price": 65173.36025,
    "quantity": 0.06,
    "remaining_quantity": 0.06
  },
  {
    "event_id": "5d3a70a5aa5f793367d868b985c7a73d4ff708ea35b6d530ac2070be518e80c7",
    "schema_version": "1.0.0",
    "event_type": "agent_order",
    "source": "synthetic_agent",
    "symbol": "BTCUSDT",
    "exchange": "binance_usdm",
    "timestamp": "2024-05-01T00:00:00.060000Z",
    "sequence": 2,
    "scenario_id": "scenario-105-stop_run_sweep",
    "agent_id": "agent-stop_run_sweep",
    "order_id": "scenario-105-stop_run_sweep-agent-stop_run_sweep-2",
    "action": "new",
    "side": "buy",
    "price": 65176.61549999999,
    "quantity": 0.06,
    "remaining_quantity": 0.06
  },
  {
    "event_id": "cd0bcfcf2fbfac8d93c878d528aaa83c78e3455dcee862e08f16ebf04f7c5b87",
    "schema_version": "1.0.0",
    "event_type": "agent_order",
    "source": "synthetic_agent",
    "symbol": "BTCUSDT",
    "exchange": "binance_usdm",
    "timestamp": "2024-05-01T00:00:00.090000Z",
    "sequence": 3,
    "scenario_id": "scenario-105-stop_run_sweep",
    "agent_id": "agent-stop_run_sweep",
    "order_id": "scenario-105-stop_run_sweep-agent-stop_run_sweep-3",
    "action": "new",
    "side": "buy",
    "price": 65179.87075,
    "quantity": 0.06,
    "remaining_quantity": 0.06
  },
  {
    "event_id": "eeb2ff7f01952618da6abb4a96277729aaec5009afe3ff120b83ac26d25e26a7",
    "schema_version": "1.0.0",
    "event_type": "agent_order",
    "source": "synthetic_agent",
    "symbol": "BTCUSDT",
    "exchange": "binance_usdm",
    "timestamp": "2024-05-01T00:00:00.120000Z",
    "sequence": 4,
    "scenario_id": "scenario-105-stop_run_sweep",
    "agent_id": "agent-stop_run_sweep",
    "order_id": "scenario-105-stop_run_sweep-agent-stop_run_sweep-4",
    "action": "new",
    "side": "buy",
    "price": 65183.12599999999,
    "quantity": 0.06,
    "remaining_quantity": 0.06
  },
  {
    "event_id": "c47ada302af4a78903c6e40b00e06ab7c26064258126736a8f9cafb087fcf4ce",
    "schema_version": "1.0.0",
    "event_type": "agent_order",
    "source": "synthetic_agent",
    "symbol": "BTCUSDT",
    "exchange": "binance_usdm",
    "timestamp": "2024-05-01T00:00:00.150000Z",
    "sequence": 5,
    "scenario_id": "scenario-105-stop_run_sweep",
    "agent_id": "agent-stop_run_sweep",
    "order_id": "scenario-105-stop_run_sweep-agent-stop_run_sweep-5",
    "action": "new",
    "side": "buy",
    "price": 65186.38125,
    "quantity": 0.06,
    "remaining_quantity": 0.06
  },
  {
    "event_id": "74aac17fda2e88ab03771d3a2849e7333ece20e7f5292706d2a1c362e906a7b5",
    "schema_version": "1.0.0",
    "event_type": "agent_order",
    "source": "synthetic_agent",
    "symbol": "BTCUSDT",
    "exchange": "binance_usdm",
    "timestamp": "2024-05-01T00:00:00.180000Z",
    "sequence": 6,
    "scenario_id": "scenario-105-stop_run_sweep",
    "agent_id": "agent-stop_run_sweep",
    "order_id": "scenario-105-stop_run_sweep-agent-stop_run_sweep-6",
    "action": "new",
    "side": "buy",
    "price": 65189.63649999999,
    "quantity": 0.06,
    "remaining_quantity": 0.06
  },
  {
    "event_id": "e9d28e01d449a9772a7fa534d446a7e3043744a568a373ca2a8cbf5b647e3c8a",
    "schema_version": "1.0.0",
    "event_type": "agent_order",
    "source": "synthetic_agent",
    "symbol": "BTCUSDT",
    "exchange": "binance_usdm",
    "timestamp": "2024-05-01T00:00:00.210000Z",
    "sequence": 7,
    "scenario_id": "scenario-105-stop_run_sweep",
    "agent_id": "agent-stop_run_sweep",
    "order_id": "scenario-105-stop_run_sweep-agent-stop_run_sweep-7",
    "action": "new",
    "side": "buy",
    "price": 65192.891749999995,
    "quantity": 0.06,
    "remaining_quantity": 0.06
  },
  {
    "event_id": "f2d9b8fea1ceaba9721636ee8584929fd2b52a6e790823bdca5dcf661028fefb",
    "schema_version": "1.0.0",
    "event_type": "agent_order",
    "source": "synthetic_agent",
    "symbol": "BTCUSDT",
    "exchange": "binance_usdm",
    "timestamp": "2024-05-01T00:00:00.240000Z",
    "sequence": 8,
    "scenario_id": "scenario-105-stop_run_sweep",
    "agent_id": "agent-stop_run_sweep",
    "order_id": "scenario-105-stop_run_sweep-agent-stop_run_sweep-8",
    "action": "new",
    "side": "buy",
    "price": 65196.14699999999,
    "quantity": 0.06,
    "remaining_quantity": 0.06
  },
  {
    "event_id": "e175f026ce6eb03964371f23416976d4b158eb455fdd28b953cdcf7ff5799c13",
    "schema_version": "1.0.0",
    "event_type": "agent_order",
    "source": "synthetic_agent",
    "symbol": "BTCUSDT",
    "exchange": "binance_usdm",
    "timestamp": "2024-05-01T00:00:00.270000Z",
    "sequence": 9,
    "scenario_id": "scenario-105-stop_run_sweep",
    "agent_id": "agent-stop_run_sweep",
    "order_id": "scenario-105-stop_run_sweep-agent-stop_run_sweep-9",
    "action": "new",
    "side": "buy",
    "price": 65199.40225,
    "quantity": 0.06,
    "remaining_quantity": 0.06
  },
  {
    "event_id": "1e5ae914e83d2b5701a7e0426df35c0f8465e0a56577b5d9fab0193511a235d4",
    "schema_version": "1.0.0",
    "event_type": "agent_order",
    "source": "synthetic_agent",
    "symbol": "BTCUSDT",
    "exchange": "binance_usdm",
    "timestamp": "2024-05-01T00:00:00.300000Z",
    "sequence": 10,
    "scenario_id": "scenario-105-stop_run_sweep",
    "agent_id": "agent-stop_run_sweep",
    "order_id": "scenario-105-stop_run_sweep-agent-stop_run_sweep-10",
    "action": "new",
    "side": "buy",
    "price": 65202.65749999999,
    "quantity": 0.06,
    "remaining_quantity": 0.06
  },
  {
    "event_id": "c8bf8f02a810e58be18399dc6aa9d7b329c3da541fd5a2d426598a4e89d501b8",
    "schema_version": "1.0.0",
    "event_type": "agent_order",
    "source": "synthetic_agent",
    "symbol": "BTCUSDT",
    "exchange": "binance_usdm",
    "timestamp": "2024-05-01T00:00:00.330000Z",
    "sequence": 11,
    "scenario_id": "scenario-105-stop_run_sweep",
    "agent_id": "agent-stop_run_sweep",
    "order_id": "scenario-105-stop_run_sweep-agent-stop_run_sweep-11",
    "action": "new",
    "side": "buy",
    "price": 65205.912749999996,
    "quantity": 0.06,
    "remaining_quantity": 0.06
  },
  {
    "event_id": "32bc49950a4d5b72e37d73f6724f24e2ef7a04f67be7a555e4c1905eb8417197",
    "schema_version": "1.0.0",
    "event_type": "agent_order",
    "source": "synthetic_agent",
    "symbol": "BTCUSDT",
    "exchange": "binance_usdm",
    "timestamp": "2024-05-01T00:00:00.360000Z",
    "sequence": 12,
    "scenario_id": "scenario-105-stop_run_sweep",
    "agent_id": "agent-stop_run_sweep",
    "order_id": "scenario-105-stop_run_sweep-agent-stop_run_sweep-12",
    "action": "new",
    "side": "buy",
    "price": 65209.16799999999,
    "quantity": 0.06,
    "remaining_quantity": 0.06
  },
  {
    "event_id": "14060829fa621849e85bc6cff57ebde8ed4437ac00f9ed489aed1f97260cf559",
    "schema_version": "1.0.0",
    "event_type": "agent_order",
    "source": "synthetic_agent",
    "symbol": "BTCUSDT",
    "exchange": "binance_usdm",
    "timestamp": "2024-05-01T00:00:00.390000Z",
    "sequence": 13,
    "scenario_id": "scenario-105-stop_run_sweep",
    "agent_id": "agent-stop_run_sweep",
    "order_id": "scenario-105-stop_run_sweep-agent-stop_run_sweep-13",
    "action": "new",
    "side": "buy",
    "price": 65212.42324999999,
    "quantity": 0.06,
    "remaining_quantity": 0.06
  },
  {
    "event_id": "981d857b5e7626f5a1ff0d698f70b52d3c06185bb9d27d357ae5c95b5829a972",
    "schema_version": "1.0.0",
    "event_type": "agent_order",
    "source": "synthetic_agent",
    "symbol": "BTCUSDT",
    "exchange": "binance_usdm",
    "timestamp": "2024-05-01T00:00:00.420000Z",
    "sequence": 14,
    "scenario_id": "scenario-105-stop_run_sweep",
    "agent_id": "agent-stop_run_sweep",
    "order_id": "scenario-105-stop_run_sweep-agent-stop_run_sweep-14",
    "action": "new",
    "side": "buy",
    "price": 65215.67849999999,
    "quantity": 0.06,
    "remaining_quantity": 0.06
  },
  {
    "event_id": "bbcbf04647501427e2af7d4b1c0889653a215e2fc758c34e33db3e17aff48918",
    "schema_version": "1.0.0",
    "event_type": "agent_order",
    "source": "synthetic_agent",
    "symbol": "BTCUSDT",
    "exchange": "binance_usdm",
    "timestamp": "2024-05-01T00:00:00.450000Z",
    "sequence": 15,
    "scenario_id": "scenario-105-stop_run_sweep",
    "agent_id": "agent-stop_run_sweep",
    "order_id": "scenario-105-stop_run_sweep-agent-stop_run_sweep-15",
    "action": "new",
    "side": "buy",
    "price": 65218.93375,
    "quantity": 0.06,
    "remaining_quantity": 0.06
  },
  {
    "event_id": "aaf1708c4d03c61518126331546124546897e5face503e0fc32ea2edabcb1c56",
    "schema_version": "1.0.0",
    "event_type": "agent_order",
    "source": "synthetic_agent",
    "symbol": "BTCUSDT",
    "exchange": "binance_usdm",
    "timestamp": "2024-05-01T00:00:00.480000Z",
    "sequence": 16,
    "scenario_id": "scenario-105-stop_run_sweep",
    "agent_id": "agent-stop_run_sweep",
    "order_id": "scenario-105-stop_run_sweep-agent-stop_run_sweep-16",
    "action": "new",
    "side": "buy",
    "price": 65222.188999999984,
    "quantity": 0.06,
    "remaining_quantity": 0.06
  },
  {
    "event_id": "8837f076cf02736eae15d71c6b7f04c9aa4dd1e395e38a1a203f8257b0cf5898",
    "schema_version": "1.0.0",
    "event_type": "agent_order",
    "source": "synthetic_agent",
    "symbol": "BTCUSDT",
    "exchange": "binance_usdm",
    "timestamp": "2024-05-01T00:00:00.510000Z",
    "sequence": 17,
    "scenario_id": "scenario-105-stop_run_sweep",
    "agent_id": "agent-stop_run_sweep",
    "order_id": "scenario-105-stop_run_sweep-agent-stop_run_sweep-17",
    "action": "new",
    "side": "buy",
    "price": 65225.44424999999,
    "quantity": 0.06,
    "remaining_quantity": 0.06
  },
  {
    "event_id": "1fc06a6f4c38e997c28eabb1974485124126aaaab1596aeff28e6b8dc492d7d4",
    "schema_version": "1.0.0",
    "event_type": "agent_order",
    "source": "synthetic_agent",
    "symbol": "BTCUSDT",
    "exchange": "binance_usdm",
    "timestamp": "2024-05-01T00:00:00.540000Z",
    "sequence": 18,
    "scenario_id": "scenario-105-stop_run_sweep",
    "agent_id": "agent-stop_run_sweep",
    "order_id": "scenario-105-stop_run_sweep-agent-stop_run_sweep-18",
    "action": "new",
    "side": "buy",
    "price": 65228.69949999999,
    "quantity": 0.06,
    "remaining_quantity": 0.06
  },
  {
    "event_id": "2ede2771e8cefc4cf8703799f3722b206670b06a40ddea4b770a10d89e7ff764",
    "schema_version": "1.0.0",
    "event_type": "agent_order",
    "source": "synthetic_agent",
    "symbol": "BTCUSDT",
    "exchange": "binance_usdm",
    "timestamp": "2024-05-01T00:00:00.570000Z",
    "sequence": 19,
    "scenario_id": "scenario-105-stop_run_sweep",
    "agent_id": "agent-stop_run_sweep",
    "order_id": "scenario-105-stop_run_sweep-agent-stop_run_sweep-19",
    "action": "new",
    "side": "buy",
    "price": 65231.95474999999,
    "quantity": 0.06,
    "remaining_quantity": 0.06
  },
  {
    "event_id": "0d78fab8d933c6e07b8ca6281f8c25b95299afca491d74200a8691fe30463038",
    "schema_version": "1.0.0",
    "event_type": "agent_order",
    "source": "synthetic_agent",
    "symbol": "BTCUSDT",
    "exchange": "binance_usdm",
    "timestamp": "2024-05-01T00:00:00.600000Z",
    "sequence": 20,
    "scenario_id": "scenario-105-stop_run_sweep",
    "agent_id": "agent-stop_run_sweep",
    "order_id": "scenario-105-stop_run_sweep-agent-stop_run_sweep-20",
    "action": "new",
    "side": "buy",
    "price": 65235.209999999985,
    "quantity": 0.06,
    "remaining_quantity": 0.06
  },
  {
    "event_id": "4983f9d30d8c5bb9b4b60e3df4b84924d1cc8be696a646bfad6e6f53c5f47623",
    "schema_version": "1.0.0",
    "event_type": "agent_order",
    "source": "synthetic_agent",
    "symbol": "BTCUSDT",
    "exchange": "binance_usdm",
    "timestamp": "2024-05-01T00:00:00.630000Z",
    "sequence": 21,
    "scenario_id": "scenario-105-stop_run_sweep",
    "agent_id": "agent-stop_run_sweep",
    "order_id": "scenario-105-stop_run_sweep-agent-stop_run_sweep-21",
    "action": "new",
    "side": "buy",
    "price": 65238.465249999994,
    "quantity": 0.06,
    "remaining_quantity": 0.06
  },
  {
    "event_id": "de4f3d08717c1c8587913637524adb11cb81b03bcddf8dcba8ffd0b6d7bc96ab",
    "schema_version": "1.0.0",
    "event_type": "agent_order",
    "source": "synthetic_agent",
    "symbol": "BTCUSDT",
    "exchange": "binance_usdm",
    "timestamp": "2024-05-01T00:00:00.660000Z",
    "sequence": 22,
    "scenario_id": "scenario-105-stop_run_sweep",
    "agent_id": "agent-stop_run_sweep",
    "order_id": "scenario-105-stop_run_sweep-agent-stop_run_sweep-22",
    "action": "new",
    "side": "buy",
    "price": 65241.720499999996,
    "quantity": 0.06,
    "remaining_quantity": 0.06
  },
  {
    "event_id": "beef8bf6539c7c531f827cc4292265b1ad5e80f9b95cc2f0b6d61db7cd105eab",
    "schema_version": "1.0.0",
    "event_type": "agent_order",
    "source": "synthetic_agent",
    "symbol": "BTCUSDT",
    "exchange": "binance_usdm",
    "timestamp": "2024-05-01T00:00:00.690000Z",
    "sequence": 23,
    "scenario_id": "scenario-105-stop_run_sweep",
    "agent_id": "agent-stop_run_sweep",
    "order_id": "scenario-105-stop_run_sweep-agent-stop_run_sweep-23",
    "action": "new",
    "side": "buy",
    "price": 65244.97574999999,
    "quantity": 0.06,
    "remaining_quantity": 0.06
  },
  {
    "event_id": "cb28d0ef63cb4e1758bdc06921cab4e4d058a3bc6bf9a9a9ffef22a72b5e8b8c",
    "schema_version": "1.0.0",
    "event_type": "agent_order",
    "source": "synthetic_agent",
    "symbol": "BTCUSDT",
    "exchange": "binance_usdm",
    "timestamp": "2024-05-01T00:00:00.720000Z",
    "sequence": 24,
    "scenario_id": "scenario-105-stop_run_sweep",
    "agent_id": "agent-stop_run_sweep",
    "order_id": "scenario-105-stop_run_sweep-agent-stop_run_sweep-24",
    "action": "new",
    "side": "buy",
    "price": 65248.231,
    "quantity": 0.06,
    "remaining_quantity": 0.06
  },
  {
    "event_id": "f3bb22b095b67231ebcb0a2157ab082d1c66c96cf022ada6d843fa6e9bb7edc1",
    "schema_version": "1.0.0",
    "event_type": "agent_order",
    "source": "synthetic_agent",
    "symbol": "BTCUSDT",
    "exchange": "binance_usdm",
    "timestamp": "2024-05-01T00:00:00.750000Z",
    "sequence": 25,
    "scenario_id": "scenario-105-stop_run_sweep",
    "agent_id": "agent-stop_run_sweep",
    "order_id": "scenario-105-stop_run_sweep-agent-stop_run_sweep-25",
    "action": "new",
    "side": "buy",
    "price": 65251.486249999994,
    "quantity": 0.06,
    "remaining_quantity": 0.06
  },
  {
    "event_id": "8497d232d780e64d1141114d2a37e98184b08904e8bc6403e7d939483f811c7a",
    "schema_version": "1.0.0",
    "event_type": "agent_order",
    "source": "synthetic_agent",
    "symbol": "BTCUSDT",
    "exchange": "binance_usdm",
    "timestamp": "2024-05-01T00:00:00.780000Z",
    "sequence": 26,
    "scenario_id": "scenario-105-stop_run_sweep",
    "agent_id": "agent-stop_run_sweep",
    "order_id": "scenario-105-stop_run_sweep-agent-stop_run_sweep-26",
    "action": "new",
    "side": "buy",
    "price": 65254.7415,
    "quantity": 0.06,
    "remaining_quantity": 0.06
  },
  {
    "event_id": "2f24a4ca0522e6d26124f9ec95aab996db02ea9569e6aae5fd7b0e678916cdfe",
    "schema_version": "1.0.0",
    "event_type": "agent_order",
    "source": "synthetic_agent",
    "symbol": "BTCUSDT",
    "exchange": "binance_usdm",
    "timestamp": "2024-05-01T00:00:00.810000Z",
    "sequence": 27,
    "scenario_id": "scenario-105-stop_run_sweep",
    "agent_id": "agent-stop_run_sweep",
    "order_id": "scenario-105-stop_run_sweep-agent-stop_run_sweep-27",
    "action": "new",
    "side": "buy",
    "price": 65257.99674999999,
    "quantity": 0.06,
    "remaining_quantity": 0.06
  },
  {
    "event_id": "cc1231f9e19aa117508ee123259c90df2fe9437808356a2dd6668fcd8d880604",
    "schema_version": "1.0.0",
    "event_type": "agent_order",
    "source": "synthetic_agent",
    "symbol": "BTCUSDT",
    "exchange": "binance_usdm",
    "timestamp": "2024-05-01T00:00:00.840000Z",
    "sequence": 28,
    "scenario_id": "scenario-105-stop_run_sweep",
    "agent_id": "agent-stop_run_sweep",
    "order_id": "scenario-105-stop_run_sweep-agent-stop_run_sweep-28",
    "action": "new",
    "side": "buy",
    "price": 65261.252,
    "quantity": 0.06,
    "remaining_quantity": 0.06
  },
  {
    "event_id": "f3e6daef865068ae0187b308ecfa04f4f500dc95d9e60c5b752eac63f738c6fe",
    "schema_version": "1.0.0",
    "event_type": "agent_order",
    "source": "synthetic_agent",
    "symbol": "BTCUSDT",
    "exchange": "binance_usdm",
    "timestamp": "2024-05-01T00:00:00.870000Z",
    "sequence": 29,
    "scenario_id": "scenario-105-stop_run_sweep",
    "agent_id": "agent-stop_run_sweep",
    "order_id": "scenario-105-stop_run_sweep-agent-stop_run_sweep-29",
    "action": "new",
    "side": "buy",
    "price": 65264.50724999999,
    "quantity": 0.06,
    "remaining_quantity": 0.06
  }
]