[
  {
    "event_id": "c524944a3fce5df9ee816968c72e1cc15bff437a4e45df1f4f6a64c7fc652fdd",
    "schema_version": "1.0.0",
    "event_type": "agent_order",
    "source": "synthetic_agent",
    "symbol": "BTCUSDT",
    "exchange": "binance_usdm",
    "timestamp": "2024-05-01T00:00:00Z",
    "sequence": 0,
    "scenario_id": "scenario-217-twap_execution",
    "agent_id": "agent-twap_execution",
    "order_id": "scenario-217-twap_execution-agent-twap_execution-0",
    "action": "new",
    "side": "buy",
    "price": 65184.391500000005,
    "quantity": 0.005,
    "remaining_quantity": 0.005
  },
  {
    "event_id": "02f34eae4a53585859c3bec2137402aeb9d4b072342a8edfc5ff63232ad58c17",
    "schema_version": "1.0.0",
    "event_type": "agent_order",
    "source": "synthetic_agent",
    "symbol": "BTCUSDT",
    "exchange": "binance_usdm",
    "timestamp": "2024-05-01T00:00:01Z",
    "sequence": 1,
    "scenario_id": "scenario-217-twap_execution",
    "agent_id": "agent-twap_execution",
    "order_id": "scenario-217-twap_execution-agent-twap_execution-1",
    "action": "new",
    "side": "buy",
    "price": 65184.391500000005,
    "quantity": 0.005,
    "remaining_quantity": 0.005
  },
  {
    "event_id": "22a95eab45ff450c2fcf5567852a6768ca8197325af42c44e24d3963d8078df9",
    "schema_version": "1.0.0",
    "event_type": "agent_order",
    "source": "synthetic_agent",
    "symbol": "BTCUSDT",
    "exchange": "binance_usdm",
    "timestamp": "2024-05-01T00:00:02Z",
    "sequence": 2,
    "scenario_id": "scenario-217-twap_execution",
    "agent_id": "agent-twap_execution",
    "order_id": "scenario-217-twap_execution-agent-twap_execution-2",
    "action": "new",
    "side": "buy",
    "price": 65184.391500000005,
    "quantity": 0.005,
    "remaining_quantity": 0.005
  },
  {
    "event_id": "077589b30d8422a60b7ea3e8c1712c16491b9b63a7aa35eccacf6631d3a92015",
    "schema_version": "1.0.0",
    "event_type": "agent_order",
    "source": "synthetic_agent",
    "symbol": "BTCUSDT",
    "exchange": "binance_usdm",
    "timestamp": "2024-05-01T00:00:03Z",
    "sequence": 3,
    "scenario_id": "scenario-217-twap_execution",
    "agent_id": "agent-twap_execution",
    "order_id": "scenario-217-twap_execution-agent-twap_execution-3",
    "action": "new",
    "side": "buy",
    "price": 65184.391500000005,
    "quantity": 0.005,
    "remaining_quantity": 0.005
  },
  {
    "event_id": "dde54e01b475aae70a189f5af4bb9b401d921499bc0583683c2028736ba28581",
    "schema_version": "1.0.0",
    "event_type": "agent_order",
    "source": "synthetic_agent",
    "symbol": "BTCUSDT",
    "exchange": "binance_usdm",
    "timestamp": "2024-05-01T00:00:04Z",
    "sequence": 4,
    "scenario_id": "scenario-217-twap_execution",
    "agent_id": "agent-twap_execution",
    "order_id": "scenario-217-twap_execution-agent-twap_execution-4",
    "action": "new",
    "side": "buy",
    "price": 65184.391500000005,
    "quantity": 0.005,
    "remaining_quantity": 0.005
  },
  {
    "event_id": "6c3be18358c96d13d0d97a5a08459808a5bb16cba5339a967a8ad97bd9c20b62",
    "schema_version": "1.0.0",
    "event_type": "agent_order",
    "source": "synthetic_agent",
    "symbol": "BTCUSDT",
    "exchange": "binance_usdm",
    "timestamp": "2024-05-01T00:00:05Z",
    "sequence": 5,
    "scenario_id": "scenario-217-twap_execution",
    "agent_id": "agent-twap_execution",
    "order_id": "scenario-217-twap_execution-agent-twap_execution-5",
    "action": "new",
    "side": "buy",
    "price": 65184.391500000005,
    "quantity": 0.005,
    "remaining_quantity": 0.005
  },
  {
    "event_id": "79d6a26ef8975cfe3dcd96ca6b93a28657c41640fabf765d5665b91f5ab2ec55",
    "schema_version": "1.0.0",
    "event_type": "agent_order",
    "source": "synthetic_agent",
    "symbol": "BTCUSDT",
    "exchange": "binance_usdm",
    "timestamp": "2024-05-01T00:00:06Z",
    "sequence": 6,
    "scenario_id": "scenario-217-twap_execution",
    "agent_id": "agent-twap_execution",
    "order_id": "scenario-217-twap_execution-agent-twap_execution-6",
    "action": "new",
    "side": "buy",
    "price": 65184.391500000005,
    "quantity": 0.005,
    "remaining_quantity": 0.005
  },
  {
    "event_id": "6c69720cb8e0933f4840847b37b18d88fb883ba2067c85f42406ed7802a1d45c",
    "schema_version": "1.0.0",
    "event_type": "agent_order",
    "source": "synthetic_agent",
    "symbol": "BTCUSDT",
    "exchange": "binance_usdm",
    "timestamp": "2024-05-01T00:00:07Z",
    "sequence": 7,
    "scenario_id": "scenario-217-twap_execution",
    "agent_id": "agent-twap_execution",
    "order_id": "scenario-217-twap_execution-agent-twap_execution-7",
    "action": "new",
    "side": "buy",
    "price": 65184.391500000005,
    "quantity": 0.005,
    "remaining_quantity": 0.005
  },
  {
    "event_id": "21cb1d8b1be609fa30a3bf3e2c2b4230fb293420a348ef50c5b63d0efe31be52",
    "schema_version": "1.0.0",
    "event_type": "agent_order",
    "source": "synthetic_agent",
    "symbol": "BTCUSDT",
    "exchange": "binance_usdm",
    "timestamp": "2024-05-01T00:00:08Z",
    "sequence": 8,
    "scenario_id": "scenario-217-twap_execution",
    "agent_id": "agent-twap_execution",
    "order_id": "scenario-217-twap_execution-agent-twap_execution-8",
    "action": "new",
    "side": "buy",
    "price": 65184.391500000005,
    "quantity": 0.005,
    "remaining_quantity": 0.005
  },
  {
    "event_id": "674de5bf4eb7830404982b9ce3ec3f463aee2da9acdcc187a0bfa4e8a21b2eb7",
    "schema_version": "1.0.0",
    "event_type": "agent_order",
    "source": "synthetic_agent",
    "symbol": "BTCUSDT",
    "exchange": "binance_usdm",
    "timestamp": "2024-05-01T00:00:09Z",
    "sequence": 9,
    "scenario_id": "scenario-217-twap_execution",
    "agent_id": "agent-twap_execution",
    "order_id": "scenario-217-twap_execution-agent-twap_execution-9",
    "action": "new",
    "side": "buy",
    "price": 65184.391500000005,
    "quantity": 0.005,
    "remaining_quantity": 0.005
  },
  {
    "event_id": "f691d923d07f3c9ac7c2fcee9290539c1086906d4b0b322d805416aa115b7a13",
    "schema_version": "1.0.0",
    "event_type": "agent_order",
    "source": "synthetic_agent",
    "symbol": "BTCUSDT",
    "exchange": "binance_usdm",
    "timestamp": "2024-05-01T00:00:10Z",
    "sequence": 10,
    "scenario_id": "scenario-217-twap_execution",
    "agent_id": "agent-twap_execution",
    "order_id": "scenario-217-twap_execution-agent-twap_execution-10",
    "action": "new",
    "side": "buy",
    "price": 65184.391500000005,
    "quantity": 0.005,
    "remaining_quantity": 0.005
  },
  {
    "event_id": "250d04167f4e91831e0700625857bdf4c4da33f15926f4ccb535fec72eab94b1",
    "schema_version": "1.0.0",
    "event_type": "agent_order",
    "source": "synthetic_agent",
    "symbol": "BTCUSDT",
    "exchange": "binance_usdm",
    "timestamp": "2024-05-01T00:00:11Z",
    "sequence": 11,
    "scenario_id": "scenario-217-twap_execution",
    "agent_id": "agent-twap_execution",
    "order_id": "scenario-217-twap_execution-agent-twap_execution-11",
    "action": "new",
    "side": "buy",
    "price": 65184.391500000005,
    "quantity": 0.005,
    "remaining_quantity": 0.005
  },
  {
    "event_id": "1e88145947ae79829e072d36224d88298e3477a76a71fcbe6f8f62cb998b641f",
    "schema_version": "1.0.0",
    "event_type": "agent_order",
    "source": "synthetic_agent",
    "symbol": "BTCUSDT",
    "exchange": "binance_usdm",
    "timestamp": "2024-05-01T00:00:12Z",
    "sequence": 12,
    "scenario_id": "scenario-217-twap_execution",
    "agent_id": "agent-twap_execution",
    "order_id": "scenario-217-twap_execution-agent-twap_execution-12",
    "action": "new",
    "side": "buy",
    "price": 65184.391500000005,
    "quantity": 0.005,
    "remaining_quantity": 0.005
  },
  {
    "event_id": "14b668fbe0125506aad9612405d65795abeccd5b97514116a63cb037c66036df",
    "schema_version": "1.0.0",
    "event_type": "agent_order",
    "source": "synthetic_agent",
    "symbol": "BTCUSDT",
    "exchange": "binance_usdm",
    "timestamp": "2024-05-01T00:00:13Z",
    "sequence": 13,
    "scenario_id": "scenario-217-twap_execution",
    "agent_id": "agent-twap_execution",
    "order_id": "scenario-217-twap_execution-agent-twap_execution-13",
    "action": "new",
    "side": "buy",
    "price": 65184.391500000005,
    "quantity": 0.005,
    "remaining_quantity": 0.005
  },
  {
    "event_id": "8b96f416735ab8836efeb6c64a1bdf8f7778682fd7d6f75b4b300aacdb134314",
    "schema_version": "1.0.0",
    "event_type": "agent_order",
    "source": "synthetic_agent",
    "symbol": "BTCUSDT",
    "exchange": "binance_usdm",
    "timestamp": "2024-05-01T00:00:14Z",
    "sequence": 14,
    "scenario_id": "scenario-217-twap_execution",
    "agent_id": "agent-twap_execution",
    "order_id": "scenario-217-twap_execution-agent-twap_execution-14",
    "action": "new",
    "side": "buy",
    "price": 65184.391500000005,
    "quantity": 0.005,
    "remaining_quantity": 0.005
  },
  {
    "event_id": "8fa77310f81aee83db58ff661eee2a1ee4a97c2deb0e0bf8b9fc3f83a601d239",
    "schema_version": "1.0.0",
    "event_type": "agent_order",
    "source": "synthetic_agent",
    "symbol": "BTCUSDT",
    "exchange": "binance_usdm",
    "timestamp": "2024-05-01T00:00:15Z",
    "sequence": 15,
    "scenario_id": "scenario-217-twap_execution",
    "agent_id": "agent-twap_execution",
    "order_id": "scenario-217-twap_execution-agent-twap_execution-15",
    "action": "new",
    "side": "buy",
    "price": 65184.391500000005,
    "quantity": 0.005,
    "remaining_quantity": 0.005
  },
  {
    "event_id": "e229a43ee21e513db3a7bddfb0bbddc2e584d35423dbb10c13e2fafa8c5fcffe",
    "schema_version": "1.0.0",
    "event_type": "agent_order",
    "source": "synthetic_agent",
    "symbol": "BTCUSDT",
    "exchange": "binance_usdm",
    "timestamp": "2024-05-01T00:00:16Z",
    "sequence": 16,
    "scenario_id": "scenario-217-twap_execution",
    "agent_id": "agent-twap_execution",
    "order_id": "scenario-217-twap_execution-agent-twap_execution-16",
    "action": "new",
    "side": "buy",
    "price": 65184.391500000005,
    "quantity": 0.005,
    "remaining_quantity": 0.005
  },
  {
    "event_id": "6e49dc40e45ac35412d3df1823d641b92046c6fd34643801d1745d349c6586d1",
    "schema_version": "1.0.0",
    "event_type": "agent_order",
    "source": "synthetic_agent",
    "symbol": "BTCUSDT",
    "exchange": "binance_usdm",
    "timestamp": "2024-05-01T00:00:17Z",
    "sequence": 17,
    "scenario_id": "scenario-217-twap_execution",
    "agent_id": "agent-twap_execution",
    "order_id": "scenario-217-twap_execution-agent-twap_execution-17",
    "action": "new",
    "side": "buy",
    "price": 65184.391500000005,
    "quantity": 0.005,
    "remaining_quantity": 0.005
  },
  {
    "event_id": "93e2779adeeee2b3fadb91bae02892299cc2067b88d963b01a9a3a711db6e97f",
    "schema_version": "1.0.0",
    "event_type": "agent_order",
    "source": "synthetic_agent",
    "symbol": "BTCUSDT",
    "exchange": "binance_usdm",
    "timestamp": "2024-05-01T00:00:18Z",
    "sequence": 18,
    "scenario_id": "scenario-217-twap_execution",
    "agent_id": "agent-twap_execution",
    "order_id": "scenario-217-twap_execution-agent-twap_execution-18",
    "action": "new",
    "side": "buy",
    "price": 65184.391500000005,
    "quantity": 0.005,
    "remaining_quantity": 0.005
  },
  {
    "event_id": "ae499c9a0aa9a517833c9ae744a81d2a38361140732371a9e5a3eda5baf7def8",
    "schema_version": "1.0.0",
    "event_type": "agent_order",
    "source": "synthetic_agent",
    "symbol": "BTCUSDT",
    "exchange": "binance_usdm",
    "timestamp": "2024-05-01T00:00:19Z",
    "sequence": 19,
    "scenario_id": "scenario-217-twap_execution",
    "agent_id": "agent-twap_execution",
    "order_id": "scenario-217-twap_execution-agent-twap_execution-19",
    "action": "new",
    "side": "buy",
    "price": 65184.391500000005,
    "quantity": 0.005,
    "remaining_quantity": 0.005
  },
  {
    "event_id": "671665aa1fb9a619b976a58819e8fc5789b6688ade82788e343f0ce4f851ee06",
    "schema_version": "1.0.0",
    "event_type": "agent_order",
    "source": "synthetic_agent",
    "symbol": "BTCUSDT",
    "exchange": "binance_usdm",
    "timestamp": "2024-05-01T00:00:20Z",
    "sequence": 20,
    "scenario_id": "scenario-217-twap_execution",
    "agent_id": "agent-twap_execution",
    "order_id": "scenario-217-twap_execution-agent-twap_execution-20",
    "action": "new",
    "side": "buy",
    "price": 65184.391500000005,
    "quantity": 0.005,
    "remaining_quantity": 0.005
  },
  {
    "event_id": "3098a5fd8b60f846054ca147ee83769368e0aed7c9a1aa3b09ce94983d327ebe",
    "schema_version": "1.0.0",
    "event_type": "agent_order",
    "source": "synthetic_agent",
    "symbol": "BTCUSDT",
    "exchange": "binance_usdm",
    "timestamp": "2024-05-01T00:00:21Z",
    "sequence": 21,
    "scenario_id": "scenario-217-twap_execution",
    "agent_id": "agent-twap_execution",
    "order_id": "scenario-217-twap_execution-agent-twap_execution-21",
    "action": "new",
    "side": "buy",
    "price": 65184.391500000005,
    "quantity": 0.005,
    "remaining_quantity": 0.005
  },
  {
    "event_id": "bad356560d4d3f1a3e39edf113593921cd78264ad3ef1d40b38ffbf3b56036a1",
    "schema_version": "1.0.0",
    "event_type": "agent_order",
    "source": "synthetic_agent",
    "symbol": "BTCUSDT",
    "exchange": "binance_usdm",
    "timestamp": "2024-05-01T00:00:22Z",
    "sequence": 22,
    "scenario_id": "scenario-217-twap_execution",
    "agent_id": "agent-twap_execution",
    "order_id": "scenario-217-twap_execution-agent-twap_execution-22",
    "action": "new",
    "side": "buy",
    "price": 65184.391500000005,
    "quantity": 0.005,
    "remaining_quantity": 0.005
  },
  {
    "event_id": "9643f568bd93dd45125177af19cfc95bfeb9a5a94dc184e19b396201dd2cad51",
    "schema_version": "1.0.0",
    "event_type": "agent_order",
    "source": "synthetic_agent",
    "symbol": "BTCUSDT",
    "exchange": "binance_usdm",
    "timestamp": "2024-05-01T00:00:23Z",
    "sequence": 23,
    "scenario_id": "scenario-217-twap_execution",
    "agent_id": "agent-twap_execution",
    "order_id": "scenario-217-twap_execution-agent-twap_execution-23",
    "action": "new",
    "side": "buy",
    "price": 65184.391500000005,
    "quantity": 0.005,
    "remaining_quantity": 0.005
  },
  {
    "event_id": "b5d7c635ca5942b521357dacd9501c2d59c9e3fe93b596591fa5b5752789343b",
    "schema_version": "1.0.0",
    "event_type": "agent_order",
    "source": "synthetic_agent",
    "symbol": "BTCUSDT",
    "exchange": "binance_usdm",
    "timestamp": "2024-05-01T00:00:24Z",
    "sequence": 24,
    "scenario_id": "scenario-217-twap_execution",
    "agent_id": "agent-twap_execution",
    "order_id": "scenario-217-twap_execution-agent-twap_execution-24",
    "action": "new",
    "side": "buy",
    "price": 65184.391500000005,
    "quantity": 0.005,
    "remaining_quantity": 0.005
  },
  {
    "event_id": "ec85d6140e61ebae3814fac7640fa10efd7b0c7a9898992a03dd710c2d464696",
    "schema_version": "1.0.0",
    "event_type": "agent_order",
    "source": "synthetic_agent",
    "symbol": "BTCUSDT",
    "exchange": "binance_usdm",
    "timestamp": "2024-05-01T00:00:25Z",
    "sequence": 25,
    "scenario_id": "scenario-217-twap_execution",
    "agent_id": "agent-twap_execution",
    "order_id": "scenario-217-twap_execution-agent-twap_execution-25",
    "action": "new",
    "side": "buy",
    "price": 65184.391500000005,
    "quantity": 0.005,
    "remaining_quantity": 0.005
  },
  {
    "event_id": "0d3e86946897fdb131c1f8c3d7795fe12cde2cdc9495c0269dcb2a8905e17655",
    "schema_version": "1.0.0",
    "event_type": "agent_order",
    "source": "synthetic_agent",
    "symbol": "BTCUSDT",
    "exchange": "binance_usdm",
    "timestamp": "2024-05-01T00:00:26Z",
    "sequence": 26,
    "scenario_id": "scenario-217-twap_execution",
    "agent_id": "agent-twap_execution",
    "order_id": "scenario-217-twap_execution-agent-twap_execution-26",
    "action": "new",
    "side": "buy",
    "price": 65184.391500000005,
    "quantity": 0.005,
    "remaining_quantity": 0.005
  },
  {
    "event_id": "554f3617ec64c6770b5fd86f843ef00a007cb25ddf0a9b024990a7a42fd104e2",
    "schema_version": "1.0.0",
    "event_type": "agent_order",
    "source": "synthetic_agent",
    "symbol": "BTCUSDT",
    "exchange": "binance_usdm",
    "timestamp": "2024-05-01T00:00:27Z",
    "sequence": 27,
    "scenario_id": "scenario-217-twap_execution",
    "agent_id": "agent-twap_execution",
    "order_id": "scenario-217-twap_execution-agent-twap_execution-27",
    "action": "new",
    "side": "buy",
    "price": 65184.391500000005,
    "quantity": 0.005,
    "remaining_quantity": 0.005
  },
  {
    "event_id": "671425eb926505798f59e1409cc601979f9a886d44580ffd00cc464cae7ed687",
    "schema_version": "1.0.0",
    "event_type": "agent_order",
    "source": "synthetic_agent",
    "symbol": "BTCUSDT",
    "exchange": "binance_usdm",
    "timestamp": "2024-05-01T00:00:28Z",
    "sequence": 28,
    "scenario_id": "scenario-217-twap_execution",
    "agent_id": "agent-twap_execution",
    "order_id": "scenario-217-twap_execution-agent-twap_execution-28",
    "action": "new",
    "side": "buy",
    "price": 65184.391500000005,
    "quantity": 0.005,
    "remaining_quantity": 0.005
  },
  {
    "event_id": "32b215e30297550e0b9efb8cade00fd0718d2a8f5ef9ade3d4eb977701cb9583",
    "schema_version": "1.0.0",
    "event_type": "agent_order",
    "source": "synthetic_agent",
    "symbol": "BTCUSDT",
    "exchange": "binance_usdm",
    "timestamp": "2024-05-01T00:00:29Z",
    "sequence": 29,
    "scenario_id": "scenario-217-twap_execution",
    "agent_id": "agent-twap_execution",
    "order_id": "scenario-217-twap_execution-agent-twap_execution-29",
    "action": "new",
    "side": "buy",
    "price": 65184.391500000005,
    "quantity": 0.005,
    "remaining_quantity": 0.005
  }
]