[
  {
    "event_id": "974c49fa6677be26db0a78dd428005e7014c43bbd5177404ef82f13e0485100a",
    "schema_version": "1.0.0",
    "event_type": "agent_order",
    "source": "synthetic_agent",
    "symbol": "BTCUSDT",
    "exchange": "binance_usdm",
    "timestamp": "2024-05-01T00:00:00Z",
    "sequence": 0,
    "scenario_id": "scenario-214-runaway_inventory",
    "agent_id": "agent-runaway_inventory",
    "order_id": "scenario-214-runaway_inventory-agent-runaway_inventory-0",
    "action": "new",
    "side": "buy",
    "price": 65214.0,
    "quantity": 0.01,
    "remaining_quantity": 0.01
  },
  {
    "event_id": "833d9a6c6e938b366c99eb55d2ca98ceaaec9eed2cc9ac5c8db6fb29aca97c90",
    "schema_version": "1.0.0",
    "event_type": "agent_order",
    "source": "synthetic_agent",
    "symbol": "BTCUSDT",
    "exchange": "binance_usdm",
    "timestamp": "2024-05-01T00:00:00.070000Z",
    "sequence": 1,
    "scenario_id": "scenario-214-runaway_inventory",
    "agent_id": "agent-runaway_inventory",
    "order_id": "scenario-214-runaway_inventory-agent-runaway_inventory-1",
    "action": "new",
    "side": "buy",
    "price": 65215.956419999995,
    "quantity": 0.012,
    "remaining_quantity": 0.012
  },
  {
    "event_id": "90cfd40abd99e997ceebd58cc271a84d97007a1a180b852d874aac0f9b34516b",
    "schema_version": "1.0.0",
    "event_type": "agent_order",
    "source": "synthetic_agent",
    "symbol": "BTCUSDT",
    "exchange": "binance_usdm",
    "timestamp": "2024-05-01T00:00:00.140000Z",
    "sequence": 2,
    "scenario_id": "scenario-214-runaway_inventory",
    "agent_id": "agent-runaway_inventory",
    "order_id": "scenario-214-runaway_inventory-agent-runaway_inventory-2",
    "action": "new",
    "side": "buy",
    "price": 65217.91284,
    "quantity": 0.014,
    "remaining_quantity": 0.014
  },
  {
    "event_id": "df9e92d2f7a5e2430450582118c0e0b832277bb21c7c56f1a93a46bbd3672c0c",
    "schema_version": "1.0.0",
    "event_type": "agent_order",
    "source": "synthetic_agent",
    "symbol": "BTCUSDT",
    "exchange": "binance_usdm",
    "timestamp": "2024-05-01T00:00:00.210000Z",
    "sequence": 3,
    "scenario_id": "scenario-214-runaway_inventory",
    "agent_id": "agent-runaway_inventory",
    "order_id": "scenario-214-runaway_inventory-agent-runaway_inventory-3",
    "action": "new",
    "side": "buy",
    "price": 65219.86925999999,
    "quantity": 0.016,
    "remaining_quantity": 0.016
  },
  {
    "event_id": "c3379a10ae741a59d817496a2877af52dcd2a2985b330bdb8d0761d4213d5879",
    "schema_version": "1.0.0",
    "event_type": "agent_order",
    "source": "synthetic_agent",
    "symbol": "BTCUSDT",
    "exchange": "binance_usdm",
    "timestamp": "2024-05-01T00:00:00.280000Z",
    "sequence": 4,
    "scenario_id": "scenario-214-runaway_inventory",
    "agent_id": "agent-runaway_inventory",
    "order_id": "scenario-214-runaway_inventory-agent-runaway_inventory-4",
    "action": "new",
    "side": "buy",
    "price": 65221.825679999994,
    "quantity": 0.018000000000000002,
    "remaining_quantity": 0.018000000000000002
  },
  {
    "event_id": "ac1c2a5ef28d39b6ecd8ed97fcd2c921dfb73ede523f2b69eea9b1d89e3f3f77",
    "schema_version": "1.0.0",
    "event_type": "agent_order",
    "source": "synthetic_agent",
    "symbol": "BTCUSDT",
    "exchange": "binance_usdm",
    "timestamp": "2024-05-01T00:00:00.350000Z",
    "sequence": 5,
    "scenario_id": "scenario-214-runaway_inventory",
    "agent_id": "agent-runaway_inventory",
    "order_id": "scenario-214-runaway_inventory-agent-runaway_inventory-5",
    "action": "new",
    "side": "buy",
    "price": 65223.782100000004,
    "quantity": 0.02,
    "remaining_quantity": 0.02
  },
  {
    "event_id": "54a49d4fe28342970ac037c0aeb06502fda560afceff9d958d6fbf0157b1ae07",
    "schema_version": "1.0.0",
    "event_type": "agent_order",
    "source": "synthetic_agent",
    "symbol": "BTCUSDT",
    "exchange": "binance_usdm",
    "timestamp": "2024-05-01T00:00:00.420000Z",
    "sequence": 6,
    "scenario_id": "scenario-214-runaway_inventory",
    "agent_id": "agent-runaway_inventory",
    "order_id": "scenario-214-runaway_inventory-agent-runaway_inventory-6",
    "action": "new",
    "side": "buy",
    "price": 65225.738520000006,
    "quantity": 0.022,
    "remaining_quantity": 0.022
  },
  {
    "event_id": "f99b2c9559b72dc277c836dfa6b6aa24be1c12048696dac2af974a1baf17e23f",
    "schema_version": "1.0.0",
    "event_type": "agent_order",
    "source": "synthetic_agent",
    "symbol": "BTCUSDT",
    "exchange": "binance_usdm",
    "timestamp": "2024-05-01T00:00:00.490000Z",
    "sequence": 7,
    "scenario_id": "scenario-214-runaway_inventory",
    "agent_id": "agent-runaway_inventory",
    "order_id": "scenario-214-runaway_inventory-agent-runaway_inventory-7",
    "action": "new",
    "side": "buy",
    "price": 65227.69494,
    "quantity": 0.024,
    "remaining_quantity": 0.024
  },
  {
    "event_id": "30b33b920260ed886f8e6206b3c1029447b851ef467ad268178dfc76fe1c87fa",
    "schema_version": "1.0.0",
    "event_type": "agent_order",
    "source": "synthetic_agent",
    "symbol": "BTCUSDT",
    "exchange": "binance_usdm",
    "timestamp": "2024-05-01T00:00:00.560000Z",
    "sequence": 8,
    "scenario_id": "scenario-214-runaway_inventory",
    "agent_id": "agent-runaway_inventory",
    "order_id": "scenario-214-runaway_inventory-agent-runaway_inventory-8",
    "action": "new",
    "side": "buy",
    "price": 65229.65136,
    "quantity": 0.026000000000000002,
    "remaining_quantity": 0.026000000000000002
  },
  {
    "event_id": "541fb996ffab9c9fa42035af8d9e5cbea5ccebc76b034a161ebaffce4c3a3090",
    "schema_version": "1.0.0",
    "event_type": "agent_order",
    "source": "synthetic_agent",
    "symbol": "BTCUSDT",
    "exchange": "binance_usdm",
    "timestamp": "2024-05-01T00:00:00.630000Z",
    "sequence": 9,
    "scenario_id": "scenario-214-runaway_inventory",
    "agent_id": "agent-runaway_inventory",
    "order_id": "scenario-214-runaway_inventory-agent-runaway_inventory-9",
    "action": "new",
    "side": "buy",
    "price": 65231.60778,
    "quantity": 0.028000000000000004,
    "remaining_quantity": 0.028000000000000004
  },
  {
    "event_id": "b261ba5f3c441ab32fe56a2e171cea56e9ff9dd1d6fda3d28da2f76a51abd1a9",
    "schema_version": "1.0.0",
    "event_type": "agent_order",
    "source": "synthetic_agent",
    "symbol": "BTCUSDT",
    "exchange": "binance_usdm",
    "timestamp": "2024-05-01T00:00:00.700000Z",
    "sequence": 10,
    "scenario_id": "scenario-214-runaway_inventory",
    "agent_id": "agent-runaway_inventory",
    "order_id": "scenario-214-runaway_inventory-agent-runaway_inventory-10",
    "action": "new",
    "side": "buy",
    "price": 65233.5642,
    "quantity": 0.03,
    "remaining_quantity": 0.03
  },
  {
    "event_id": "1be7b3593afd2918a3a060ca15ee93fa1cf78d0c3bc712e1bfb9b7c3846652ec",
    "schema_version": "1.0.0",
    "event_type": "agent_order",
    "source": "synthetic_agent",
    "symbol": "BTCUSDT",
    "exchange": "binance_usdm",
    "timestamp": "2024-05-01T00:00:00.770000Z",
    "sequence": 11,
    "scenario_id": "scenario-214-runaway_inventory",
    "agent_id": "agent-runaway_inventory",
    "order_id": "scenario-214-runaway_inventory-agent-runaway_inventory-11",
    "action": "new",
    "side": "buy",
    "price": 65235.520619999996,
    "quantity": 0.032,
    "remaining_quantity": 0.032
  },
  {
    "event_id": "6494f9f445afb959d2d29ba4b3c30d1c44dc0038edf173403fb4f5aafba8bd25",
    "schema_version": "1.0.0",
    "event_type": "agent_order",
    "source": "synthetic_agent",
    "symbol": "BTCUSDT",
    "exchange": "binance_usdm",
    "timestamp": "2024-05-01T00:00:00.840000Z",
    "sequence": 12,
    "scenario_id": "scenario-214-runaway_inventory",
    "agent_id": "agent-runaway_inventory",
    "order_id": "scenario-214-runaway_inventory-agent-runaway_inventory-12",
    "action": "new",
    "side": "buy",
    "price": 65237.47704,
    "quantity": 0.034,
    "remaining_quantity": 0.034
  },
  {
    "event_id": "acc94c83f65709773e2555c83b9103bb0e9eea8db26f4df9967d1d2d9b35f405",
    "schema_version": "1.0.0",
    "event_type": "agent_order",
    "source": "synthetic_agent",
    "symbol": "BTCUSDT",
    "exchange": "binance_usdm",
    "timestamp": "2024-05-01T00:00:00.910000Z",
    "sequence": 13,
    "scenario_id": "scenario-214-runaway_inventory",
    "agent_id": "agent-runaway_inventory",
    "order_id": "scenario-214-runaway_inventory-agent-runaway_inventory-13",
    "action": "new",
    "side": "buy",
    "price": 65239.43345999999,
    "quantity": 0.036000000000000004,
    "remaining_quantity": 0.036000000000000004
  },
  {
    "event_id": "aaddbdeecdd0639fb5bdf98abdbb9b3eeca6651a35459d64567cc6cb2625f776",
    "schema_version": "1.0.0",
    "event_type": "agent_order",
    "source": "synthetic_agent",
    "symbol": "BTCUSDT",
    "exchange": "binance_usdm",
    "timestamp": "2024-05-01T00:00:00.980000Z",
    "sequence": 14,
    "scenario_id": "scenario-214-runaway_inventory",
    "agent_id": "agent-runaway_inventory",
    "order_id": "scenario-214-runaway_inventory-agent-runaway_inventory-14",
    "action": "new",
    "side": "buy",
    "price": 65241.38988,
    "quantity": 0.038,
    "remaining_quantity": 0.038
  },
  {
    "event_id": "e922d36678a07c8472ba8c489927c293ce62884527f70dbdb7383e112d628524",
    "schema_version": "1.0.0",
    "event_type": "agent_order",
    "source": "synthetic_agent",
    "symbol": "BTCUSDT",
    "exchange": "binance_usdm",
    "timestamp": "2024-05-01T00:00:01.050000Z",
    "sequence": 15,
    "scenario_id": "scenario-214-runaway_inventory",
    "agent_id": "agent-runaway_inventory",
    "order_id": "scenario-214-runaway_inventory-agent-runaway_inventory-15",
    "action": "new",
    "side": "buy",
    "price": 65243.346300000005,
    "quantity": 0.04,
    "remaining_quantity": 0.04
  },
  {
    "event_id": "948ae45b4d699e6c0cb5a78a5e66b6d22fed29a38d28cc171e0c0cdf5c3eeffb",
    "schema_version": "1.0.0",
    "event_type": "agent_order",
    "source": "synthetic_agent",
    "symbol": "BTCUSDT",
    "exchange": "binance_usdm",
    "timestamp": "2024-05-01T00:00:01.120000Z",
    "sequence": 16,
    "scenario_id": "scenario-214-runaway_inventory",
    "agent_id": "agent-runaway_inventory",
    "order_id": "scenario-214-runaway_inventory-agent-runaway_inventory-16",
    "action": "new",
    "side": "buy",
    "price": 65245.30272,
    "quantity": 0.042,
    "remaining_quantity": 0.042
  },
  {
    "event_id": "a6f7e7c0a1ef84433c36840542e8a38fa503f8a109f305eb5917acc45a1155f3",
    "schema_version": "1.0.0",
    "event_type": "agent_order",
    "source": "synthetic_agent",
    "symbol": "BTCUSDT",
    "exchange": "binance_usdm",
    "timestamp": "2024-05-01T00:00:01.190000Z",
    "sequence": 17,
    "scenario_id": "scenario-214-runaway_inventory",
    "agent_id": "agent-runaway_inventory",
    "order_id": "scenario-214-runaway_inventory-agent-runaway_inventory-17",
    "action": "new",
    "side": "buy",
    "price": 65247.25914,
    "quantity": 0.044000000000000004,
    "remaining_quantity": 0.044000000000000004
  },
  {
    "event_id": "2f891747f9eb89597899aa177ed02fff9be6cba33d388858eee1681418bbb644",
    "schema_version": "1.0.0",
    "event_type": "agent_order",
    "source": "synthetic_agent",
    "symbol": "BTCUSDT",
    "exchange": "binance_usdm",
    "timestamp": "2024-05-01T00:00:01.260000Z",
    "sequence": 18,
    "scenario_id": "scenario-214-runaway_inventory",
    "agent_id": "agent-runaway_inventory",
    "order_id": "scenario-214-runaway_inventory-agent-runaway_inventory-18",
    "action": "new",
    "side": "buy",
    "price": 65249.21556,
    "quantity": 0.046000000000000006,
    "remaining_quantity": 0.046000000000000006
  },
  {
    "event_id": "7e2160c2e5824a72c1a4f35ddb78e97c5a4ac2d9711a9753723406d6c6ea9fd3",
    "schema_version": "1.0.0",
    "event_type": "agent_order",
    "source": "synthetic_agent",
    "symbol": "BTCUSDT",
    "exchange": "binance_usdm",
    "timestamp": "2024-05-01T00:00:01.330000Z",
    "sequence": 19,
    "scenario_id": "scenario-214-runaway_inventory",
    "agent_id": "agent-runaway_inventory",
    "order_id": "scenario-214-runaway_inventory-agent-runaway_inventory-19",
    "action": "new",
    "side": "buy",
    "price": 65251.17198,
    "quantity": 0.048,
    "remaining_quantity": 0.048
  },
  {
    "event_id": "31914c72ae8f17c737eb9725fd242d0e64a340a8d5aa196d5ba0b2c7284144dc",
    "schema_version": "1.0.0",
    "event_type": "agent_order",
    "source": "synthetic_agent",
    "symbol": "BTCUSDT",
    "exchange": "binance_usdm",
    "timestamp": "2024-05-01T00:00:01.400000Z",
    "sequence": 20,
    "scenario_id": "scenario-214-runaway_inventory",
    "agent_id": "agent-runaway_inventory",
    "order_id": "scenario-214-runaway_inventory-agent-runaway_inventory-20",
    "action": "new",
    "side": "buy",
    "price": 65253.128399999994,
    "quantity": 0.05,
    "remaining_quantity": 0.05
  },
  {
    "event_id": "356617820a74c65736d950314d200db06a655538556f1c366d394a306b9dfff8",
    "schema_version": "1.0.0",
    "event_type": "agent_order",
    "source": "synthetic_agent",
    "symbol": "BTCUSDT",
    "exchange": "binance_usdm",
    "timestamp": "2024-05-01T00:00:01.470000Z",
    "sequence": 21,
    "scenario_id": "scenario-214-runaway_inventory",
    "agent_id": "agent-runaway_inventory",
    "order_id": "scenario-214-runaway_inventory-agent-runaway_inventory-21",
    "action": "new",
    "side": "buy",
    "price": 65255.08482,
    "quantity": 0.052000000000000005,
    "remaining_quantity": 0.052000000000000005
  },
  {
    "event_id": "979bf7fae4bf062f7b72c931dc2dc044411520172f0c5820f0e1726e077e5338",
    "schema_version": "1.0.0",
    "event_type": "agent_order",
    "source": "synthetic_agent",
    "symbol": "BTCUSDT",
    "exchange": "binance_usdm",
    "timestamp": "2024-05-01T00:00:01.540000Z",
    "sequence": 22,
    "scenario_id": "scenario-214-runaway_inventory",
    "agent_id": "agent-runaway_inventory",
    "order_id": "scenario-214-runaway_inventory-agent-runaway_inventory-22",
    "action": "new",
    "side": "buy",
    "price": 65257.041240000006,
    "quantity": 0.054,
    "remaining_quantity": 0.054
  },
  {
    "event_id": "89fdea0baba0862289561b67dd935851c271187aeaf67d0951dc4a132b2fa49f",
    "schema_version": "1.0.0",
    "event_type": "agent_order",
    "source": "synthetic_agent",
    "symbol": "BTCUSDT",
    "exchange": "binance_usdm",
    "timestamp": "2024-05-01T00:00:01.610000Z",
    "sequence": 23,
    "scenario_id": "scenario-214-runaway_inventory",
    "agent_id": "agent-runaway_inventory",
    "order_id": "scenario-214-runaway_inventory-agent-runaway_inventory-23",
    "action": "new",
    "side": "buy",
    "price": 65258.99766000001,
    "quantity": 0.056,
    "remaining_quantity": 0.056
  },
  {
    "event_id": "243f2b0670d6dbd72ec6bbb57d318a73b5a0dcfa0ce1deae9c6370bd98bc795b",
    "schema_version": "1.0.0",
    "event_type": "agent_order",
    "source": "synthetic_agent",
    "symbol": "BTCUSDT",
    "exchange": "binance_usdm",
    "timestamp": "2024-05-01T00:00:01.680000Z",
    "sequence": 24,
    "scenario_id": "scenario-214-runaway_inventory",
    "agent_id": "agent-runaway_inventory",
    "order_id": "scenario-214-runaway_inventory-agent-runaway_inventory-24",
    "action": "new",
    "side": "buy",
    "price": 65260.95408,
    "quantity": 0.058,
    "remaining_quantity": 0.058
  },
  {
    "event_id": "03984fe4415c20cde892e7e6f250bc1ef7080cb3bc177ab4b23566f0b67c1c9d",
    "schema_version": "1.0.0",
    "event_type": "agent_order",
    "source": "synthetic_agent",
    "symbol": "BTCUSDT",
    "exchange": "binance_usdm",
    "timestamp": "2024-05-01T00:00:01.750000Z",
    "sequence": 25,
    "scenario_id": "scenario-214-runaway_inventory",
    "agent_id": "agent-runaway_inventory",
    "order_id": "scenario-214-runaway_inventory-agent-runaway_inventory-25",
    "action": "new",
    "side": "buy",
    "price": 65262.910500000005,
    "quantity": 0.060000000000000005,
    "remaining_quantity": 0.060000000000000005
  },
  {
    "event_id": "3b8094e2b8c5744d3a7772568dfce332c3b6450d4d28f8230a9da9573c3f281d",
    "schema_version": "1.0.0",
    "event_type": "agent_order",
    "source": "synthetic_agent",
    "symbol": "BTCUSDT",
    "exchange": "binance_usdm",
    "timestamp": "2024-05-01T00:00:01.820000Z",
    "sequence": 26,
    "scenario_id": "scenario-214-runaway_inventory",
    "agent_id": "agent-runaway_inventory",
    "order_id": "scenario-214-runaway_inventory-agent-runaway_inventory-26",
    "action": "new",
    "side": "buy",
    "price": 65264.86692,
    "quantity": 0.062000000000000006,
    "remaining_quantity": 0.062000000000000006
  },
  {
    "event_id": "870fd4e196334174308dbe5d621770abb90a0c1e1d98906afb2bee0c73f61524",
    "schema_version": "1.0.0",
    "event_type": "agent_order",
    "source": "synthetic_agent",
    "symbol": "BTCUSDT",
    "exchange": "binance_usdm",
    "timestamp": "2024-05-01T00:00:01.890000Z",
    "sequence": 27,
    "scenario_id": "scenario-214-runaway_inventory",
    "agent_id": "agent-runaway_inventory",
    "order_id": "scenario-214-runaway_inventory-agent-runaway_inventory-27",
    "action": "new",
    "side": "buy",
    "price": 65266.823339999995,
    "quantity": 0.064,
    "remaining_quantity": 0.064
  },
  {
    "event_id": "69107f165f76e65879893475a050e90da052b67b788a16ed0d865a13b37fb12e",
    "schema_version": "1.0.0",
    "event_type": "agent_order",
    "source": "synthetic_agent",
    "symbol": "BTCUSDT",
    "exchange": "binance_usdm",
    "timestamp": "2024-05-01T00:00:01.960000Z",
    "sequence": 28,
    "scenario_id": "scenario-214-runaway_inventory",
    "agent_id": "agent-runaway_inventory",
    "order_id": "scenario-214-runaway_inventory-agent-runaway_inventory-28",
    "action": "new",
    "side": "buy",
    "price": 65268.77976,
    "quantity": 0.066,
    "remaining_quantity": 0.066
  },
  {
    "event_id": "7a0e7e567c5d5c2ebeec9598b88f8d1c87ed44080dae123fb2b15d94105baf9e",
    "schema_version": "1.0.0",
    "event_type": "agent_order",
    "source": "synthetic_agent",
    "symbol": "BTCUSDT",
    "exchange": "binance_usdm",
    "timestamp": "2024-05-01T00:00:02.030000Z",
    "sequence": 29,
    "scenario_id": "scenario-214-runaway_inventory",
    "agent_id": "agent-runaway_inventory",
    "order_id": "scenario-214-runaway_inventory-agent-runaway_inventory-29",
    "action": "new",
    "side": "buy",
    "price": 65270.73617999999,
    "quantity": 0.068,
    "remaining_quantity": 0.068
  }
]