[
  {
    "event_id": "a3456bf2be5b5f792becd7b1ea61c6c7bb20cb8814b9c159b06134af8b155fdf",
    "schema_version": "1.0.0",
    "event_type": "agent_order",
    "source": "synthetic_agent",
    "symbol": "BTCUSDT",
    "exchange": "binance_usdm",
    "timestamp": "2024-05-01T00:00:00Z",
    "sequence": 0,
    "scenario_id": "scenario-085-twap_execution",
    "agent_id": "agent-twap_execution",
    "order_id": "scenario-085-twap_execution-agent-twap_execution-0",
    "action": "new",
    "side": "buy",
    "price": 65052.457500000004,
    "quantity": 0.005,
    "remaining_quantity": 0.005
  },
  {
    "event_id": "d50b6987d408801f60c0befeefb2d6752eafdf751a8d1ac34e81c80b063ba74f",
    "schema_version": "1.0.0",
    "event_type": "agent_order",
    "source": "synthetic_agent",
    "symbol": "BTCUSDT",
    "exchange": "binance_usdm",
    "timestamp": "2024-05-01T00:00:01Z",
    "sequence": 1,
    "scenario_id": "scenario-085-twap_execution",
    "agent_id": "agent-twap_execution",
    "order_id": "scenario-085-twap_execution-agent-twap_execution-1",
    "action": "new",
    "side": "buy",
    "price": 65052.457500000004,
    "quantity": 0.005,
    "remaining_quantity": 0.005
  },
  {
    "event_id": "6d6a3c2e3188c3c9f78797d176a4839b6f8aa08f8eafe32d3a514ba96e3f020e",
    "schema_version": "1.0.0",
    "event_type": "agent_order",
    "source": "synthetic_agent",
    "symbol": "BTCUSDT",
    "exchange": "binance_usdm",
    "timestamp": "2024-05-01T00:00:02Z",
    "sequence": 2,
    "scenario_id": "scenario-085-twap_execution",
    "agent_id": "agent-twap_execution",
    "order_id": "scenario-085-twap_execution-agent-twap_execution-2",
    "action": "new",
    "side": "buy",
    "price": 65052.457500000004,
    "quantity": 0.005,
    "remaining_quantity": 0.005
  },
  {
    "event_id": "bf88593562de9fcfe9869290f81e2298aee88023d7cd332bf8c2854911edf492",
    "schema_version": "1.0.0",
    "event_type": "agent_order",
    "source": "synthetic_agent",
    "symbol": "BTCUSDT",
    "exchange": "binance_usdm",
    "timestamp": "2024-05-01T00:00:03Z",
    "sequence": 3,
    "scenario_id": "scenario-085-twap_execution",
    "agent_id": "agent-twap_execution",
    "order_id": "scenario-085-twap_execution-agent-twap_execution-3",
    "action": "new",
    "side": "buy",
    "price": 65052.457500000004,
    "quantity": 0.005,
    "remaining_quantity": 0.005
  },
  {
    "event_id": "c9c9e1f020ec76fe3b3fbf54c8bcacf7fcb65ca7563d1354256160be1bcf5bf3",
    "schema_version": "1.0.0",
    "event_type": "agent_order",
    "source": "synthetic_agent",
    "symbol": "BTCUSDT",
    "exchange": "binance_usdm",
    "timestamp": "2024-05-01T00:00:04Z",
    "sequence": 4,
    "scenario_id": "scenario-085-twap_execution",
    "agent_id": "agent-twap_execution",
    "order_id": "scenario-085-twap_execution-agent-twap_execution-4",
    "action": "new",
    "side": "buy",
    "price": 65052.457500000004,
    "quantity": 0.005,
    "remaining_quantity": 0.005
  },
  {
    "event_id": "6ecdc3e534646e4abf2702331afa5b009751118d294b267196631b550c6b57f1",
    "schema_version": "1.0.0",
    "event_type": "agent_order",
    "source": "synthetic_agent",
    "symbol": "BTCUSDT",
    "exchange": "binance_usdm",
    "timestamp": "2024-05-01T00:00:05Z",
    "sequence": 5,
    "scenario_id": "scenario-085-twap_execution",
    "agent_id": "agent-twap_execution",
    "order_id": "scenario-085-twap_execution-agent-twap_execution-5",
    "action": "new",
    "side": "buy",
    "price": 65052.457500000004,
    "quantity": 0.005,
    "remaining_quantity": 0.005
  },
  {
    "event_id": "bdaac0dcd4ee38c8fb3791f9eb30c9fd6daaa376a412b781b146b52f621cc54f",
    "schema_version": "1.0.0",
    "event_type": "agent_order",
    "source": "synthetic_agent",
    "symbol": "BTCUSDT",
    "exchange": "binance_usdm",
    "timestamp": "2024-05-01T00:00:06Z",
    "sequence": 6,
    "scenario_id": "scenario-085-twap_execution",
    "agent_id": "agent-twap_execution",
    "order_id": "scenario-085-twap_execution-agent-twap_execution-6",
    "action": "new",
    "side": "buy",
    "price": 65052.457500000004,
    "quantity": 0.005,
    "remaining_quantity": 0.005
  },
  {
    "event_id": "710956f5750d6ffbbfe7d724fe63c7d9257db368e1216441beaa6d0421bfb3ce",
    "schema_version": "1.0.0",
    "event_type": "agent_order",
    "source": "synthetic_agent",
    "symbol": "BTCUSDT",
    "exchange": "binance_usdm",
    "timestamp": "2024-05-01T00:00:07Z",
    "sequence": 7,
    "scenario_id": "scenario-085-twap_execution",
    "agent_id": "agent-twap_execution",
    "order_id": "scenario-085-twap_execution-agent-twap_execution-7",
    "action": "new",
    "side": "buy",
    "price": 65052.457500000004,
    "quantity": 0.005,
    "remaining_quantity": 0.005
  },
  {
    "event_id": "7d3abd2d0b986a2fa5451b4d97fcbbb301ede35cec463bb36adf76d9841c16ba",
    "schema_version": "1.0.0",
    "event_type": "agent_order",
    "source": "synthetic_agent",
    "symbol": "BTCUSDT",
    "exchange": "binance_usdm",
    "timestamp": "2024-05-01T00:00:08Z",
    "sequence": 8,
    "scenario_id": "scenario-085-twap_execution",
    "agent_id": "agent-twap_execution",
    "order_id": "scenario-085-twap_execution-agent-twap_execution-8",
    "action": "new",
    "side": "buy",
    "price": 65052.457500000004,
    "quantity": 0.005,
    "remaining_quantity": 0.005
  },
  {
    "event_id": "2045f41634556050af9746e8a26cb74c6357e33aa94bee9e4e308efb66f67fd1",
    "schema_version": "1.0.0",
    "event_type": "agent_order",
    "source": "synthetic_agent",
    "symbol": "BTCUSDT",
    "exchange": "binance_usdm",
    "timestamp": "2024-05-01T00:00:09Z",
    "sequence": 9,
    "scenario_id": "scenario-085-twap_execution",
    "agent_id": "agent-twap_execution",
    "order_id": "scenario-085-twap_execution-agent-twap_execution-9",
    "action": "new",
    "side": "buy",
    "price": 65052.457500000004,
    "quantity": 0.005,
    "remaining_quantity": 0.005
  },
  {
    "event_id": "51820526278aa85a687a40fb1f4dc49b7b51e53de710bdc39b70fe86c9906f1b",
    "schema_version": "1.0.0",
    "event_type": "agent_order",
    "source": "synthetic_agent",
    "symbol": "BTCUSDT",
    "exchange": "binance_usdm",
    "timestamp": "2024-05-01T00:00:10Z",
    "sequence": 10,
    "scenario_id": "scenario-085-twap_execution",
    "agent_id": "agent-twap_execution",
    "order_id": "scenario-085-twap_execution-agent-twap_execution-10",
    "action": "new",
    "side": "buy",
    "price": 65052.457500000004,
    "quantity": 0.005,
    "remaining_quantity": 0.005
  },
  {
    "event_id": "791253d6c74609810b41804922e5a8d5eb5a345fe7a61c51df5fe5d88c14adf9",
    "schema_version": "1.0.0",
    "event_type": "agent_order",
    "source": "synthetic_agent",
    "symbol": "BTCUSDT",
    "exchange": "binance_usdm",
    "timestamp": "2024-05-01T00:00:11Z",
    "sequence": 11,
    "scenario_id": "scenario-085-twap_execution",
    "agent_id": "agent-twap_execution",
    "order_id": "scenario-085-twap_execution-agent-twap_execution-11",
    "action": "new",
    "side": "buy",
    "price": 65052.457500000004,
    "quantity": 0.005,
    "remaining_quantity": 0.005
  },
  {
    "event_id": "d16bc82a8ccc172caf31e25a40d9cc03f2da2b83d2646ec76d0b6bf213345bd6",
    "schema_version": "1.0.0",
    "event_type": "agent_order",
    "source": "synthetic_agent",
    "symbol": "BTCUSDT",
    "exchange": "binance_usdm",
    "timestamp": "2024-05-01T00:00:12Z",
    "sequence": 12,
    "scenario_id": "scenario-085-twap_execution",
    "agent_id": "agent-twap_execution",
    "order_id": "scenario-085-twap_execution-agent-twap_execution-12",
    "action": "new",
    "side": "buy",
    "price": 65052.457500000004,
    "quantity": 0.005,
    "remaining_quantity": 0.005
  },
  {
    "event_id": "939b8762b4cb00395763f58fbb328f5ef311f8312fe19e54ecc345c654b8c085",
    "schema_version": "1.0.0",
    "event_type": "agent_order",
    "source": "synthetic_agent",
    "symbol": "BTCUSDT",
    "exchange": "binance_usdm",
    "timestamp": "2024-05-01T00:00:13Z",
    "sequence": 13,
    "scenario_id": "scenario-085-twap_execution",
    "agent_id": "agent-twap_execution",
    "order_id": "scenario-085-twap_execution-agent-twap_execution-13",
    "action": "new",
    "side": "buy",
    "price": 65052.457500000004,
    "quantity": 0.005,
    "remaining_quantity": 0.005
  },
  {
    "event_id": "2ae55c7c8deebb3451e91d4d803d07631f42a85ffe3e1229e9ae19503a2fc177",
    "schema_version": "1.0.0",
    "event_type": "agent_order",
    "source": "synthetic_agent",
    "symbol": "BTCUSDT",
    "exchange": "binance_usdm",
    "timestamp": "2024-05-01T00:00:14Z",
    "sequence": 14,
    "scenario_id": "scenario-085-twap_execution",
    "agent_id": "agent-twap_execution",
    "order_id": "scenario-085-twap_execution-agent-twap_execution-14",
    "action": "new",
    "side": "buy",
    "price": 65052.457500000004,
    "quantity": 0.005,
    "remaining_quantity": 0.005
  },
  {
    "event_id": "1c82a3c7ed7a0fce5df13496ef5270533bb23128d81a4320c50f6af7734be975",
    "schema_version": "1.0.0",
    "event_type": "agent_order",
    "source": "synthetic_agent",
    "symbol": "BTCUSDT",
    "exchange": "binance_usdm",
    "timestamp": "2024-05-01T00:00:15Z",
    "sequence": 15,
    "scenario_id": "scenario-085-twap_execution",
    "agent_id": "agent-twap_execution",
    "order_id": "scenario-085-twap_execution-agent-twap_execution-15",
    "action": "new",
    "side": "buy",
    "price": 65052.457500000004,
    "quantity": 0.005,
    "remaining_quantity": 0.005
  },
  {
    "event_id": "649bad1c0fd905cab474025dc1a7ca57fb02e7bf6e2f2021a77e5b1177bf94cb",
    "schema_version": "1.0.0",
    "event_type": "agent_order",
    "source": "synthetic_agent",
    "symbol": "BTCUSDT",
    "exchange": "binance_usdm",
    "timestamp": "2024-05-01T00:00:16Z",
    "sequence": 16,
    "scenario_id": "scenario-085-twap_execution",
    "agent_id": "agent-twap_execution",
    "order_id": "scenario-085-twap_execution-agent-twap_execution-16",
    "action": "new",
    "side": "buy",
    "price": 65052.457500000004,
    "quantity": 0.005,
    "remaining_quantity": 0.005
  },
  {
    "event_id": "b8c1f25f2f505b5efa786db5543d5b82a0605e6d10e2eae2f6b7fefd6e1edb31",
    "schema_version": "1.0.0",
    "event_type": "agent_order",
    "source": "synthetic_agent",
    "symbol": "BTCUSDT",
    "exchange": "binance_usdm",
    "timestamp": "2024-05-01T00:00:17Z",
    "sequence": 17,
    "scenario_id": "scenario-085-twap_execution",
    "agent_id": "agent-twap_execution",
    "order_id": "scenario-085-twap_execution-agent-twap_execution-17",
    "action": "new",
    "side": "buy",
    "price": 65052.457500000004,
    "quantity": 0.005,
    "remaining_quantity": 0.005
  },
  {
    "event_id": "6588be4fa2baddaa1d6f2a9435d8130c0fb0b77e75f068c4ab6fd31b5d5da2e5",
    "schema_version": "1.0.0",
    "event_type": "agent_order",
    "source": "synthetic_agent",
    "symbol": "BTCUSDT",
    "exchange": "binance_usdm",
    "timestamp": "2024-05-01T00:00:18Z",
    "sequence": 18,
    "scenario_id": "scenario-085-twap_execution",
    "agent_id": "agent-twap_execution",
    "order_id": "scenario-085-twap_execution-agent-twap_execution-18",
    "action": "new",
    "side": "buy",
    "price": 65052.457500000004,
    "quantity": 0.005,
    "remaining_quantity": 0.005
  },
  {
    "event_id": "9dfd7c5414961c8d96e608236cc5ab44f6f73b08c1d47d4bd5b0be20fc12981e",
    "schema_version": "1.0.0",
    "event_type": "agent_order",
    "source": "synthetic_agent",
    "symbol": "BTCUSDT",
    "exchange": "binance_usdm",
    "timestamp": "2024-05-01T00:00:19Z",
    "sequence": 19,
    "scenario_id": "scenario-085-twap_execution",
    "agent_id": "agent-twap_execution",
    "order_id": "scenario-085-twap_execution-agent-twap_execution-19",
    "action": "new",
    "side": "buy",
    "price": 65052.457500000004,
    "quantity": 0.005,
    "remaining_quantity": 0.005
  },
  {
    "event_id": "6b84b9d194c57ff152910d9afd979477a16c9106055762e1fcd173ef145d23c7",
    "schema_version": "1.0.0",
    "event_type": "agent_order",
    "source": "synthetic_agent",
    "symbol": "BTCUSDT",
    "exchange": "binance_usdm",
    "timestamp": "2024-05-01T00:00:20Z",
    "sequence": 20,
    "scenario_id": "scenario-085-twap_execution",
    "agent_id": "agent-twap_execution",
    "order_id": "scenario-085-twap_execution-agent-twap_execution-20",
    "action": "new",
    "side": "buy",
    "price": 65052.457500000004,
    "quantity": 0.005,
    "remaining_quantity": 0.005
  },
  {
    "event_id": "17c203a35e34ae957f72cf79880a4805b1da0ca286056ae96514e48558b246bd",
    "schema_version": "1.0.0",
    "event_type": "agent_order",
    "source": "synthetic_agent",
    "symbol": "BTCUSDT",
    "exchange": "binance_usdm",
    "timestamp": "2024-05-01T00:00:21Z",
    "sequence": 21,
    "scenario_id": "scenario-085-twap_execution",
    "agent_id": "agent-twap_execution",
    "order_id": "scenario-085-twap_execution-agent-twap_execution-21",
    "action": "new",
    "side": "buy",
    "price": 65052.457500000004,
    "quantity": 0.005,
    "remaining_quantity": 0.005
  },
  {
    "event_id": "14f20330187f20c53560535e49a394e4f255667265828e6862b2d81620033866",
    "schema_version": "1.0.0",
    "event_type": "agent_order",
    "source": "synthetic_agent",
    "symbol": "BTCUSDT",
    "exchange": "binance_usdm",
    "timestamp": "2024-05-01T00:00:22Z",
    "sequence": 22,
    "scenario_id": "scenario-085-twap_execution",
    "agent_id": "agent-twap_execution",
    "order_id": "scenario-085-twap_execution-agent-twap_execution-22",
    "action": "new",
    "side": "buy",
    "price": 65052.457500000004,
    "quantity": 0.005,
    "remaining_quantity": 0.005
  },
  {
    "event_id": "25ae9d7f078e83689513194b24fa2cc1b6833af9841fef25174780f0457536f5",
    "schema_version": "1.0.0",
    "event_type": "agent_order",
    "source": "synthetic_agent",
    "symbol": "BTCUSDT",
    "exchange": "binance_usdm",
    "timestamp": "2024-05-01T00:00:23Z",
    "sequence": 23,
    "scenario_id": "scenario-085-twap_execution",
    "agent_id": "agent-twap_execution",
    "order_id": "scenario-085-twap_execution-agent-twap_execution-23",
    "action": "new",
    "side": "buy",
    "price": 65052.457500000004,
    "quantity": 0.005,
    "remaining_quantity": 0.005
  },
  {
    "event_id": "1abd9cc8c519c479d8b432285f08052ff78d71143dfdae3e570a436ce7941879",
    "schema_version": "1.0.0",
    "event_type": "agent_order",
    "source": "synthetic_agent",
    "symbol": "BTCUSDT",
    "exchange": "binance_usdm",
    "timestamp": "2024-05-01T00:00:24Z",
    "sequence": 24,
    "scenario_id": "scenario-085-twap_execution",
    "agent_id": "agent-twap_execution",
    "order_id": "scenario-085-twap_execution-agent-twap_execution-24",
    "action": "new",
    "side": "buy",
    "price": 65052.457500000004,
    "quantity": 0.005,
    "remaining_quantity": 0.005
  },
  {
    "event_id": "147d5bc5891f8fa12dafc57caba199000d95521fc162e5145caec0a372641de6",
    "schema_version": "1.0.0",
    "event_type": "agent_order",
    "source": "synthetic_agent",
    "symbol": "BTCUSDT",
    "exchange": "binance_usdm",
    "timestamp": "2024-05-01T00:00:25Z",
    "sequence": 25,
    "scenario_id": "scenario-085-twap_execution",
    "agent_id": "agent-twap_execution",
    "order_id": "scenario-085-twap_execution-agent-twap_execution-25",
    "action": "new",
    "side": "buy",
    "price": 65052.457500000004,
    "quantity": 0.005,
    "remaining_quantity": 0.005
  },
  {
    "event_id": "e6c06f940c279853efb657bfa8f02101569d529765ef71acf0dd858c596d2157",
    "schema_version": "1.0.0",
    "event_type": "agent_order",
    "source": "synthetic_agent",
    "symbol": "BTCUSDT",
    "exchange": "binance_usdm",
    "timestamp": "2024-05-01T00:00:26Z",
    "sequence": 26,
    "scenario_id": "scenario-085-twap_execution",
    "agent_id": "agent-twap_execution",
    "order_id": "scenario-085-twap_execution-agent-twap_execution-26",
    "action": "new",
    "side": "buy",
    "price": 65052.457500000004,
    "quantity": 0.005,
    "remaining_quantity": 0.005
  },
  {
    "event_id": "1f3320387dfeb22688af8530673d5d96f36935cc9cb5f08b49a62e48ab7e0c66",
    "schema_version": "1.0.0",
    "event_type": "agent_order",
    "source": "synthetic_agent",
    "symbol": "BTCUSDT",
    "exchange": "binance_usdm",
    "timestamp": "2024-05-01T00:00:27Z",
    "sequence": 27,
    "scenario_id": "scenario-085-twap_execution",
    "agent_id": "agent-twap_execution",
    "order_id": "scenario-085-twap_execution-agent-twap_execution-27",
    "action": "new",
    "side": "buy",
    "price": 65052.457500000004,
    "quantity": 0.005,
    "remaining_quantity": 0.005
  },
  {
    "event_id": "80dff113fb59d41566ffddc0529c3300e68d6d54e1d41cd5689fa8ec8f691180",
    "schema_version": "1.0.0",
    "event_type": "agent_order",
    "source": "synthetic_agent",
    "symbol": "BTCUSDT",
    "exchange": "binance_usdm",
    "timestamp": "2024-05-01T00:00:28Z",
    "sequence": 28,
    "scenario_id": "scenario-085-twap_execution",
    "agent_id": "agent-twap_execution",
    "order_id": "scenario-085-twap_execution-agent-twap_execution-28",
    "action": "new",
    "side": "buy",
    "price": 65052.457500000004,
    "quantity": 0.005,
    "remaining_quantity": 0.005
  },
  {
    "event_id": "020a96c8e307c2de012515a4e8cdf8d102661b6ecf71af0f1a10c15cab27da4f",
    "schema_version": "1.0.0",
    "event_type": "agent_order",
    "source": "synthetic_agent",
    "symbol": "BTCUSDT",
    "exchange": "binance_usdm",
    "timestamp": "2024-05-01T00:00:29Z",
    "sequence": 29,
    "scenario_id": "scenario-085-twap_execution",
    "agent_id": "agent-twap_execution",
    "order_id": "scenario-085-twap_execution-agent-twap_execution-29",
    "action": "new",
    "side": "buy",
    "price": 65052.457500000004,
    "quantity": 0.005,
    "remaining_quantity": 0.005
  }
]