[
  {
    "event_id": "517a0a3ff4947f8809ae5616d71037fd407e456821ee70035af3591341117b74",
    "schema_version": "1.0.0",
    "event_type": "agent_order",
    "source": "synthetic_agent",
    "symbol": "BTCUSDT",
    "exchange": "binance_usdm",
    "timestamp": "2024-05-01T00:00:00Z",
    "sequence": 0,
    "scenario_id": "scenario-523-coordinated_burst",
    "agent_id": "agent-coordinated_burst-0",
    "order_id": "scenario-523-coordinated_burst-agent-coordinated_burst-0-0",
    "action": "new",
    "side": "buy",
    "price": 65536.10459999999,
    "quantity": 0.04,
    "remaining_quantity": 0.04
  },
  {
    "event_id": "b75d17cc8308ea1e4371dc2e42f1e9bd2603ce053adf59cb582c1a4788de8845",
    "schema_version": "1.0.0",
    "event_type": "agent_order",
    "source": "synthetic_agent",
    "symbol": "BTCUSDT",
    "exchange": "binance_usdm",
    "timestamp": "2024-05-01T00:00:00.012000Z",
    "sequence": 1,
    "scenario_id": "scenario-523-coordinated_burst",
    "agent_id": "agent-coordinated_burst-1",
    "order_id": "scenario-523-coordinated_burst-agent-coordinated_burst-1-1",
    "action": "new",
    "side": "sell",
    "price": 65509.8954,
    "quantity": 0.04,
    "remaining_quantity": 0.04
  },
  {
    "event_id": "2e0af4b3915479ea146aa7321486df232da5fa2d9914268f6636527bda0c64bb",
    "schema_version": "1.0.0",
    "event_type": "agent_order",
    "source": "synthetic_agent",
    "symbol": "BTCUSDT",
    "exchange": "binance_usdm",
    "timestamp": "2024-05-01T00:00:00.024000Z",
    "sequence": 2,
    "scenario_id": "scenario-523-coordinated_burst",
    "agent_id": "agent-coordinated_burst-2",
    "order_id": "scenario-523-coordinated_burst-agent-coordinated_burst-2-2",
    "action": "new",
    "side": "sell",
    "price": 65509.8954,
    "quantity": 0.04,
    "remaining_quantity": 0.04
  },
  {
    "event_id": "396e8610ccb9ecd9f06bbeb55173da17ead448de43f7927cac1eb8df2ba635fd",
    "schema_version": "1.0.0",
    "event_type": "agent_order",
    "source": "synthetic_agent",
    "symbol": "BTCUSDT",
    "exchange": "binance_usdm",
    "timestamp": "2024-05-01T00:00:00.036000Z",
    "sequence": 3,
    "scenario_id": "scenario-523-coordinated_burst",
    "agent_id": "agent-coordinated_burst-0",
    "order_id": "scenario-523-coordinated_burst-agent-coordinated_burst-0-3",
    "action": "new",
    "side": "buy",
    "price": 65536.10459999999,
    "quantity": 0.04,
    "remaining_quantity": 0.04
  },
  {
    "event_id": "c43619eddda1d2c07d5b75a38e53281cbe0de6f9c9e8c72c3b58b8aee186efca",
    "schema_version": "1.0.0",
    "event_type": "agent_order",
    "source": "synthetic_agent",
    "symbol": "BTCUSDT",
    "exchange": "binance_usdm",
    "timestamp": "2024-05-01T00:00:00.048000Z",
    "sequence": 4,
    "scenario_id": "scenario-523-coordinated_burst",
    "agent_id": "agent-coordinated_burst-1",
    "order_id": "scenario-523-coordinated_burst-agent-coordinated_burst-1-4",
    "action": "new",
    "side": "sell",
    "price": 65509.8954,
    "quantity": 0.04,
    "remaining_quantity": 0.04
  },
  {
    "event_id": "d2932aa9841cecc08cc4102bf2f8375b73992e2ac794218a54c2c024f85d57f4",
    "schema_version": "1.0.0",
    "event_type": "agent_order",
    "source": "synthetic_agent",
    "symbol": "BTCUSDT",
    "exchange": "binance_usdm",
    "timestamp": "2024-05-01T00:00:00.600000Z",
    "sequence": 5,
    "scenario_id": "scenario-523-coordinated_burst",
    "agent_id": "agent-coordinated_burst-2",
    "order_id": "scenario-523-coordinated_burst-agent-coordinated_burst-2-5",
    "action": "new",
    "side": "sell",
    "price": 65509.8954,
    "quantity": 0.04,
    "remaining_quantity": 0.04
  },
  {
    "event_id": "b1c3b9c4a87f471f8d1ef32c76f171ba9d11417472b8abda5c53b9935b58cfc4",
    "schema_version": "1.0.0",
    "event_type": "agent_order",
    "source": "synthetic_agent",
    "symbol": "BTCUSDT",
    "exchange": "binance_usdm",
    "timestamp": "2024-05-01T00:00:00.072000Z",
    "sequence": 6,
    "scenario_id": "scenario-523-coordinated_burst",
    "agent_id": "agent-coordinated_burst-0",
    "order_id": "scenario-523-coordinated_burst-agent-coordinated_burst-0-6",
    "action": "new",
    "side": "buy",
    "price": 65536.10459999999,
    "quantity": 0.04,
    "remaining_quantity": 0.04
  },
  {
    "event_id": "8c747fbe68e7a9e16d958ee398f94e2f2520c8ec5a18abf48720b6e93b42def4",
    "schema_version": "1.0.0",
    "event_type": "agent_order",
    "source": "synthetic_agent",
    "symbol": "BTCUSDT",
    "exchange": "binance_usdm",
    "timestamp": "2024-05-01T00:00:00.084000Z",
    "sequence": 7,
    "scenario_id": "scenario-523-coordinated_burst",
    "agent_id": "agent-coordinated_burst-1",
    "order_id": "scenario-523-coordinated_burst-agent-coordinated_burst-1-7",
    "action": "new",
    "side": "sell",
    "price": 65509.8954,
    "quantity": 0.04,
    "remaining_quantity": 0.04
  },
  {
    "event_id": "d2fba99a57d80dc5d665c8d0c2c5e8a3a30b0af48c408babb49e23d40a4a5eeb",
    "schema_version": "1.0.0",
    "event_type": "agent_order",
    "source": "synthetic_agent",
    "symbol": "BTCUSDT",
    "exchange": "binance_usdm",
    "timestamp": "2024-05-01T00:00:00.096000Z",
    "sequence": 8,
    "scenario_id": "scenario-523-coordinated_burst",
    "agent_id": "agent-coordinated_burst-2",
    "order_id": "scenario-523-coordinated_burst-agent-coordinated_burst-2-8",
    "action": "new",
    "side": "sell",
    "price": 65509.8954,
    "quantity": 0.04,
    "remaining_quantity": 0.04
  },
  {
    "event_id": "4a1018307636b65259db4b4a2fb321f4dffd7f6d830ea2f74ee17edd4aa355c7",
    "schema_version": "1.0.0",
    "event_type": "agent_order",
    "source": "synthetic_agent",
    "symbol": "BTCUSDT",
    "exchange": "binance_usdm",
    "timestamp": "2024-05-01T00:00:00.108000Z",
    "sequence": 9,
    "scenario_id": "scenario-523-coordinated_burst",
    "agent_id": "agent-coordinated_burst-0",
    "order_id": "scenario-523-coordinated_burst-agent-coordinated_burst-0-9",
    "action": "new",
    "side": "buy",
    "price": 65536.10459999999,
    "quantity": 0.04,
    "remaining_quantity": 0.04
  },
  {
    "event_id": "2fcc784337f5f4f012445c859f6503a989361d31855fa9bb19c8e311d5ae9552",
    "schema_version": "1.0.0",
    "event_type": "agent_order",
    "source": "synthetic_agent",
    "symbol": "BTCUSDT",
    "exchange": "binance_usdm",
    "timestamp": "2024-05-01T00:00:01.200000Z",
    "sequence": 10,
    "scenario_id": "scenario-523-coordinated_burst",
    "agent_id": "agent-coordinated_burst-1",
    "order_id": "scenario-523-coordinated_burst-agent-coordinated_burst-1-10",
    "action": "new",
    "side": "sell",
    "price": 65509.8954,
    "quantity": 0.04,
    "remaining_quantity": 0.04
  },
  {
    "event_id": "28ad62d82593c71d3c35cf76489954951bff2b2e3f84a70dcf07c4c968e0ed5c",
    "schema_version": "1.0.0",
    "event_type": "agent_order",
    "source": "synthetic_agent",
    "symbol": "BTCUSDT",
    "exchange": "binance_usdm",
    "timestamp": "2024-05-01T00:00:00.132000Z",
    "sequence": 11,
    "scenario_id": "scenario-523-coordinated_burst",
    "agent_id": "agent-coordinated_burst-2",
    "order_id": "scenario-523-coordinated_burst-agent-coordinated_burst-2-11",
    "action": "new",
    "side": "sell",
    "price": 65509.8954,
    "quantity": 0.04,
    "remaining_quantity": 0.04
  },
  {
    "event_id": "6123a1cec9459d3457070dda45b19f710b19f1bc9448bbb0b152e652fa791124",
    "schema_version": "1.0.0",
    "event_type": "agent_order",
    "source": "synthetic_agent",
    "symbol": "BTCUSDT",
    "exchange": "binance_usdm",
    "timestamp": "2024-05-01T00:00:00.144000Z",
    "sequence": 12,
    "scenario_id": "scenario-523-coordinated_burst",
    "agent_id": "agent-coordinated_burst-0",
    "order_id": "scenario-523-coordinated_burst-agent-coordinated_burst-0-12",
    "action": "new",
    "side": "buy",
    "price": 65536.10459999999,
    "quantity": 0.04,
    "remaining_quantity": 0.04
  },
  {
    "event_id": "f68df29dafc85b4bd897d248498327e7c156fd59a481cc9b0b47a34a3677b532",
    "schema_version": "1.0.0",
    "event_type": "agent_order",
    "source": "synthetic_agent",
    "symbol": "BTCUSDT",
    "exchange": "binance_usdm",
    "timestamp": "2024-05-01T00:00:00.156000Z",
    "sequence": 13,
    "scenario_id": "scenario-523-coordinated_burst",
    "agent_id": "agent-coordinated_burst-1",
    "order_id": "scenario-523-coordinated_burst-agent-coordinated_burst-1-13",
    "action": "new",
    "side": "sell",
    "price": 65509.8954,
    "quantity": 0.04,
    "remaining_quantity": 0.04
  },
  {
    "event_id": "e933ce3edf987ef820d743c0979488a19c12868b1ec8d2e237e03172f72f78bd",
    "schema_version": "1.0.0",
    "event_type": "agent_order",
    "source": "synthetic_agent",
    "symbol": "BTCUSDT",
    "exchange": "binance_usdm",
    "timestamp": "2024-05-01T00:00:00.168000Z",
    "sequence": 14,
    "scenario_id": "scenario-523-coordinated_burst",
    "agent_id": "agent-coordinated_burst-2",
    "order_id": "scenario-523-coordinated_burst-agent-coordinated_burst-2-14",
    "action": "new",
    "side": "sell",
    "price": 65509.8954,
    "quantity": 0.04,
    "remaining_quantity": 0.04
  },
  {
    "event_id": "923c911dec636e8c9c5c77db87d2e37db27690302b71ff2b52ff93db9296a54a",
    "schema_version": "1.0.0",
    "event_type": "agent_order",
    "source": "synthetic_agent",
    "symbol": "BTCUSDT",
    "exchange": "binance_usdm",
    "timestamp": "2024-05-01T00:00:01.800000Z",
    "sequence": 15,
    "scenario_id": "scenario-523-coordinated_burst",
    "agent_id": "agent-coordinated_burst-0",
    "order_id": "scenario-523-coordinated_burst-agent-coordinated_burst-0-15",
    "action": "new",
    "side": "buy",
    "price": 65536.10459999999,
    "quantity": 0.04,
    "remaining_quantity": 0.04
  },
  {
    "event_id": "acf5e94d55534e5b22de1a0e5238e496e1122971d00c2811f2c9115c9591289f",
    "schema_version": "1.0.0",
    "event_type": "agent_order",
    "source": "synthetic_agent",
    "symbol": "BTCUSDT",
    "exchange": "binance_usdm",
    "timestamp": "2024-05-01T00:00:00.192000Z",
    "sequence": 16,
    "scenario_id": "scenario-523-coordinated_burst",
    "agent_id": "agent-coordinated_burst-1",
    "order_id": "scenario-523-coordinated_burst-agent-coordinated_burst-1-16",
    "action": "new",
    "side": "sell",
    "price": 65509.8954,
    "quantity": 0.04,
    "remaining_quantity": 0.04
  },
  {
    "event_id": "3a9d3b3c3cb089686053bfd185889dc74908f38cf23d65ac2bf34c2fe624dc14",
    "schema_version": "1.0.0",
    "event_type": "agent_order",
    "source": "synthetic_agent",
    "symbol": "BTCUSDT",
    "exchange": "binance_usdm",
    "timestamp": "2024-05-01T00:00:00.204000Z",
    "sequence": 17,
    "scenario_id": "scenario-523-coordinated_burst",
    "agent_id": "agent-coordinated_burst-2",
    "order_id": "scenario-523-coordinated_burst-agent-coordinated_burst-2-17",
    "action": "new",
    "side": "sell",
    "price": 65509.8954,
    "quantity": 0.04,
    "remaining_quantity": 0.04
  },
  {
    "event_id": "55d197f5276b635737152296e34faee2f400a72a1b5082990730ca21b10a0071",
    "schema_version": "1.0.0",
    "event_type": "agent_order",
    "source": "synthetic_agent",
    "symbol": "BTCUSDT",
    "exchange": "binance_usdm",
    "timestamp": "2024-05-01T00:00:00.216000Z",
    "sequence": 18,
    "scenario_id": "scenario-523-coordinated_burst",
    "agent_id": "agent-coordinated_burst-0",
    "order_id": "scenario-523-coordinated_burst-agent-coordinated_burst-0-18",
    "action": "new",
    "side": "buy",
    "price": 65536.10459999999,
    "quantity": 0.04,
    "remaining_quantity": 0.04
  },
  {
    "event_id": "caa7708a85f9e120d58d4052ddd4ffb2ab22ea843c1c17ed72c481b38dce88f6",
    "schema_version": "1.0.0",
    "event_type": "agent_order",
    "source": "synthetic_agent",
    "symbol": "BTCUSDT",
    "exchange": "binance_usdm",
    "timestamp": "2024-05-01T00:00:00.228000Z",
    "sequence": 19,
    "scenario_id": "scenario-523-coordinated_burst",
    "agent_id": "agent-coordinated_burst-1",
    "order_id": "scenario-523-coordinated_burst-agent-coordinated_burst-1-19",
    "action": "new",
    "side": "sell",
    "price": 65509.8954,
    "quantity": 0.04,
    "remaining_quantity": 0.04
  },
  {
    "event_id": "743e2f0f6237937b66f2bb1d7552411f6142953defd4515715002badc8fa4dbe",
    "schema_version": "1.0.0",
    "event_type": "agent_order",
    "source": "synthetic_agent",
    "symbol": "BTCUSDT",
    "exchange": "binance_usdm",
    "timestamp": "2024-05-01T00:00:02.400000Z",
    "sequence": 20,
    "scenario_id": "scenario-523-coordinated_burst",
    "agent_id": "agent-coordinated_burst-2",
    "order_id": "scenario-523-coordinated_burst-agent-coordinated_burst-2-20",
    "action": "new",
    "side": "sell",
    "price": 65509.8954,
    "quantity": 0.04,
    "remaining_quantity": 0.04
  },
  {
    "event_id": "82a37b38f1859552d24f91b7b63414565726dfedf20e97eeb74eac9c854a1050",
    "schema_version": "1.0.0",
    "event_type": "agent_order",
    "source": "synthetic_agent",
    "symbol": "BTCUSDT",
    "exchange": "binance_usdm",
    "timestamp": "2024-05-01T00:00:00.252000Z",
    "sequence": 21,
    "scenario_id": "scenario-523-coordinated_burst",
    "agent_id": "agent-coordinated_burst-0",
    "order_id": "scenario-523-coordinated_burst-agent-coordinated_burst-0-21",
    "action": "new",
    "side": "buy",
    "price": 65536.10459999999,
    "quantity": 0.04,
    "remaining_quantity": 0.04
  },
  {
    "event_id": "67cdc134d79231f3e23aa76a434a7794c4b334af00584ab8a8ef9b2be3eb4763",
    "schema_version": "1.0.0",
    "event_type": "agent_order",
    "source": "synthetic_agent",
    "symbol": "BTCUSDT",
    "exchange": "binance_usdm",
    "timestamp": "2024-05-01T00:00:00.264000Z",
    "sequence": 22,
    "scenario_id": "scenario-523-coordinated_burst",
    "agent_id": "agent-coordinated_burst-1",
    "order_id": "scenario-523-coordinated_burst-agent-coordinated_burst-1-22",
    "action": "new",
    "side": "sell",
    "price": 65509.8954,
    "quantity": 0.04,
    "remaining_quantity": 0.04
  },
  {
    "event_id": "7097da0b544621df2bd5cea2558a760cb900cd2194c59b088cd3564b62c0021c",
    "schema_version": "1.0.0",
    "event_type": "agent_order",
    "source": "synthetic_agent",
    "symbol": "BTCUSDT",
    "exchange": "binance_usdm",
    "timestamp": "2024-05-01T00:00:00.276000Z",
    "sequence": 23,
    "scenario_id": "scenario-523-coordinated_burst",
    "agent_id": "agent-coordinated_burst-2",
    "order_id": "scenario-523-coordinated_burst-agent-coordinated_burst-2-23",
    "action": "new",
    "side": "sell",
    "price": 65509.8954,
    "quantity": 0.04,
    "remaining_quantity": 0.04
  },
  {
    "event_id": "bf5c763fc29084f4c710d70ee8c25e63babec9ec6d664402445bd8bece06bba1",
    "schema_version": "1.0.0",
    "event_type": "agent_order",
    "source": "synthetic_agent",
    "symbol": "BTCUSDT",
    "exchange": "binance_usdm",
    "timestamp": "2024-05-01T00:00:00.288000Z",
    "sequence": 24,
    "scenario_id": "scenario-523-coordinated_burst",
    "agent_id": "agent-coordinated_burst-0",
    "order_id": "scenario-523-coordinated_burst-agent-coordinated_burst-0-24",
    "action": "new",
    "side": "buy",
    "price": 65536.10459999999,
    "quantity": 0.04,
    "remaining_quantity": 0.04
  },
  {
    "event_id": "b29ecb4449275e36664727301c8c78dfc791fbc7c7662a71c9b3a56b282f5865",
    "schema_version": "1.0.0",
    "event_type": "agent_order",
    "source": "synthetic_agent",
    "symbol": "BTCUSDT",
    "exchange": "binance_usdm",
    "timestamp": "2024-05-01T00:00:03Z",
    "sequence": 25,
    "scenario_id": "scenario-523-coordinated_burst",
    "agent_id": "agent-coordinated_burst-1",
    "order_id": "scenario-523-coordinated_burst-agent-coordinated_burst-1-25",
    "action": "new",
    "side": "sell",
    "price": 65509.8954,
    "quantity": 0.04,
    "remaining_quantity": 0.04
  },
  {
    "event_id": "b408eefcab13aa36fe70e2a88faa036ec6ae20787b0124855833fbd2fc1cfeea",
    "schema_version": "1.0.0",
    "event_type": "agent_order",
    "source": "synthetic_agent",
    "symbol": "BTCUSDT",
    "exchange": "binance_usdm",
    "timestamp": "2024-05-01T00:00:00.312000Z",
    "sequence": 26,
    "scenario_id": "scenario-523-coordinated_burst",
    "agent_id": "agent-coordinated_burst-2",
    "order_id": "scenario-523-coordinated_burst-agent-coordinated_burst-2-26",
    "action": "new",
    "side": "sell",
    "price": 65509.8954,
    "quantity": 0.04,
    "remaining_quantity": 0.04
  },
  {
    "event_id": "eb49c5aa4d75c6cccf0c7d51314d3200abe38a7922362dc1c1a18eb4bb43128f",
    "schema_version": "1.0.0",
    "event_type": "agent_order",
    "source": "synthetic_agent",
    "symbol": "BTCUSDT",
    "exchange": "binance_usdm",
    "timestamp": "2024-05-01T00:00:00.324000Z",
    "sequence": 27,
    "scenario_id": "scenario-523-coordinated_burst",
    "agent_id": "agent-coordinated_burst-0",
    "order_id": "scenario-523-coordinated_burst-agent-coordinated_burst-0-27",
    "action": "new",
    "side": "buy",
    "price": 65536.10459999999,
    "quantity": 0.04,
    "remaining_quantity": 0.04
  },
  {
    "event_id": "592e3eea0c15454cb404341147f7268f49e780c7cfc9c605f272d162631b96cc",
    "schema_version": "1.0.0",
    "event_type": "agent_order",
    "source": "synthetic_agent",
    "symbol": "BTCUSDT",
    "exchange": "binance_usdm",
    "timestamp": "2024-05-01T00:00:00.336000Z",
    "sequence": 28,
    "scenario_id": "scenario-523-coordinated_burst",
    "agent_id": "agent-coordinated_burst-1",
    "order_id": "scenario-523-coordinated_burst-agent-coordinated_burst-1-28",
    "action": "new",
    "side": "sell",
    "price": 65509.8954,
    "quantity": 0.04,
    "remaining_quantity": 0.04
  },
  {
    "event_id": "c79daed83069a0aba21a8db2d9364b3305ec794ecbee1b84a998037f5aedc0c1",
    "schema_version": "1.0.0",
    "event_type": "agent_order",
    "source": "synthetic_agent",
    "symbol": "BTCUSDT",
    "exchange": "binance_usdm",
    "timestamp": "2024-05-01T00:00:00.348000Z",
    "sequence": 29,
    "scenario_id": "scenario-523-coordinated_burst",
    "agent_id": "agent-coordinated_burst-2",
    "order_id": "scenario-523-coordinated_burst-agent-coordinated_burst-2-29",
    "action": "new",
    "side": "sell",
    "price": 65509.8954,
    "quantity": 0.04,
    "remaining_quantity": 0.04
  }
]