[
  {
    "event_id": "2f361f7643567b8fe6988553ad96b3412c9749127e7ad861a413e89a92e5fb92",
    "schema_version": "1.0.0",
    "event_type": "agent_order",
    "source": "synthetic_agent",
    "symbol": "BTCUSDT",
    "exchange": "binance_usdm",
    "timestamp": "2024-05-01T00:00:00Z",
    "sequence": 0,
    "scenario_id": "scenario-353-momentum_ignition",
    "agent_id": "agent-momentum_ignition",
    "order_id": "scenario-353-momentum_ignition-agent-momentum_ignition-0",
    "action": "new",
    "side": "buy",
    "price": 65418.352999999996,
    "quantity": 0.08,
    "remaining_quantity": 0.08
  },
  {
    "event_id": "daa45d4ed2b2823687b92f42cac0c4d8c8c760f67ed3ac3e272193fccd8e23a5",
    "schema_version": "1.0.0",
    "event_type": "agent_order",
    "source": "synthetic_agent",
    "symbol": "BTCUSDT",
    "exchange": "binance_usdm",
    "timestamp": "2024-05-01T00:00:00.080000Z",
    "sequence": 1,
    "scenario_id": "scenario-353-momentum_ignition",
    "agent_id": "agent-momentum_ignition",
    "order_id": "scenario-353-momentum_ignition-agent-momentum_ignition-1",
    "action": "new",
    "side": "buy",
    "price": 65419.66005999999,
    "quantity": 0.08,
    "remaining_quantity": 0.08
  },
  {
    "event_id": "2e583dfba7a287af14ac0f751a974bfaefca2b38382b8ca2c57a3567ff94a021",
    "schema_version": "1.0.0",
    "event_type": "agent_order",
    "source": "synthetic_agent",
    "symbol": "BTCUSDT",
    "exchange": "binance_usdm",
    "timestamp": "2024-05-01T00:00:00.160000Z",
    "sequence": 2,
    "scenario_id": "scenario-353-momentum_ignition",
    "agent_id": "agent-momentum_ignition",
    "order_id": "scenario-353-momentum_ignition-agent-momentum_ignition-2",
    "action": "new",
    "side": "buy",
    "price": 65420.967119999994,
    "quantity": 0.08,
    "remaining_quantity": 0.08
  },
  {
    "event_id": "726d9767e2385ac91744b8ec79ff65b8f1e8d6cf480149a424eb5c2b0f620c5f",
    "schema_version": "1.0.0",
    "event_type": "agent_order",
    "source": "synthetic_agent",
    "symbol": "BTCUSDT",
    "exchange": "binance_usdm",
    "timestamp": "2024-05-01T00:00:00.240000Z",
    "sequence": 3,
    "scenario_id": "scenario-353-momentum_ignition",
    "agent_id": "agent-momentum_ignition",
    "order_id": "scenario-353-momentum_ignition-agent-momentum_ignition-3",
    "action": "new",
    "side": "buy",
    "price": 65422.27417999999,
    "quantity": 0.08,
    "remaining_quantity": 0.08
  },
  {
    "event_id": "306be3cab9fea7771afe44e35d7af379f9d4e185edcca9a941369e0ab8ea0463",
    "schema_version": "1.0.0",
    "event_type": "agent_order",
    "source": "synthetic_agent",
    "symbol": "BTCUSDT",
    "exchange": "binance_usdm",
    "timestamp": "2024-05-01T00:00:00.320000Z",
    "sequence": 4,
    "scenario_id": "scenario-353-momentum_ignition",
    "agent_id": "agent-momentum_ignition",
    "order_id": "scenario-353-momentum_ignition-agent-momentum_ignition-4",
    "action": "new",
    "side": "buy",
    "price": 65423.58124,
    "quantity": 0.08,
    "remaining_quantity": 0.08
  },
  {
    "event_id": "c133644d6410178d92d0fa74208ae228a7112a347905fdd1cfb8168c5e6f6144",
    "schema_version": "1.0.0",
    "event_type": "agent_order",
    "source": "synthetic_agent",
    "symbol": "BTCUSDT",
    "exchange": "binance_usdm",
    "timestamp": "2024-05-01T00:00:00.400000Z",
    "sequence": 5,
    "scenario_id": "scenario-353-momentum_ignition",
    "agent_id": "agent-momentum_ignition",
    "order_id": "scenario-353-momentum_ignition-agent-momentum_ignition-5",
    "action": "new",
    "side": "buy",
    "price": 65424.88829999999,
    "quantity": 0.08,
    "remaining_quantity": 0.08
  },
  {
    "event_id": "e90458dc1f127e9c09dc6c32164b49a7c9d8b994d346a933b255f59d2e2674f6",
    "schema_version": "1.0.0",
    "event_type": "agent_order",
    "source": "synthetic_agent",
    "symbol": "BTCUSDT",
    "exchange": "binance_usdm",
    "timestamp": "2024-05-01T00:00:00.480000Z",
    "sequence": 6,
    "scenario_id": "scenario-353-momentum_ignition",
    "agent_id": "agent-momentum_ignition",
    "order_id": "scenario-353-momentum_ignition-agent-momentum_ignition-6",
    "action": "new",
    "side": "buy",
    "price": 65426.19535999998,
    "quantity": 0.08,
    "remaining_quantity": 0.08
  },
  {
    "event_id": "e2385f162b9702b2d4913dfd9f1ab932a6cfb70b1ea007b1baa22fc06a6837f0",
    "schema_version": "1.0.0",
    "event_type": "agent_order",
    "source": "synthetic_agent",
    "symbol": "BTCUSDT",
    "exchange": "binance_usdm",
    "timestamp": "2024-05-01T00:00:00.560000Z",
    "sequence": 7,
    "scenario_id": "scenario-353-momentum_ignition",
    "agent_id": "agent-momentum_ignition",
    "order_id": "scenario-353-momentum_ignition-agent-momentum_ignition-7",
    "action": "new",
    "side": "buy",
    "price": 65427.50242,
    "quantity": 0.08,
    "remaining_quantity": 0.08
  },
  {
    "event_id": "a3e424e833687b4eee8f79ce660f49377adb0901eacb7a63b96e79f873390c3a",
    "schema_version": "1.0.0",
    "event_type": "agent_order",
    "source": "synthetic_agent",
    "symbol": "BTCUSDT",
    "exchange": "binance_usdm",
    "timestamp": "2024-05-01T00:00:00.640000Z",
    "sequence": 8,
    "scenario_id": "scenario-353-momentum_ignition",
    "agent_id": "agent-momentum_ignition",
    "order_id": "scenario-353-momentum_ignition-agent-momentum_ignition-8",
    "action": "new",
    "side": "buy",
    "price": 65428.80947999999,
    "quantity": 0.08,
    "remaining_quantity": 0.08
  },
  {
    "event_id": "1403edbc8a6dcce02c4fd51959cbdc83ae0fb4d8bb56bb6f0364b60c38c00ff9",
    "schema_version": "1.0.0",
    "event_type": "agent_order",
    "source": "synthetic_agent",
    "symbol": "BTCUSDT",
    "exchange": "binance_usdm",
    "timestamp": "2024-05-01T00:00:00.720000Z",
    "sequence": 9,
    "scenario_id": "scenario-353-momentum_ignition",
    "agent_id": "agent-momentum_ignition",
    "order_id": "scenario-353-momentum_ignition-agent-momentum_ignition-9",
    "action": "new",
    "side": "buy",
    "price": 65430.116539999995,
    "quantity": 0.08,
    "remaining_quantity": 0.08
  },
  {
    "event_id": "ff978efea498bf2b01d72010536a43802774021977d2d5785e8a338c4670068d",
    "schema_version": "1.0.0",
    "event_type": "agent_order",
    "source": "synthetic_agent",
    "symbol": "BTCUSDT",
    "exchange": "binance_usdm",
    "timestamp": "2024-05-01T00:00:00.800000Z",
    "sequence": 10,
    "scenario_id": "scenario-353-momentum_ignition",
    "agent_id": "agent-momentum_ignition",
    "order_id": "scenario-353-momentum_ignition-agent-momentum_ignition-10",
    "action": "new",
    "side": "buy",
    "price": 65431.423599999995,
    "quantity": 0.08,
    "remaining_quantity": 0.08
  },
  {
    "event_id": "e90d7d46064c24d9f914bc192b9063897d4df529e3dc96e91a9d653656e5ebe2",
    "schema_version": "1.0.0",
    "event_type": "agent_order",
    "source": "synthetic_agent",
    "symbol": "BTCUSDT",
    "exchange": "binance_usdm",
    "timestamp": "2024-05-01T00:00:00.880000Z",
    "sequence": 11,
    "scenario_id": "scenario-353-momentum_ignition",
    "agent_id": "agent-momentum_ignition",
    "order_id": "scenario-353-momentum_ignition-agent-momentum_ignition-11",
    "action": "new",
    "side": "buy",
    "price": 65432.73066,
    "quantity": 0.08,
    "remaining_quantity": 0.08
  },
  {
    "event_id": "e22c4652534194607491ebe58e944263a5c270acd813ff6002de7e1f6a1d0ce8",
    "schema_version": "1.0.0",
    "event_type": "agent_order",
    "source": "synthetic_agent",
    "symbol": "BTCUSDT",
    "exchange": "binance_usdm",
    "timestamp": "2024-05-01T00:00:00.960000Z",
    "sequence": 12,
    "scenario_id": "scenario-353-momentum_ignition",
    "agent_id": "agent-momentum_ignition",
    "order_id": "scenario-353-momentum_ignition-agent-momentum_ignition-12",
    "action": "new",
    "side": "buy",
    "price": 65434.03771999999,
    "quantity": 0.08,
    "remaining_quantity": 0.08
  },
  {
    "event_id": "f7a6154a47b147195d25fad6091944d0cd036b57adebf86e9603cd8787fa1283",
    "schema_version": "1.0.0",
    "event_type": "agent_order",
    "source": "synthetic_agent",
    "symbol": "BTCUSDT",
    "exchange": "binance_usdm",
    "timestamp": "2024-05-01T00:00:01.040000Z",
    "sequence": 13,
    "scenario_id": "scenario-353-momentum_ignition",
    "agent_id": "agent-momentum_ignition",
    "order_id": "scenario-353-momentum_ignition-agent-momentum_ignition-13",
    "action": "new",
    "side": "buy",
    "price": 65435.344779999985,
    "quantity": 0.08,
    "remaining_quantity": 0.08
  },
  {
    "event_id": "dbefb2702b976470b5e05930da3c93ded6d42b128474d390192a3cefe6c0bae9",
    "schema_version": "1.0.0",
    "event_type": "agent_order",
    "source": "synthetic_agent",
    "symbol": "BTCUSDT",
    "exchange": "binance_usdm",
    "timestamp": "2024-05-01T00:00:01.120000Z",
    "sequence": 14,
    "scenario_id": "scenario-353-momentum_ignition",
    "agent_id": "agent-momentum_ignition",
    "order_id": "scenario-353-momentum_ignition-agent-momentum_ignition-14",
    "action": "new",
    "side": "buy",
    "price": 65436.65184,
    "quantity": 0.08,
    "remaining_quantity": 0.08
  },
  {
    "event_id": "236caca70703919f2901aa5075fd751a0da871ff1b1d16271a37d0fba8cb93b2",
    "schema_version": "1.0.0",
    "event_type": "agent_order",
    "source": "synthetic_agent",
    "symbol": "BTCUSDT",
    "exchange": "binance_usdm",
    "timestamp": "2024-05-01T00:00:01.200000Z",
    "sequence": 15,
    "scenario_id": "scenario-353-momentum_ignition",
    "agent_id": "agent-momentum_ignition",
    "order_id": "scenario-353-momentum_ignition-agent-momentum_ignition-15",
    "action": "new",
    "side": "buy",
    "price": 65437.95889999999,
    "quantity": 0.08,
    "remaining_quantity": 0.08
  },
  {
    "event_id": "22cb0750a4e097c7175372b670af95442e961317fd704b93449db86c3f7ba243",
    "schema_version": "1.0.0",
    "event_type": "agent_order",
    "source": "synthetic_agent",
    "symbol": "BTCUSDT",
    "exchange": "binance_usdm",
    "timestamp": "2024-05-01T00:00:01.280000Z",
    "sequence": 16,
    "scenario_id": "scenario-353-momentum_ignition",
    "agent_id": "agent-momentum_ignition",
    "order_id": "scenario-353-momentum_ignition-agent-momentum_ignition-16",
    "action": "new",
    "side": "buy",
    "price": 65439.26596,
    "quantity": 0.08,
    "remaining_quantity": 0.08
  },
  {
    "event_id": "6a9dded0ebfa02cc73dfa9adcc3aaddc9158e8c3a287831224beb0e38cf4736e",
    "schema_version": "1.0.0",
    "event_type": "agent_order",
    "source": "synthetic_agent",
    "symbol": "BTCUSDT",
    "exchange": "binance_usdm",
    "timestamp": "2024-05-01T00:00:01.360000Z",
    "sequence": 17,
    "scenario_id": "scenario-353-momentum_ignition",
    "agent_id": "agent-momentum_ignition",
    "order_id": "scenario-353-momentum_ignition-agent-momentum_ignition-17",
    "action": "new",
    "side": "buy",
    "price": 65440.573019999996,
    "quantity": 0.08,
    "remaining_quantity": 0.08
  },
  {
    "event_id": "2ab2d4fff159c0003e8f6a5d7c9f505afb89a6fe0c1235167f47e42a885247ff",
    "schema_version": "1.0.0",
    "event_type": "agent_order",
    "source": "synthetic_agent",
    "symbol": "BTCUSDT",
    "exchange": "binance_usdm",
    "timestamp": "2024-05-01T00:00:01.440000Z",
    "sequence": 18,
    "scenario_id": "scenario-353-momentum_ignition",
    "agent_id": "agent-momentum_ignition",
    "order_id": "scenario-353-momentum_ignition-agent-momentum_ignition-18",
    "action": "new",
    "side": "buy",
    "price": 65441.88007999999,
    "quantity": 0.08,
    "remaining_quantity": 0.08
  },
  {
    "event_id": "f805cef48317376d1a2a1fc4a304a51a59fd7ad59daf6f932a21c70a13504888",
    "schema_version": "1.0.0",
    "event_type": "agent_order",
    "source": "synthetic_agent",
    "symbol": "BTCUSDT",
    "exchange": "binance_usdm",
    "timestamp": "2024-05-01T00:00:01.520000Z",
    "sequence": 19,
    "scenario_id": "scenario-353-momentum_ignition",
    "agent_id": "agent-momentum_ignition",
    "order_id": "scenario-353-momentum_ignition-agent-momentum_ignition-19",
    "action": "new",
    "side": "buy",
    "price": 65443.187139999995,
    "quantity": 0.08,
    "remaining_quantity": 0.08
  },
  {
    "event_id": "9de7c2422d16667f548962a4c73f249c1362344eba8e934b9d16b8f012263f60",
    "schema_version": "1.0.0",
    "event_type": "agent_order",
    "source": "synthetic_agent",
    "symbol": "BTCUSDT",
    "exchange": "binance_usdm",
    "timestamp": "2024-05-01T00:00:01.600000Z",
    "sequence": 20,
    "scenario_id": "scenario-353-momentum_ignition",
    "agent_id": "agent-momentum_ignition",
    "order_id": "scenario-353-momentum_ignition-agent-momentum_ignition-20",
    "action": "new",
    "side": "buy",
    "price": 65444.49419999999,
    "quantity": 0.08,
    "remaining_quantity": 0.08
  },
  {
    "event_id": "a9b057c2ceb70ae82ee8ffa61f8ddd3c86b9223fc4023c0ce8040a242dcd763c",
    "schema_version": "1.0.0",
    "event_type": "agent_order",
    "source": "synthetic_agent",
    "symbol": "BTCUSDT",
    "exchange": "binance_usdm",
    "timestamp": "2024-05-01T00:00:01.680000Z",
    "sequence": 21,
    "scenario_id": "scenario-353-momentum_ignition",
    "agent_id": "agent-momentum_ignition",
    "order_id": "scenario-353-momentum_ignition-agent-momentum_ignition-21",
    "action": "new",
    "side": "buy",
    "price": 65445.80126,
    "quantity": 0.08,
    "remaining_quantity": 0.08
  },
  {
    "event_id": "8f05a19fdd71cc3be08de370f3ef91736c660960aa84b38149d094c963a8bbff",
    "schema_version": "1.0.0",
    "event_type": "agent_order",
    "source": "synthetic_agent",
    "symbol": "BTCUSDT",
    "exchange": "binance_usdm",
    "timestamp": "2024-05-01T00:00:01.760000Z",
    "sequence": 22,
    "scenario_id": "scenario-353-momentum_ignition",
    "agent_id": "agent-momentum_ignition",
    "order_id": "scenario-353-momentum_ignition-agent-momentum_ignition-22",
    "action": "new",
    "side": "buy",
    "price": 65447.10831999999,
    "quantity": 0.08,
    "remaining_quantity": 0.08
  },
  {
    "event_id": "5bda4e3acabfdb9b539e12756d8cdcac2e798409693793596abc78233aecc4b6",
    "schema_version": "1.0.0",
    "event_type": "agent_order",
    "source": "synthetic_agent",
    "symbol": "BTCUSDT",
    "exchange": "binance_usdm",
    "timestamp": "2024-05-01T00:00:01.840000Z",
    "sequence": 23,
    "scenario_id": "scenario-353-momentum_ignition",
    "agent_id": "agent-momentum_ignition",
    "order_id": "scenario-353-momentum_ignition-agent-momentum_ignition-23",
    "action": "new",
    "side": "buy",
    "price": 65448.415379999984,
    "quantity": 0.08,
    "remaining_quantity": 0.08
  },
  {
    "event_id": "fba6cb8ad49537a12b4037fd90eb9b278cecf09e4a19d42b4e015f402f8550df",
    "schema_version": "1.0.0",
    "event_type": "agent_order",
    "source": "synthetic_agent",
    "symbol": "BTCUSDT",
    "exchange": "binance_usdm",
    "timestamp": "2024-05-01T00:00:01.920000Z",
    "sequence": 24,
    "scenario_id": "scenario-353-momentum_ignition",
    "agent_id": "agent-momentum_ignition",
    "order_id": "scenario-353-momentum_ignition-agent-momentum_ignition-24",
    "action": "new",
    "side": "buy",
    "price": 65449.72244,
    "quantity": 0.08,
    "remaining_quantity": 0.08
  },
  {
    "event_id": "ead89444989f6fb4ed17f23f89810874e783010e7d508b4239fffc7f2d2a2bd1",
    "schema_version": "1.0.0",
    "event_type": "agent_order",
    "source": "synthetic_agent",
    "symbol": "BTCUSDT",
    "exchange": "binance_usdm",
    "timestamp": "2024-05-01T00:00:02Z",
    "sequence": 25,
    "scenario_id": "scenario-353-momentum_ignition",
    "agent_id": "agent-momentum_ignition",
    "order_id": "scenario-353-momentum_ignition-agent-momentum_ignition-25",
    "action": "new",
    "side": "buy",
    "price": 65451.02949999999,
    "quantity": 0.08,
    "remaining_quantity": 0.08
  },
  {
    "event_id": "f9f80af78cc501a2c2881eb1273e96e0378f4c426bbb879275b52ab2e74eee28",
    "schema_version": "1.0.0",
    "event_type": "agent_order",
    "source": "synthetic_agent",
    "symbol": "BTCUSDT",
    "exchange": "binance_usdm",
    "timestamp": "2024-05-01T00:00:02.080000Z",
    "sequence": 26,
    "scenario_id": "scenario-353-momentum_ignition",
    "agent_id": "agent-momentum_ignition",
    "order_id": "scenario-353-momentum_ignition-agent-momentum_ignition-26",
    "action": "new",
    "side": "buy",
    "price": 65452.336559999996,
    "quantity": 0.08,
    "remaining_quantity": 0.08
  },
  {
    "event_id": "f11fea55450b237e7b944eb4e536df87b5f445c2283dc2ef3e87a5e86967eb07",
    "schema_version": "1.0.0",
    "event_type": "agent_order",
    "source": "synthetic_agent",
    "symbol": "BTCUSDT",
    "exchange": "binance_usdm",
    "timestamp": "2024-05-01T00:00:02.160000Z",
    "sequence": 27,
    "scenario_id": "scenario-353-momentum_ignition",
    "agent_id": "agent-momentum_ignition",
    "order_id": "scenario-353-momentum_ignition-agent-momentum_ignition-27",
    "action": "new",
    "side": "buy",
    "price": 65453.643619999995,
    "quantity": 0.08,
    "remaining_quantity": 0.08
  },
  {
    "event_id": "16d2b76b8c725d4850dfc8c12614f6984bc4500fd2fd8be7e9371dd26fa756fd",
    "schema_version": "1.0.0",
    "event_type": "agent_order",
    "source": "synthetic_agent",
    "symbol": "BTCUSDT",
    "exchange": "binance_usdm",
    "timestamp": "2024-05-01T00:00:02.240000Z",
    "sequence": 28,
    "scenario_id": "scenario-353-momentum_ignition",
    "agent_id": "agent-momentum_ignition",
    "order_id": "scenario-353-momentum_ignition-agent-momentum_ignition-28",
    "action": "new",
    "side": "buy",
    "price": 65454.95067999999,
    "quantity": 0.08,
    "remaining_quantity": 0.08
  },
  {
    "event_id": "9650b9dc4962a47f2c5d407ab73ed842fcef6f08e4aeb21327aff71d231f2e2d",
    "schema_version": "1.0.0",
    "event_type": "agent_order",
    "source": "synthetic_agent",
    "symbol": "BTCUSDT",
    "exchange": "binance_usdm",
    "timestamp": "2024-05-01T00:00:02.320000Z",
    "sequence": 29,
    "scenario_id": "scenario-353-momentum_ignition",
    "agent_id": "agent-momentum_ignition",
    "order_id": "scenario-353-momentum_ignition-agent-momentum_ignition-29",
    "action": "new",
    "side": "buy",
    "price": 65456.257739999994,
    "quantity": 0.08,
    "remaining_quantity": 0.08
  }
]