[
  {
    "event_id": "c70b0e185c78356085a76ec972d094ca452be39d2d148365eb6b7440e1083508",
    "schema_version": "1.0.0",
    "event_type": "agent_order",
    "source": "synthetic_agent",
    "symbol": "BTCUSDT",
    "exchange": "binance_usdm",
    "timestamp": "2024-05-01T00:00:00Z",
    "sequence": 0,
    "scenario_id": "scenario-451-coordinated_burst",
    "agent_id": "agent-coordinated_burst-0",
    "order_id": "scenario-451-coordinated_burst-agent-coordinated_burst-0-0",
    "action": "new",
    "side": "buy",
    "price": 65464.0902,
    "quantity": 0.04,
    "remaining_quantity": 0.04
  },
  {
    "event_id": "e479366b4dd6eb97bf711cab6574b0299d0f37050b362e6f3daa9830a9c667f4",
    "schema_version": "1.0.0",
    "event_type": "agent_order",
    "source": "synthetic_agent",
    "symbol": "BTCUSDT",
    "exchange": "binance_usdm",
    "timestamp": "2024-05-01T00:00:00.012000Z",
    "sequence": 1,
    "scenario_id": "scenario-451-coordinated_burst",
    "agent_id": "agent-coordinated_burst-1",
    "order_id": "scenario-451-coordinated_burst-agent-coordinated_burst-1-1",
    "action": "new",
    "side": "sell",
    "price": 65437.9098,
    "quantity": 0.04,
    "remaining_quantity": 0.04
  },
  {
    "event_id": "8f2e0e3d438eb44c6dba65101f2aaae8a09f287d30282e02e5e83121fa9a1592",
    "schema_version": "1.0.0",
    "event_type": "agent_order",
    "source": "synthetic_agent",
    "symbol": "BTCUSDT",
    "exchange": "binance_usdm",
    "timestamp": "2024-05-01T00:00:00.024000Z",
    "sequence": 2,
    "scenario_id": "scenario-451-coordinated_burst",
    "agent_id": "agent-coordinated_burst-2",
    "order_id": "scenario-451-coordinated_burst-agent-coordinated_burst-2-2",
    "action": "new",
    "side": "sell",
    "price": 65437.9098,
    "quantity": 0.04,
    "remaining_quantity": 0.04
  },
  {
    "event_id": "6ab30e6daba3a75bd2b88ea1cdd3c8f4b7107b856d2a5fd75b1f5131c65ca01d",
    "schema_version": "1.0.0",
    "event_type": "agent_order",
    "source": "synthetic_agent",
    "symbol": "BTCUSDT",
    "exchange": "binance_usdm",
    "timestamp": "2024-05-01T00:00:00.036000Z",
    "sequence": 3,
    "scenario_id": "scenario-451-coordinated_burst",
    "agent_id": "agent-coordinated_burst-0",
    "order_id": "scenario-451-coordinated_burst-agent-coordinated_burst-0-3",
    "action": "new",
    "side": "buy",
    "price": 65464.0902,
    "quantity": 0.04,
    "remaining_quantity": 0.04
  },
  {
    "event_id": "77b036e2d059dab529dab1af4a0d822b4de7e2a179dd041aad1273cf4eb82964",
    "schema_version": "1.0.0",
    "event_type": "agent_order",
    "source": "synthetic_agent",
    "symbol": "BTCUSDT",
    "exchange": "binance_usdm",
    "timestamp": "2024-05-01T00:00:00.048000Z",
    "sequence": 4,
    "scenario_id": "scenario-451-coordinated_burst",
    "agent_id": "agent-coordinated_burst-1",
    "order_id": "scenario-451-coordinated_burst-agent-coordinated_burst-1-4",
    "action": "new",
    "side": "sell",
    "price": 65437.9098,
    "quantity": 0.04,
    "remaining_quantity": 0.04
  },
  {
    "event_id": "4d52f9b178386c6bfc11ab9e82a588b2c38e9c1cccdc01a73099f950822df4a0",
    "schema_version": "1.0.0",
    "event_type": "agent_order",
    "source": "synthetic_agent",
    "symbol": "BTCUSDT",
    "exchange": "binance_usdm",
    "timestamp": "2024-05-01T00:00:00.600000Z",
    "sequence": 5,
    "scenario_id": "scenario-451-coordinated_burst",
    "agent_id": "agent-coordinated_burst-2",
    "order_id": "scenario-451-coordinated_burst-agent-coordinated_burst-2-5",
    "action": "new",
    "side": "sell",
    "price": 65437.9098,
    "quantity": 0.04,
    "remaining_quantity": 0.04
  },
  {
    "event_id": "735bf2e5e6a7d0c9f7f6916c72e062a2f84f1df7d9e649ab507510dd24a043e0",
    "schema_version": "1.0.0",
    "event_type": "agent_order",
    "source": "synthetic_agent",
    "symbol": "BTCUSDT",
    "exchange": "binance_usdm",
    "timestamp": "2024-05-01T00:00:00.072000Z",
    "sequence": 6,
    "scenario_id": "scenario-451-coordinated_burst",
    "agent_id": "agent-coordinated_burst-0",
    "order_id": "scenario-451-coordinated_burst-agent-coordinated_burst-0-6",
    "action": "new",
    "side": "buy",
    "price": 65464.0902,
    "quantity": 0.04,
    "remaining_quantity": 0.04
  },
  {
    "event_id": "9e02331b99f591cf33604ebb647629769bb7f497ef99dd561de969b0c938d793",
    "schema_version": "1.0.0",
    "event_type": "agent_order",
    "source": "synthetic_agent",
    "symbol": "BTCUSDT",
    "exchange": "binance_usdm",
    "timestamp": "2024-05-01T00:00:00.084000Z",
    "sequence": 7,
    "scenario_id": "scenario-451-coordinated_burst",
    "agent_id": "agent-coordinated_burst-1",
    "order_id": "scenario-451-coordinated_burst-agent-coordinated_burst-1-7",
    "action": "new",
    "side": "sell",
    "price": 65437.9098,
    "quantity": 0.04,
    "remaining_quantity": 0.04
  },
  {
    "event_id": "0b04cd29d4cc5f6b38738d69aaabc353b4611f855ce1a048216080a641f0e3c3",
    "schema_version": "1.0.0",
    "event_type": "agent_order",
    "source": "synthetic_agent",
    "symbol": "BTCUSDT",
    "exchange": "binance_usdm",
    "timestamp": "2024-05-01T00:00:00.096000Z",
    "sequence": 8,
    "scenario_id": "scenario-451-coordinated_burst",
    "agent_id": "agent-coordinated_burst-2",
    "order_id": "scenario-451-coordinated_burst-agent-coordinated_burst-2-8",
    "action": "new",
    "side": "sell",
    "price": 65437.9098,
    "quantity": 0.04,
    "remaining_quantity": 0.04
  },
  {
    "event_id": "717de3491a679a4ec9759f0efb5d45fe3d46a9eb0e1fe89c4e0ea9794b5eb891",
    "schema_version": "1.0.0",
    "event_type": "agent_order",
    "source": "synthetic_agent",
    "symbol": "BTCUSDT",
    "exchange": "binance_usdm",
    "timestamp": "2024-05-01T00:00:00.108000Z",
    "sequence": 9,
    "scenario_id": "scenario-451-coordinated_burst",
    "agent_id": "agent-coordinated_burst-0",
    "order_id": "scenario-451-coordinated_burst-agent-coordinated_burst-0-9",
    "action": "new",
    "side": "buy",
    "price": 65464.0902,
    "quantity": 0.04,
    "remaining_quantity": 0.04
  },
  {
    "event_id": "34198482fa5b91fa56736e42aa9026c3725b21c054357fe43c5c68b4f3fd08da",
    "schema_version": "1.0.0",
    "event_type": "agent_order",
    "source": "synthetic_agent",
    "symbol": "BTCUSDT",
    "exchange": "binance_usdm",
    "timestamp": "2024-05-01T00:00:01.200000Z",
    "sequence": 10,
    "scenario_id": "scenario-451-coordinated_burst",
    "agent_id": "agent-coordinated_burst-1",
    "order_id": "scenario-451-coordinated_burst-agent-coordinated_burst-1-10",
    "action": "new",
    "side": "sell",
    "price": 65437.9098,
    "quantity": 0.04,
    "remaining_quantity": 0.04
  },
  {
    "event_id": "ce4edde0eef499eed615c62426858a0bf610b92f75ecab717e4e09f409065ce6",
    "schema_version": "1.0.0",
    "event_type": "agent_order",
    "source": "synthetic_agent",
    "symbol": "BTCUSDT",
    "exchange": "binance_usdm",
    "timestamp": "2024-05-01T00:00:00.132000Z",
    "sequence": 11,
    "scenario_id": "scenario-451-coordinated_burst",
    "agent_id": "agent-coordinated_burst-2",
    "order_id": "scenario-451-coordinated_burst-agent-coordinated_burst-2-11",
    "action": "new",
    "side": "sell",
    "price": 65437.9098,
    "quantity": 0.04,
    "remaining_quantity": 0.04
  },
  {
    "event_id": "d66af70856dbc7a93a08e9b38eb5667044283253f26f8cf4f63b86f89091da1e",
    "schema_version": "1.0.0",
    "event_type": "agent_order",
    "source": "synthetic_agent",
    "symbol": "BTCUSDT",
    "exchange": "binance_usdm",
    "timestamp": "2024-05-01T00:00:00.144000Z",
    "sequence": 12,
    "scenario_id": "scenario-451-coordinated_burst",
    "agent_id": "agent-coordinated_burst-0",
    "order_id": "scenario-451-coordinated_burst-agent-coordinated_burst-0-12",
    "action": "new",
    "side": "buy",
    "price": 65464.0902,
    "quantity": 0.04,
    "remaining_quantity": 0.04
  },
  {
    "event_id": "b9ba71d403b205a144f128d2edcc9d3059fe2f1211d1f10b885763e708f5fda0",
    "schema_version": "1.0.0",
    "event_type": "agent_order",
    "source": "synthetic_agent",
    "symbol": "BTCUSDT",
    "exchange": "binance_usdm",
    "timestamp": "2024-05-01T00:00:00.156000Z",
    "sequence": 13,
    "scenario_id": "scenario-451-coordinated_burst",
    "agent_id": "agent-coordinated_burst-1",
    "order_id": "scenario-451-coordinated_burst-agent-coordinated_burst-1-13",
    "action": "new",
    "side": "sell",
    "price": 65437.9098,
    "quantity": 0.04,
    "remaining_quantity": 0.04
  },
  {
    "event_id": "4d326f6ddf11033ddbcff0ece705ebd7c4613b25e74e2d53d128b866e717e316",
    "schema_version": "1.0.0",
    "event_type": "agent_order",
    "source": "synthetic_agent",
    "symbol": "BTCUSDT",
    "exchange": "binance_usdm",
    "timestamp": "2024-05-01T00:00:00.168000Z",
    "sequence": 14,
    "scenario_id": "scenario-451-coordinated_burst",
    "agent_id": "agent-coordinated_burst-2",
    "order_id": "scenario-451-coordinated_burst-agent-coordinated_burst-2-14",
    "action": "new",
    "side": "sell",
    "price": 65437.9098,
    "quantity": 0.04,
    "remaining_quantity": 0.04
  },
  {
    "event_id": "70dd2e12685bf5a30113e6bbbb5494891c34cc31008192ae51f8cb9b6547e05d",
    "schema_version": "1.0.0",
    "event_type": "agent_order",
    "source": "synthetic_agent",
    "symbol": "BTCUSDT",
    "exchange": "binance_usdm",
    "timestamp": "2024-05-01T00:00:01.800000Z",
    "sequence": 15,
    "scenario_id": "scenario-451-coordinated_burst",
    "agent_id": "agent-coordinated_burst-0",
    "order_id": "scenario-451-coordinated_burst-agent-coordinated_burst-0-15",
    "action": "new",
    "side": "buy",
    "price": 65464.0902,
    "quantity": 0.04,
    "remaining_quantity": 0.04
  },
  {
    "event_id": "573a9567f0ab0f1f1b57cc15b00cd7c039f4fd5a5f128ce9c8eda8276a8a26f2",
    "schema_version": "1.0.0",
    "event_type": "agent_order",
    "source": "synthetic_agent",
    "symbol": "BTCUSDT",
    "exchange": "binance_usdm",
    "timestamp": "2024-05-01T00:00:00.192000Z",
    "sequence": 16,
    "scenario_id": "scenario-451-coordinated_burst",
    "agent_id": "agent-coordinated_burst-1",
    "order_id": "scenario-451-coordinated_burst-agent-coordinated_burst-1-16",
    "action": "new",
    "side": "sell",
    "price": 65437.9098,
    "quantity": 0.04,
    "remaining_quantity": 0.04
  },
  {
    "event_id": "982eee0f2c32e5330f83f6220b10dffdc04eaa2904eb98d4c9af643c107b8fda",
    "schema_version": "1.0.0",
    "event_type": "agent_order",
    "source": "synthetic_agent",
    "symbol": "BTCUSDT",
    "exchange": "binance_usdm",
    "timestamp": "2024-05-01T00:00:00.204000Z",
    "sequence": 17,
    "scenario_id": "scenario-451-coordinated_burst",
    "agent_id": "agent-coordinated_burst-2",
    "order_id": "scenario-451-coordinated_burst-agent-coordinated_burst-2-17",
    "action": "new",
    "side": "sell",
    "price": 65437.9098,
    "quantity": 0.04,
    "remaining_quantity": 0.04
  },
  {
    "event_id": "5e6de6b278881805baa8dcda493667560b8b475bd7d349f576df969fc2f508f3",
    "schema_version": "1.0.0",
    "event_type": "agent_order",
    "source": "synthetic_agent",
    "symbol": "BTCUSDT",
    "exchange": "binance_usdm",
    "timestamp": "2024-05-01T00:00:00.216000Z",
    "sequence": 18,
    "scenario_id": "scenario-451-coordinated_burst",
    "agent_id": "agent-coordinated_burst-0",
    "order_id": "scenario-451-coordinated_burst-agent-coordinated_burst-0-18",
    "action": "new",
    "side": "buy",
    "price": 65464.0902,
    "quantity": 0.04,
    "remaining_quantity": 0.04
  },
  {
    "event_id": "0e191c292944b8e579c6254a5128f4c1fee59f76eb6fcb0b1f351e60a00bf5bc",
    "schema_version": "1.0.0",
    "event_type": "agent_order",
    "source": "synthetic_agent",
    "symbol": "BTCUSDT",
    "exchange": "binance_usdm",
    "timestamp": "2024-05-01T00:00:00.228000Z",
    "sequence": 19,
    "scenario_id": "scenario-451-coordinated_burst",
    "agent_id": "agent-coordinated_burst-1",
    "order_id": "scenario-451-coordinated_burst-agent-coordinated_burst-1-19",
    "action": "new",
    "side": "sell",
    "price": 65437.9098,
    "quantity": 0.04,
    "remaining_quantity": 0.04
  },
  {
    "event_id": "5bbcf611beda99b9de48b3ba353561a7837c66fd9159b3c534255212d873aa14",
    "schema_version": "1.0.0",
    "event_type": "agent_order",
    "source": "synthetic_agent",
    "symbol": "BTCUSDT",
    "exchange": "binance_usdm",
    "timestamp": "2024-05-01T00:00:02.400000Z",
    "sequence": 20,
    "scenario_id": "scenario-451-coordinated_burst",
    "agent_id": "agent-coordinated_burst-2",
    "order_id": "scenario-451-coordinated_burst-agent-coordinated_burst-2-20",
    "action": "new",
    "side": "sell",
    "price": 65437.9098,
    "quantity": 0.04,
    "remaining_quantity": 0.04
  },
  {
    "event_id": "4e675055c003c7e7ee52bf739514616ec78583f710ae03acb1a0b8912232df5e",
    "schema_version": "1.0.0",
    "event_type": "agent_order",
    "source": "synthetic_agent",
    "symbol": "BTCUSDT",
    "exchange": "binance_usdm",
    "timestamp": "2024-05-01T00:00:00.252000Z",
    "sequence": 21,
    "scenario_id": "scenario-451-coordinated_burst",
    "agent_id": "agent-coordinated_burst-0",
    "order_id": "scenario-451-coordinated_burst-agent-coordinated_burst-0-21",
    "action": "new",
    "side": "buy",
    "price": 65464.0902,
    "quantity": 0.04,
    "remaining_quantity": 0.04
  },
  {
    "event_id": "f0d9de71fed49c7409326fb8b2c156f84c6a89da17f20ed4661fd89e767cfe79",
    "schema_version": "1.0.0",
    "event_type": "agent_order",
    "source": "synthetic_agent",
    "symbol": "BTCUSDT",
    "exchange": "binance_usdm",
    "timestamp": "2024-05-01T00:00:00.264000Z",
    "sequence": 22,
    "scenario_id": "scenario-451-coordinated_burst",
    "agent_id": "agent-coordinated_burst-1",
    "order_id": "scenario-451-coordinated_burst-agent-coordinated_burst-1-22",
    "action": "new",
    "side": "sell",
    "price": 65437.9098,
    "quantity": 0.04,
    "remaining_quantity": 0.04
  },
  {
    "event_id": "45b97d68a663ff9f862fb6c5cb50d23b83399964c6024f41766c4596ac2f7d20",
    "schema_version": "1.0.0",
    "event_type": "agent_order",
    "source": "synthetic_agent",
    "symbol": "BTCUSDT",
    "exchange": "binance_usdm",
    "timestamp": "2024-05-01T00:00:00.276000Z",
    "sequence": 23,
    "scenario_id": "scenario-451-coordinated_burst",
    "agent_id": "agent-coordinated_burst-2",
    "order_id": "scenario-451-coordinated_burst-agent-coordinated_burst-2-23",
    "action": "new",
    "side": "sell",
    "price": 65437.9098,
    "quantity": 0.04,
    "remaining_quantity": 0.04
  },
  {
    "event_id": "abd7ec05f31a2c96006180b1c19f68a442802975de306da4b82dbf128164ea4b",
    "schema_version": "1.0.0",
    "event_type": "agent_order",
    "source": "synthetic_agent",
    "symbol": "BTCUSDT",
    "exchange": "binance_usdm",
    "timestamp": "2024-05-01T00:00:00.288000Z",
    "sequence": 24,
    "scenario_id": "scenario-451-coordinated_burst",
    "agent_id": "agent-coordinated_burst-0",
    "order_id": "scenario-451-coordinated_burst-agent-coordinated_burst-0-24",
    "action": "new",
    "side": "buy",
    "price": 65464.0902,
    "quantity": 0.04,
    "remaining_quantity": 0.04
  },
  {
    "event_id": "5a1c877802452575b8a58399c1a54348f76496a62a2406588088e53e3aaaafb4",
    "schema_version": "1.0.0",
    "event_type": "agent_order",
    "source": "synthetic_agent",
    "symbol": "BTCUSDT",
    "exchange": "binance_usdm",
    "timestamp": "2024-05-01T00:00:03Z",
    "sequence": 25,
    "scenario_id": "scenario-451-coordinated_burst",
    "agent_id": "agent-coordinated_burst-1",
    "order_id": "scenario-451-coordinated_burst-agent-coordinated_burst-1-25",
    "action": "new",
    "side": "sell",
    "price": 65437.9098,
    "quantity": 0.04,
    "remaining_quantity": 0.04
  },
  {
    "event_id": "65dc9091b5706fb193d81e9349c7ec77f4cdd1032b7b1fb761381ad062767687",
    "schema_version": "1.0.0",
    "event_type": "agent_order",
    "source": "synthetic_agent",
    "symbol": "BTCUSDT",
    "exchange": "binance_usdm",
    "timestamp": "2024-05-01T00:00:00.312000Z",
    "sequence": 26,
    "scenario_id": "scenario-451-coordinated_burst",
    "agent_id": "agent-coordinated_burst-2",
    "order_id": "scenario-451-coordinated_burst-agent-coordinated_burst-2-26",
    "action": "new",
    "side": "sell",
    "price": 65437.9098,
    "quantity": 0.04,
    "remaining_quantity": 0.04
  },
  {
    "event_id": "2913b9ca83e4153b9db2ae206f4393dd6c5be0e554d352db4b691848d5c7c452",
    "schema_version": "1.0.0",
    "event_type": "agent_order",
    "source": "synthetic_agent",
    "symbol": "BTCUSDT",
    "exchange": "binance_usdm",
    "timestamp": "2024-05-01T00:00:00.324000Z",
    "sequence": 27,
    "scenario_id": "scenario-451-coordinated_burst",
    "agent_id": "agent-coordinated_burst-0",
    "order_id": "scenario-451-coordinated_burst-agent-coordinated_burst-0-27",
    "action": "new",
    "side": "buy",
    "price": 65464.0902,
    "quantity": 0.04,
    "remaining_quantity": 0.04
  },
  {
    "event_id": "14340f94ca6cd8c7d670c881053bdd5e49dcc8005d2ebd2495189e217a45a7f4",
    "schema_version": "1.0.0",
    "event_type": "agent_order",
    "source": "synthetic_agent",
    "symbol": "BTCUSDT",
    "exchange": "binance_usdm",
    "timestamp": "2024-05-01T00:00:00.336000Z",
    "sequence": 28,
    "scenario_id": "scenario-451-coordinated_burst",
    "agent_id": "agent-coordinated_burst-1",
    "order_id": "scenario-451-coordinated_burst-agent-coordinated_burst-1-28",
    "action": "new",
    "side": "sell",
    "price": 65437.9098,
    "quantity": 0.04,
    "remaining_quantity": 0.04
  },
  {
    "event_id": "c3a21d3ef679bd2a54e2324c42fe0d611664343320e89361dbbe23b80b79b5a6",
    "schema_version": "1.0.0",
    "event_type": "agent_order",
    "source": "synthetic_agent",
    "symbol": "BTCUSDT",
    "exchange": "binance_usdm",
    "timestamp": "2024-05-01T00:00:00.348000Z",
    "sequence": 29,
    "scenario_id": "scenario-451-coordinated_burst",
    "agent_id": "agent-coordinated_burst-2",
    "order_id": "scenario-451-coordinated_burst-agent-coordinated_burst-2-29",
    "action": "new",
    "side": "sell",
    "price": 65437.9098,
    "quantity": 0.04,
    "remaining_quantity": 0.04
  }
]