[
  {
    "event_id": "32bbe026b47271b1239f1296f048ab013534de36d72b465f7aa5ad16470c2964",
    "schema_version": "1.0.0",
    "event_type": "agent_order",
    "source": "synthetic_agent",
    "symbol": "BTCUSDT",
    "exchange": "binance_usdm",
    "timestamp": "2024-05-01T00:00:00Z",
    "sequence": 0,
    "scenario_id": "scenario-304-quote_stuffing",
    "agent_id": "agent-quote_stuffing",
    "order_id": "scenario-304-quote_stuffing-agent-quote_stuffing-0",
    "action": "new",
    "side": "buy",
    "price": 65297.469600000004,
    "quantity": 0.001,
    "remaining_quantity": 0.001
  },
  {
    "event_id": "3c2a4c1cd27869a9316e6c13ba7c1e1078edc31f4d708e50ba652c0d56df8f5a",
    "schema_version": "1.0.0",
    "event_type": "agent_order",
    "source": "synthetic_agent",
    "symbol": "BTCUSDT",
    "exchange": "binance_usdm",
    "timestamp": "2024-05-01T00:00:00.005000Z",
    "sequence": 1,
    "scenario_id": "scenario-304-quote_stuffing",
    "agent_id": "agent-quote_stuffing",
    "order_id": "scenario-304-quote_stuffing-agent-quote_stuffing-1",
    "action": "new",
    "side": "sell",
    "price": 65310.530399999996,
    "quantity": 0.001,
    "remaining_quantity": 0.001
  },
  {
    "event_id": "fbfb5c96eec9336d63d9b77bb4743fc8e6812822542fef460926716228e361e8",
    "schema_version": "1.0.0",
    "event_type": "agent_order",
    "source": "synthetic_agent",
    "symbol": "BTCUSDT",
    "exchange": "binance_usdm",
    "timestamp": "2024-05-01T00:00:00.010000Z",
    "sequence": 2,
    "scenario_id": "scenario-304-quote_stuffing",
    "agent_id": "agent-quote_stuffing",
    "order_id": "scenario-304-quote_stuffing-agent-quote_stuffing-2",
    "action": "new",
    "side": "buy",
    "price": 65297.469600000004,
    "quantity": 0.001,
    "remaining_quantity": 0.001
  },
  {
    "event_id": "301570cedba2808ba2f7217c1df0ac24fb7c93050676bb28bc81cae02b71d43e",
    "schema_version": "1.0.0",
    "event_type": "agent_order",
    "source": "synthetic_agent",
    "symbol": "BTCUSDT",
    "exchange": "binance_usdm",
    "timestamp": "2024-05-01T00:00:00.015000Z",
    "sequence": 3,
    "scenario_id": "scenario-304-quote_stuffing",
    "agent_id": "agent-quote_stuffing",
    "order_id": "scenario-304-quote_stuffing-agent-quote_stuffing-3",
    "action": "new",
    "side": "sell",
    "price": 65310.530399999996,
    "quantity": 0.001,
    "remaining_quantity": 0.001
  },
  {
    "event_id": "c384fc48e5f6572cf57a17997de6b9dcd54e736ff78c01b7b9d8681b6ef8f595",
    "schema_version": "1.0.0",
    "event_type": "agent_order",
    "source": "synthetic_agent",
    "symbol": "BTCUSDT",
    "exchange": "binance_usdm",
    "timestamp": "2024-05-01T00:00:00.020000Z",
    "sequence": 4,
    "scenario_id": "scenario-304-quote_stuffing",
    "agent_id": "agent-quote_stuffing",
    "order_id": "scenario-304-quote_stuffing-agent-quote_stuffing-4",
    "action": "new",
    "side": "buy",
    "price": 65297.469600000004,
    "quantity": 0.001,
    "remaining_quantity": 0.001
  },
  {
    "event_id": "027ecd68ad7bb47c7dfaa307e3953923330421b4247aada89a115491d30f6c02",
    "schema_version": "1.0.0",
    "event_type": "agent_order",
    "source": "synthetic_agent",
    "symbol": "BTCUSDT",
    "exchange": "binance_usdm",
    "timestamp": "2024-05-01T00:00:00.025000Z",
    "sequence": 5,
    "scenario_id": "scenario-304-quote_stuffing",
    "agent_id": "agent-quote_stuffing",
    "order_id": "scenario-304-quote_stuffing-agent-quote_stuffing-5",
    "action": "new",
    "side": "sell",
    "price": 65310.530399999996,
    "quantity": 0.001,
    "remaining_quantity": 0.001
  },
  {
    "event_id": "307fab0ec7a0b716ef4431a05fc7a8f862d78d8a92b4b8d76f08d86ffe783f20",
    "schema_version": "1.0.0",
    "event_type": "agent_order",
    "source": "synthetic_agent",
    "symbol": "BTCUSDT",
    "exchange": "binance_usdm",
    "timestamp": "2024-05-01T00:00:00.030000Z",
    "sequence": 6,
    "scenario_id": "scenario-304-quote_stuffing",
    "agent_id": "agent-quote_stuffing",
    "order_id": "scenario-304-quote_stuffing-agent-quote_stuffing-6",
    "action": "new",
    "side": "buy",
    "price": 65297.469600000004,
    "quantity": 0.001,
    "remaining_quantity": 0.001
  },
  {
    "event_id": "e77c0f4f476aceb6bf03072419360e3d8fc8e64cf8c4ada7bf6cf918d926631a",
    "schema_version": "1.0.0",
    "event_type": "agent_order",
    "source": "synthetic_agent",
    "symbol": "BTCUSDT",
    "exchange": "binance_usdm",
    "timestamp": "2024-05-01T00:00:00.035000Z",
    "sequence": 7,
    "scenario_id": "scenario-304-quote_stuffing",
    "agent_id": "agent-quote_stuffing",
    "order_id": "scenario-304-quote_stuffing-agent-quote_stuffing-7",
    "action": "new",
    "side": "sell",
    "price": 65310.530399999996,
    "quantity": 0.001,
    "remaining_quantity": 0.001
  },
  {
    "event_id": "5ef6e5a826874576f0959d9a0d5e5d99ba72966a1c44ea72a42e33a433380f86",
    "schema_version": "1.0.0",
    "event_type": "agent_order",
    "source": "synthetic_agent",
    "symbol": "BTCUSDT",
    "exchange": "binance_usdm",
    "timestamp": "2024-05-01T00:00:00.040000Z",
    "sequence": 8,
    "scenario_id": "scenario-304-quote_stuffing",
    "agent_id": "agent-quote_stuffing",
    "order_id": "scenario-304-quote_stuffing-agent-quote_stuffing-8",
    "action": "new",
    "side": "buy",
    "price": 65297.469600000004,
    "quantity": 0.001,
    "remaining_quantity": 0.001
  },
  {
    "event_id": "683e92a3211f0c081d7d353f6e8614146f0595b6bef43773edc4acddaf1c94a2",
    "schema_version": "1.0.0",
    "event_type": "agent_order",
    "source": "synthetic_agent",
    "symbol": "BTCUSDT",
    "exchange": "binance_usdm",
    "timestamp": "2024-05-01T00:00:00.045000Z",
    "sequence": 9,
    "scenario_id": "scenario-304-quote_stuffing",
    "agent_id": "agent-quote_stuffing",
    "order_id": "scenario-304-quote_stuffing-agent-quote_stuffing-9",
    "action": "new",
    "side": "sell",
    "price": 65310.530399999996,
    "quantity": 0.001,
    "remaining_quantity": 0.001
  },
  {
    "event_id": "c211f5cdc9fbb7f6cbcbf04f5754e4570329616897a54f015b43bcb19a5a9454",
    "schema_version": "1.0.0",
    "event_type": "agent_order",
    "source": "synthetic_agent",
    "symbol": "BTCUSDT",
    "exchange": "binance_usdm",
    "timestamp": "2024-05-01T00:00:00.050000Z",
    "sequence": 10,
    "scenario_id": "scenario-304-quote_stuffing",
    "agent_id": "agent-quote_stuffing",
    "order_id": "scenario-304-quote_stuffing-agent-quote_stuffing-10",
    "action": "new",
    "side": "buy",
    "price": 65297.469600000004,
    "quantity": 0.001,
    "remaining_quantity": 0.001
  },
  {
    "event_id": "565a6c9b6edbaa7a80ac719d64791ee94c906192f52689cdc4bb79793db000fa",
    "schema_version": "1.0.0",
    "event_type": "agent_order",
    "source": "synthetic_agent",
    "symbol": "BTCUSDT",
    "exchange": "binance_usdm",
    "timestamp": "2024-05-01T00:00:00.055000Z",
    "sequence": 11,
    "scenario_id": "scenario-304-quote_stuffing",
    "agent_id": "agent-quote_stuffing",
    "order_id": "scenario-304-quote_stuffing-agent-quote_stuffing-11",
    "action": "new",
    "side": "sell",
    "price": 65310.530399999996,
    "quantity": 0.001,
    "remaining_quantity": 0.001
  },
  {
    "event_id": "e886dec548dabbdad610a5b0171bf90ea84db1324583bc1ce46034279eea89e5",
    "schema_version": "1.0.0",
    "event_type": "agent_order",
    "source": "synthetic_agent",
    "symbol": "BTCUSDT",
    "exchange": "binance_usdm",
    "timestamp": "2024-05-01T00:00:00.060000Z",
    "sequence": 12,
    "scenario_id": "scenario-304-quote_stuffing",
    "agent_id": "agent-quote_stuffing",
    "order_id": "scenario-304-quote_stuffing-agent-quote_stuffing-12",
    "action": "new",
    "side": "buy",
    "price": 65297.469600000004,
    "quantity": 0.001,
    "remaining_quantity": 0.001
  },
  {
    "event_id": "d58c4db5af788dca723311921354294cc9e455a2810ae4e17797fac390723a1f",
    "schema_version": "1.0.0",
    "event_type": "agent_order",
    "source": "synthetic_agent",
    "symbol": "BTCUSDT",
    "exchange": "binance_usdm",
    "timestamp": "2024-05-01T00:00:00.065000Z",
    "sequence": 13,
    "scenario_id": "scenario-304-quote_stuffing",
    "agent_id": "agent-quote_stuffing",
    "order_id": "scenario-304-quote_stuffing-agent-quote_stuffing-13",
    "action": "new",
    "side": "sell",
    "price": 65310.530399999996,
    "quantity": 0.001,
    "remaining_quantity": 0.001
  },
  {
    "event_id": "519569cba16c52a1f052dc735ee1b764a8b2d8e789ecddbb852cd01a2ee9661c",
    "schema_version": "1.0.0",
    "event_type": "agent_order",
    "source": "synthetic_agent",
    "symbol": "BTCUSDT",
    "exchange": "binance_usdm",
    "timestamp": "2024-05-01T00:00:00.070000Z",
    "sequence": 14,
    "scenario_id": "scenario-304-quote_stuffing",
    "agent_id": "agent-quote_stuffing",
    "order_id": "scenario-304-quote_stuffing-agent-quote_stuffing-14",
    "action": "new",
    "side": "buy",
    "price": 65297.469600000004,
    "quantity": 0.001,
    "remaining_quantity": 0.001
  },
  {
    "event_id": "1d248291ae57f5592c46bad93f71838b516063ea56b8d113ebd7e908a0143b50",
    "schema_version": "1.0.0",
    "event_type": "agent_order",
    "source": "synthetic_agent",
    "symbol": "BTCUSDT",
    "exchange": "binance_usdm",
    "timestamp": "2024-05-01T00:00:00.075000Z",
    "sequence": 15,
    "scenario_id": "scenario-304-quote_stuffing",
    "agent_id": "agent-quote_stuffing",
    "order_id": "scenario-304-quote_stuffing-agent-quote_stuffing-15",
    "action": "new",
    "side": "sell",
    "price": 65310.530399999996,
    "quantity": 0.001,
    "remaining_quantity": 0.001
  },
  {
    "event_id": "8cf8706864ce4608aadee1854105e967655b3b4d3460267b5176a121a69a1c10",
    "schema_version": "1.0.0",
    "event_type": "agent_order",
    "source": "synthetic_agent",
    "symbol": "BTCUSDT",
    "exchange": "binance_usdm",
    "timestamp": "2024-05-01T00:00:00.080000Z",
    "sequence": 16,
    "scenario_id": "scenario-304-quote_stuffing",
    "agent_id": "agent-quote_stuffing",
    "order_id": "scenario-304-quote_stuffing-agent-quote_stuffing-16",
    "action": "new",
    "side": "buy",
    "price": 65297.469600000004,
    "quantity": 0.001,
    "remaining_quantity": 0.001
  },
  {
    "event_id": "77e1bba386d98a7584944728a63ea3239aae943373412ddcf2371e6b9cc5126e",
    "schema_version": "1.0.0",
    "event_type": "agent_order",
    "source": "synthetic_agent",
    "symbol": "BTCUSDT",
    "exchange": "binance_usdm",
    "timestamp": "2024-05-01T00:00:00.085000Z",
    "sequence": 17,
    "scenario_id": "scenario-304-quote_stuffing",
    "agent_id": "agent-quote_stuffing",
    "order_id": "scenario-304-quote_stuffing-agent-quote_stuffing-17",
    "action": "new",
    "side": "sell",
    "price": 65310.530399999996,
    "quantity": 0.001,
    "remaining_quantity": 0.001
  },
  {
    "event_id": "0d2a8d5a2465bb1c9caa29e086f359047b4566ce7ff0c1d6022fad986e2c386c",
    "schema_version": "1.0.0",
    "event_type": "agent_order",
    "source": "synthetic_agent",
    "symbol": "BTCUSDT",
    "exchange": "binance_usdm",
    "timestamp": "2024-05-01T00:00:00.090000Z",
    "sequence": 18,
    "scenario_id": "scenario-304-quote_stuffing",
    "agent_id": "agent-quote_stuffing",
    "order_id": "scenario-304-quote_stuffing-agent-quote_stuffing-18",
    "action": "new",
    "side": "buy",
    "price": 65297.469600000004,
    "quantity": 0.001,
    "remaining_quantity": 0.001
  },
  {
    "event_id": "e9b1c5c2e67a476286d1fcae8986f719c166a91e96e78d97edcf000d0973593c",
    "schema_version": "1.0.0",
    "event_type": "agent_order",
    "source": "synthetic_agent",
    "symbol": "BTCUSDT",
    "exchange": "binance_usdm",
    "timestamp": "2024-05-01T00:00:00.095000Z",
    "sequence": 19,
    "scenario_id": "scenario-304-quote_stuffing",
    "agent_id": "agent-quote_stuffing",
    "order_id": "scenario-304-quote_stuffing-agent-quote_stuffing-19",
    "action": "new",
    "side": "sell",
    "price": 65310.530399999996,
    "quantity": 0.001,
    "remaining_quantity": 0.001
  },
  {
    "event_id": "9f98c3b78277b55ed5bb1cfc11daf4c641ce34e1ca3efd9d50cda9bf271fffd0",
    "schema_version": "1.0.0",
    "event_type": "agent_order",
    "source": "synthetic_agent",
    "symbol": "BTCUSDT",
    "exchange": "binance_usdm",
    "timestamp": "2024-05-01T00:00:00.100000Z",
    "sequence": 20,
    "scenario_id": "scenario-304-quote_stuffing",
    "agent_id": "agent-quote_stuffing",
    "order_id": "scenario-304-quote_stuffing-agent-quote_stuffing-20",
    "action": "new",
    "side": "buy",
    "price": 65297.469600000004,
    "quantity": 0.001,
    "remaining_quantity": 0.001
  },
  {
    "event_id": "6eb8674ce7da4aaf5e59c745f39e5bb66bea5246769794b55739d43062f38720",
    "schema_version": "1.0.0",
    "event_type": "agent_order",
    "source": "synthetic_agent",
    "symbol": "BTCUSDT",
    "exchange": "binance_usdm",
    "timestamp": "2024-05-01T00:00:00.105000Z",
    "sequence": 21,
    "scenario_id": "scenario-304-quote_stuffing",
    "agent_id": "agent-quote_stuffing",
    "order_id": "scenario-304-quote_stuffing-agent-quote_stuffing-21",
    "action": "new",
    "side": "sell",
    "price": 65310.530399999996,
    "quantity": 0.001,
    "remaining_quantity": 0.001
  },
  {
    "event_id": "3a5913bdb96be76ad09fcc784c88814e87b1e09c32e874ab08f48f51c84b1096",
    "schema_version": "1.0.0",
    "event_type": "agent_order",
    "source": "synthetic_agent",
    "symbol": "BTCUSDT",
    "exchange": "binance_usdm",
    "timestamp": "2024-05-01T00:00:00.110000Z",
    "sequence": 22,
    "scenario_id": "scenario-304-quote_stuffing",
    "agent_id": "agent-quote_stuffing",
    "order_id": "scenario-304-quote_stuffing-agent-quote_stuffing-22",
    "action": "new",
    "side": "buy",
    "price": 65297.469600000004,
    "quantity": 0.001,
    "remaining_quantity": 0.001
  },
  {
    "event_id": "e453781d594b6c8ca83134f137b2c6279b6f5fe1f869c4cd3489ac7b77d1c9b9",
    "schema_version": "1.0.0",
    "event_type": "agent_order",
    "source": "synthetic_agent",
    "symbol": "BTCUSDT",
    "exchange": "binance_usdm",
    "timestamp": "2024-05-01T00:00:00.115000Z",
    "sequence": 23,
    "scenario_id": "scenario-304-quote_stuffing",
    "agent_id": "agent-quote_stuffing",
    "order_id": "scenario-304-quote_stuffing-agent-quote_stuffing-23",
    "action": "new",
    "side": "sell",
    "price": 65310.530399999996,
    "quantity": 0.001,
    "remaining_quantity": 0.001
  },
  {
    "event_id": "88e5a6fa77f4298b6e09db08d20044b46ebdb8883850a4c0626a43c977b57f66",
    "schema_version": "1.0.0",
    "event_type": "agent_order",
    "source": "synthetic_agent",
    "symbol": "BTCUSDT",
    "exchange": "binance_usdm",
    "timestamp": "2024-05-01T00:00:00.120000Z",
    "sequence": 24,
    "scenario_id": "scenario-304-quote_stuffing",
    "agent_id": "agent-quote_stuffing",
    "order_id": "scenario-304-quote_stuffing-agent-quote_stuffing-24",
    "action": "new",
    "side": "buy",
    "price": 65297.469600000004,
    "quantity": 0.001,
    "remaining_quantity": 0.001
  },
  {
    "event_id": "2cf7c68da3aa6359c047fd1defe6dc9cff1dd22781699bb4c35853531a548850",
    "schema_version": "1.0.0",
    "event_type": "agent_order",
    "source": "synthetic_agent",
    "symbol": "BTCUSDT",
    "exchange": "binance_usdm",
    "timestamp": "2024-05-01T00:00:00.125000Z",
    "sequence": 25,
    "scenario_id": "scenario-304-quote_stuffing",
    "agent_id": "agent-quote_stuffing",
    "order_id": "scenario-304-quote_stuffing-agent-quote_stuffing-25",
    "action": "new",
    "side": "sell",
    "price": 65310.530399999996,
    "quantity": 0.001,
    "remaining_quantity": 0.001
  },
  {
    "event_id": "af0304ca7086ac761bd85a5c883aeb6353b71640d05d6a996e70b2bf13ed6b27",
    "schema_version": "1.0.0",
    "event_type": "agent_order",
    "source": "synthetic_agent",
    "symbol": "BTCUSDT",
    "exchange": "binance_usdm",
    "timestamp": "2024-05-01T00:00:00.130000Z",
    "sequence": 26,
    "scenario_id": "scenario-304-quote_stuffing",
    "agent_id": "agent-quote_stuffing",
    "order_id": "scenario-304-quote_stuffing-agent-quote_stuffing-26",
    "action": "new",
    "side": "buy",
    "price": 65297.469600000004,
    "quantity": 0.001,
    "remaining_quantity": 0.001
  },
  {
    "event_id": "6b186a89f75233227feb3c27415daa0ee78971f311465a21146335faf2354c59",
    "schema_version": "1.0.0",
    "event_type": "agent_order",
    "source": "synthetic_agent",
    "symbol": "BTCUSDT",
    "exchange": "binance_usdm",
    "timestamp": "2024-05-01T00:00:00.135000Z",
    "sequence": 27,
    "scenario_id": "scenario-304-quote_stuffing",
    "agent_id": "agent-quote_stuffing",
    "order_id": "scenario-304-quote_stuffing-agent-quote_stuffing-27",
    "action": "new",
    "side": "sell",
    "price": 65310.530399999996,
    "quantity": 0.001,
    "remaining_quantity": 0.001
  },
  {
    "event_id": "60e4a9f0a513593317bf97c994722c9851933fdb1f89e8ae78b654a7ded0b3bb",
    "schema_version": "1.0.0",
    "event_type": "agent_order",
    "source": "synthetic_agent",
    "symbol": "BTCUSDT",
    "exchange": "binance_usdm",
    "timestamp": "2024-05-01T00:00:00.140000Z",
    "sequence": 28,
    "scenario_id": "scenario-304-quote_stuffing",
    "agent_id": "agent-quote_stuffing",
    "order_id": "scenario-304-quote_stuffing-agent-quote_stuffing-28",
    "action": "new",
    "side": "buy",
    "price": 65297.469600000004,
    "quantity": 0.001,
    "remaining_quantity": 0.001
  },
  {
    "event_id": "127fe940a93bcd55ca97ef2465c2578b92d85b3e99c03c69f6f6780760af686c",
    "schema_version": "1.0.0",
    "event_type": "agent_order",
    "source": "synthetic_agent",
    "symbol": "BTCUSDT",
    "exchange": "binance_usdm",
    "timestamp": "2024-05-01T00:00:00.145000Z",
    "sequence": 29,
    "scenario_id": "scenario-304-quote_stuffing",
    "agent_id": "agent-quote_stuffing",
    "order_id": "scenario-304-quote_stuffing-agent-quote_stuffing-29",
    "action": "new",
    "side": "sell",
    "price": 65310.530399999996,
    "quantity": 0.001,
    "remaining_quantity": 0.001
  }
]