[
  {
    "event_id": "87dd09b657fc7f08714ea2ecae9a7b041e2f90c5faa713a6d1f4fb57aa33d7a1",
    "schema_version": "1.0.0",
    "event_type": "agent_order",
    "source": "synthetic_agent",
    "symbol": "BTCUSDT",
    "exchange": "binance_usdm",
    "timestamp": "2024-05-01T00:00:00Z",
    "sequence": 0,
    "scenario_id": "scenario-449-momentum_ignition",
    "agent_id": "agent-momentum_ignition",
    "order_id": "scenario-449-momentum_ignition-agent-momentum_ignition-0",
    "action": "new",
    "side": "buy",
    "price": 65514.44899999999,
    "quantity": 0.08,
    "remaining_quantity": 0.08
  },
  {
    "event_id": "39cd0d85993313ba282d0caeff53460f6988c3d82cfc3737663392cfc7811be5",
    "schema_version": "1.0.0",
    "event_type": "agent_order",
    "source": "synthetic_agent",
    "symbol": "BTCUSDT",
    "exchange": "binance_usdm",
    "timestamp": "2024-05-01T00:00:00.080000Z",
    "sequence": 1,
    "scenario_id": "scenario-449-momentum_ignition",
    "agent_id": "agent-momentum_ignition",
    "order_id": "scenario-449-momentum_ignition-agent-momentum_ignition-1",
    "action": "new",
    "side": "buy",
    "price": 65515.75797999999,
    "quantity": 0.08,
    "remaining_quantity": 0.08
  },
  {
    "event_id": "6e60295622291b9e418e574acf8b134e5a59428c054947bba4e4769e07e70da0",
    "schema_version": "1.0.0",
    "event_type": "agent_order",
    "source": "synthetic_agent",
    "symbol": "BTCUSDT",
    "exchange": "binance_usdm",
    "timestamp": "2024-05-01T00:00:00.160000Z",
    "sequence": 2,
    "scenario_id": "scenario-449-momentum_ignition",
    "agent_id": "agent-momentum_ignition",
    "order_id": "scenario-449-momentum_ignition-agent-momentum_ignition-2",
    "action": "new",
    "side": "buy",
    "price": 65517.06696,
    "quantity": 0.08,
    "remaining_quantity": 0.08
  },
  {
    "event_id": "3494d108a3e053010b4edc7a05f194a5b7d3240cb175a7f24a9e901bfff51013",
    "schema_version": "1.0.0",
    "event_type": "agent_order",
    "source": "synthetic_agent",
    "symbol": "BTCUSDT",
    "exchange": "binance_usdm",
    "timestamp": "2024-05-01T00:00:00.240000Z",
    "sequence": 3,
    "scenario_id": "scenario-449-momentum_ignition",
    "agent_id": "agent-momentum_ignition",
    "order_id": "scenario-449-momentum_ignition-agent-momentum_ignition-3",
    "action": "new",
    "side": "buy",
    "price": 65518.37593999999,
    "quantity": 0.08,
    "remaining_quantity": 0.08
  },
  {
    "event_id": "eedbfdb2a8d9e0cedb24e147fc23e33db0787f141322bd8e370fab58ed98c649",
    "schema_version": "1.0.0",
    "event_type": "agent_order",
    "source": "synthetic_agent",
    "symbol": "BTCUSDT",
    "exchange": "binance_usdm",
    "timestamp": "2024-05-01T00:00:00.320000Z",
    "sequence": 4,
    "scenario_id": "scenario-449-momentum_ignition",
    "agent_id": "agent-momentum_ignition",
    "order_id": "scenario-449-momentum_ignition-agent-momentum_ignition-4",
    "action": "new",
    "side": "buy",
    "price": 65519.68492,
    "quantity": 0.08,
    "remaining_quantity": 0.08
  },
  {
    "event_id": "9696b9ed19e3c42ce63f440c1d4a9205a605017e88f35d87a7f0e1ac1041f75e",
    "schema_version": "1.0.0",
    "event_type": "agent_order",
    "source": "synthetic_agent",
    "symbol": "BTCUSDT",
    "exchange": "binance_usdm",
    "timestamp": "2024-05-01T00:00:00.400000Z",
    "sequence": 5,
    "scenario_id": "scenario-449-momentum_ignition",
    "agent_id": "agent-momentum_ignition",
    "order_id": "scenario-449-momentum_ignition-agent-momentum_ignition-5",
    "action": "new",
    "side": "buy",
    "price": 65520.993899999994,
    "quantity": 0.08,
    "remaining_quantity": 0.08
  },
  {
    "event_id": "274339ec6cd50ce69de4924bcdc7986c57b3fd7595f01105743bfec993c440bf",
    "schema_version": "1.0.0",
    "event_type": "agent_order",
    "source": "synthetic_agent",
    "symbol": "BTCUSDT",
    "exchange": "binance_usdm",
    "timestamp": "2024-05-01T00:00:00.480000Z",
    "sequence": 6,
    "scenario_id": "scenario-449-momentum_ignition",
    "agent_id": "agent-momentum_ignition",
    "order_id": "scenario-449-momentum_ignition-agent-momentum_ignition-6",
    "action": "new",
    "side": "buy",
    "price": 65522.30287999999,
    "quantity": 0.08,
    "remaining_quantity": 0.08
  },
  {
    "event_id": "42f7e340a1202c7599eb91d8a667f0675550ac7dc87350fca69971cf31cae798",
    "schema_version": "1.0.0",
    "event_type": "agent_order",
    "source": "synthetic_agent",
    "symbol": "BTCUSDT",
    "exchange": "binance_usdm",
    "timestamp": "2024-05-01T00:00:00.560000Z",
    "sequence": 7,
    "scenario_id": "scenario-449-momentum_ignition",
    "agent_id": "agent-momentum_ignition",
    "order_id": "scenario-449-momentum_ignition-agent-momentum_ignition-7",
    "action": "new",
    "side": "buy",
    "price": 65523.61186,
    "quantity": 0.08,
    "remaining_quantity": 0.08
  },
  {
    "event_id": "252e4163f46c210ba77ac7e487bb364f19d84f89bc0bdc9ea89209bae552ae66",
    "schema_version": "1.0.0",
    "event_type": "agent_order",
    "source": "synthetic_agent",
    "symbol": "BTCUSDT",
    "exchange": "binance_usdm",
    "timestamp": "2024-05-01T00:00:00.640000Z",
    "sequence": 8,
    "scenario_id": "scenario-449-momentum_ignition",
    "agent_id": "agent-momentum_ignition",
    "order_id": "scenario-449-momentum_ignition-agent-momentum_ignition-8",
    "action": "new",
    "side": "buy",
    "price": 65524.92083999999,
    "quantity": 0.08,
    "remaining_quantity": 0.08
  },
  {
    "event_id": "6c454575d1c71e40c989fb75e209daba2bddb2eadc133b6887246e99d85ca8a2",
    "schema_version": "1.0.0",
    "event_type": "agent_order",
    "source": "synthetic_agent",
    "symbol": "BTCUSDT",
    "exchange": "binance_usdm",
    "timestamp": "2024-05-01T00:00:00.720000Z",
    "sequence": 9,
    "scenario_id": "scenario-449-momentum_ignition",
    "agent_id": "agent-momentum_ignition",
    "order_id": "scenario-449-momentum_ignition-agent-momentum_ignition-9",
    "action": "new",
    "side": "buy",
    "price": 65526.22982,
    "quantity": 0.08,
    "remaining_quantity": 0.08
  },
  {
    "event_id": "32264ad0be091ac8a73add88435e0c72f7b92f727a2c92d518449ed13717930d",
    "schema_version": "1.0.0",
    "event_type": "agent_order",
    "source": "synthetic_agent",
    "symbol": "BTCUSDT",
    "exchange": "binance_usdm",
    "timestamp": "2024-05-01T00:00:00.800000Z",
    "sequence": 10,
    "scenario_id": "scenario-449-momentum_ignition",
    "agent_id": "agent-momentum_ignition",
    "order_id": "scenario-449-momentum_ignition-agent-momentum_ignition-10",
    "action": "new",
    "side": "buy",
    "price": 65527.538799999995,
    "quantity": 0.08,
    "remaining_quantity": 0.08
  },
  {
    "event_id": "beef6f6090cbcecd3f551425aaac5e8bcc2dcc4398d613162b6e43efb132f046",
    "schema_version": "1.0.0",
    "event_type": "agent_order",
    "source": "synthetic_agent",
    "symbol": "BTCUSDT",
    "exchange": "binance_usdm",
    "timestamp": "2024-05-01T00:00:00.880000Z",
    "sequence": 11,
    "scenario_id": "scenario-449-momentum_ignition",
    "agent_id": "agent-momentum_ignition",
    "order_id": "scenario-449-momentum_ignition-agent-momentum_ignition-11",
    "action": "new",
    "side": "buy",
    "price": 65528.84778,
    "quantity": 0.08,
    "remaining_quantity": 0.08
  },
  {
    "event_id": "db9dd7146277dc39d43c5ac1bb6c8484a7aeada694c4a0cfc7cb6b8bad5a949b",
    "schema_version": "1.0.0",
    "event_type": "agent_order",
    "source": "synthetic_agent",
    "symbol": "BTCUSDT",
    "exchange": "binance_usdm",
    "timestamp": "2024-05-01T00:00:00.960000Z",
    "sequence": 12,
    "scenario_id": "scenario-449-momentum_ignition",
    "agent_id": "agent-momentum_ignition",
    "order_id": "scenario-449-momentum_ignition-agent-momentum_ignition-12",
    "action": "new",
    "side": "buy",
    "price": 65530.15675999999,
    "quantity": 0.08,
    "remaining_quantity": 0.08
  },
  {
    "event_id": "fa85b2fe05b59986c7a64183c5fcc15008a62143a7d2a6fd4d3e4a1e427a00a8",
    "schema_version": "1.0.0",
    "event_type": "agent_order",
    "source": "synthetic_agent",
    "symbol": "BTCUSDT",
    "exchange": "binance_usdm",
    "timestamp": "2024-05-01T00:00:01.040000Z",
    "sequence": 13,
    "scenario_id": "scenario-449-momentum_ignition",
    "agent_id": "agent-momentum_ignition",
    "order_id": "scenario-449-momentum_ignition-agent-momentum_ignition-13",
    "action": "new",
    "side": "buy",
    "price": 65531.465739999985,
    "quantity": 0.08,
    "remaining_quantity": 0.08
  },
  {
    "event_id": "c436f8af74a015ea127c4073966e840d1867ce3b169cdffe95d65e5f1aa21469",
    "schema_version": "1.0.0",
    "event_type": "agent_order",
    "source": "synthetic_agent",
    "symbol": "BTCUSDT",
    "exchange": "binance_usdm",
    "timestamp": "2024-05-01T00:00:01.120000Z",
    "sequence": 14,
    "scenario_id": "scenario-449-momentum_ignition",
    "agent_id": "agent-momentum_ignition",
    "order_id": "scenario-449-momentum_ignition-agent-momentum_ignition-14",
    "action": "new",
    "side": "buy",
    "price": 65532.774719999994,
    "quantity": 0.08,
    "remaining_quantity": 0.08
  },
  {
    "event_id": "fda642f7e9572a9a5f95dbf8316031e47526836931113a8d39779f1ce2c49c62",
    "schema_version": "1.0.0",
    "event_type": "agent_order",
    "source": "synthetic_agent",
    "symbol": "BTCUSDT",
    "exchange": "binance_usdm",
    "timestamp": "2024-05-01T00:00:01.200000Z",
    "sequence": 15,
    "scenario_id": "scenario-449-momentum_ignition",
    "agent_id": "agent-momentum_ignition",
    "order_id": "scenario-449-momentum_ignition-agent-momentum_ignition-15",
    "action": "new",
    "side": "buy",
    "price": 65534.08369999999,
    "quantity": 0.08,
    "remaining_quantity": 0.08
  },
  {
    "event_id": "d7061d232bb3f15504cd76eb6dc478381d6f6ad4e6824d9732b20f41f60a3ae9",
    "schema_version": "1.0.0",
    "event_type": "agent_order",
    "source": "synthetic_agent",
    "symbol": "BTCUSDT",
    "exchange": "binance_usdm",
    "timestamp": "2024-05-01T00:00:01.280000Z",
    "sequence": 16,
    "scenario_id": "scenario-449-momentum_ignition",
    "agent_id": "agent-momentum_ignition",
    "order_id": "scenario-449-momentum_ignition-agent-momentum_ignition-16",
    "action": "new",
    "side": "buy",
    "price": 65535.39268,
    "quantity": 0.08,
    "remaining_quantity": 0.08
  },
  {
    "event_id": "2ccd29aabb62b6337e02e54c3532f043547dc2865947c0fe1ea3bf81b4962e66",
    "schema_version": "1.0.0",
    "event_type": "agent_order",
    "source": "synthetic_agent",
    "symbol": "BTCUSDT",
    "exchange": "binance_usdm",
    "timestamp": "2024-05-01T00:00:01.360000Z",
    "sequence": 17,
    "scenario_id": "scenario-449-momentum_ignition",
    "agent_id": "agent-momentum_ignition",
    "order_id": "scenario-449-momentum_ignition-agent-momentum_ignition-17",
    "action": "new",
    "side": "buy",
    "price": 65536.70165999999,
    "quantity": 0.08,
    "remaining_quantity": 0.08
  },
  {
    "event_id": "007b6d89ecb7ad30f577e35c1db80179afbe9080ca643041ed5bfcd184353808",
    "schema_version": "1.0.0",
    "event_type": "agent_order",
    "source": "synthetic_agent",
    "symbol": "BTCUSDT",
    "exchange": "binance_usdm",
    "timestamp": "2024-05-01T00:00:01.440000Z",
    "sequence": 18,
    "scenario_id": "scenario-449-momentum_ignition",
    "agent_id": "agent-momentum_ignition",
    "order_id": "scenario-449-momentum_ignition-agent-momentum_ignition-18",
    "action": "new",
    "side": "buy",
    "price": 65538.01064,
    "quantity": 0.08,
    "remaining_quantity": 0.08
  },
  {
    "event_id": "bee705c326ae4ea95a241d68ed8db60ab19a0ab86124007f8d91ad2803a88569",
    "schema_version": "1.0.0",
    "event_type": "agent_order",
    "source": "synthetic_agent",
    "symbol": "BTCUSDT",
    "exchange": "binance_usdm",
    "timestamp": "2024-05-01T00:00:01.520000Z",
    "sequence": 19,
    "scenario_id": "scenario-449-momentum_ignition",
    "agent_id": "agent-momentum_ignition",
    "order_id": "scenario-449-momentum_ignition-agent-momentum_ignition-19",
    "action": "new",
    "side": "buy",
    "price": 65539.31962,
    "quantity": 0.08,
    "remaining_quantity": 0.08
  },
  {
    "event_id": "a74fc60dfa6a85811f713595c9abce06172f2e484af2c1f588321c87cb952066",
    "schema_version": "1.0.0",
    "event_type": "agent_order",
    "source": "synthetic_agent",
    "symbol": "BTCUSDT",
    "exchange": "binance_usdm",
    "timestamp": "2024-05-01T00:00:01.600000Z",
    "sequence": 20,
    "scenario_id": "scenario-449-momentum_ignition",
    "agent_id": "agent-momentum_ignition",
    "order_id": "scenario-449-momentum_ignition-agent-momentum_ignition-20",
    "action": "new",
    "side": "buy",
    "price": 65540.6286,
    "quantity": 0.08,
    "remaining_quantity": 0.08
  },
  {
    "event_id": "9fab85240b065fd4858832861cd7edcd5018a39a2721d7b6ea079d4a544f682e",
    "schema_version": "1.0.0",
    "event_type": "agent_order",
    "source": "synthetic_agent",
    "symbol": "BTCUSDT",
    "exchange": "binance_usdm",
    "timestamp": "2024-05-01T00:00:01.680000Z",
    "sequence": 21,
    "scenario_id": "scenario-449-momentum_ignition",
    "agent_id": "agent-momentum_ignition",
    "order_id": "scenario-449-momentum_ignition-agent-momentum_ignition-21",
    "action": "new",
    "side": "buy",
    "price": 65541.93758,
    "quantity": 0.08,
    "remaining_quantity": 0.08
  },
  {
    "event_id": "8a253023788cd268b91d9bbda8a19a3a6bb9fbdb6e118945d2ecca906b7df58a",
    "schema_version": "1.0.0",
    "event_type": "agent_order",
    "source": "synthetic_agent",
    "symbol": "BTCUSDT",
    "exchange": "binance_usdm",
    "timestamp": "2024-05-01T00:00:01.760000Z",
    "sequence": 22,
    "scenario_id": "scenario-449-momentum_ignition",
    "agent_id": "agent-momentum_ignition",
    "order_id": "scenario-449-momentum_ignition-agent-momentum_ignition-22",
    "action": "new",
    "side": "buy",
    "price": 65543.24656,
    "quantity": 0.08,
    "remaining_quantity": 0.08
  },
  {
    "event_id": "c409f53e7c3a696ff28b0d1b8afa2541b42665aa149f21f95d27d1b200e5a482",
    "schema_version": "1.0.0",
    "event_type": "agent_order",
    "source": "synthetic_agent",
    "symbol": "BTCUSDT",
    "exchange": "binance_usdm",
    "timestamp": "2024-05-01T00:00:01.840000Z",
    "sequence": 23,
    "scenario_id": "scenario-449-momentum_ignition",
    "agent_id": "agent-momentum_ignition",
    "order_id": "scenario-449-momentum_ignition-agent-momentum_ignition-23",
    "action": "new",
    "side": "buy",
    "price": 65544.55553999999,
    "quantity": 0.08,
    "remaining_quantity": 0.08
  },
  {
    "event_id": "8de6586bba1f5327c1c1ce7f60ac36c1ac424e6f72f7c898bfae6a237f1d638c",
    "schema_version": "1.0.0",
    "event_type": "agent_order",
    "source": "synthetic_agent",
    "symbol": "BTCUSDT",
    "exchange": "binance_usdm",
    "timestamp": "2024-05-01T00:00:01.920000Z",
    "sequence": 24,
    "scenario_id": "scenario-449-momentum_ignition",
    "agent_id": "agent-momentum_ignition",
    "order_id": "scenario-449-momentum_ignition-agent-momentum_ignition-24",
    "action": "new",
    "side": "buy",
    "price": 65545.86451999999,
    "quantity": 0.08,
    "remaining_quantity": 0.08
  },
  {
    "event_id": "a0d22bd01627eeaf7d0f4c8a5de53294136223b4164ea2d9ee7c7c5d6abc14c9",
    "schema_version": "1.0.0",
    "event_type": "agent_order",
    "source": "synthetic_agent",
    "symbol": "BTCUSDT",
    "exchange": "binance_usdm",
    "timestamp": "2024-05-01T00:00:02Z",
    "sequence": 25,
    "scenario_id": "scenario-449-momentum_ignition",
    "agent_id": "agent-momentum_ignition",
    "order_id": "scenario-449-momentum_ignition-agent-momentum_ignition-25",
    "action": "new",
    "side": "buy",
    "price": 65547.17349999999,
    "quantity": 0.08,
    "remaining_quantity": 0.08
  },
  {
    "event_id": "6446a5d231739b685d3082f0eb7ce67e074d09fac3f582022758e631b35d7db2",
    "schema_version": "1.0.0",
    "event_type": "agent_order",
    "source": "synthetic_agent",
    "symbol": "BTCUSDT",
    "exchange": "binance_usdm",
    "timestamp": "2024-05-01T00:00:02.080000Z",
    "sequence": 26,
    "scenario_id": "scenario-449-momentum_ignition",
    "agent_id": "agent-momentum_ignition",
    "order_id": "scenario-449-momentum_ignition-agent-momentum_ignition-26",
    "action": "new",
    "side": "buy",
    "price": 65548.48247999999,
    "quantity": 0.08,
    "remaining_quantity": 0.08
  },
  {
    "event_id": "c6736ceb40eda8e126306b64d4673f47fcf5e900b40c112cd4c1bf2c629d35e0",
    "schema_version": "1.0.0",
    "event_type": "agent_order",
    "source": "synthetic_agent",
    "symbol": "BTCUSDT",
    "exchange": "binance_usdm",
    "timestamp": "2024-05-01T00:00:02.160000Z",
    "sequence": 27,
    "scenario_id": "scenario-449-momentum_ignition",
    "agent_id": "agent-momentum_ignition",
    "order_id": "scenario-449-momentum_ignition-agent-momentum_ignition-27",
    "action": "new",
    "side": "buy",
    "price": 65549.79146,
    "quantity": 0.08,
    "remaining_quantity": 0.08
  },
  {
    "event_id": "16211e178fac48f33d7361f9698e86563dfa57c610633dd3c402600f97a34048",
    "schema_version": "1.0.0",
    "event_type": "agent_order",
    "source": "synthetic_agent",
    "symbol": "BTCUSDT",
    "exchange": "binance_usdm",
    "timestamp": "2024-05-01T00:00:02.240000Z",
    "sequence": 28,
    "scenario_id": "scenario-449-momentum_ignition",
    "agent_id": "agent-momentum_ignition",
    "order_id": "scenario-449-momentum_ignition-agent-momentum_ignition-28",
    "action": "new",
    "side": "buy",
    "price": 65551.10043999998,
    "quantity": 0.08,
    "remaining_quantity": 0.08
  },
  {
    "event_id": "297e1c67afc3102e6f1cdb957b698e498ac445d721f04ecad2f3bfc82f1e3e56",
    "schema_version": "1.0.0",
    "event_type": "agent_order",
    "source": "synthetic_agent",
    "symbol": "BTCUSDT",
    "exchange": "binance_usdm",
    "timestamp": "2024-05-01T00:00:02.320000Z",
    "sequence": 29,
    "scenario_id": "scenario-449-momentum_ignition",
    "agent_id": "agent-momentum_ignition",
    "order_id": "scenario-449-momentum_ignition-agent-momentum_ignition-29",
    "action": "new",
    "side": "buy",
    "price": 65552.40942,
    "quantity": 0.08,
    "remaining_quantity": 0.08
  }
]