[
  {
    "event_id": "d3e5fa075ae7cc97ce84b62124c951a18db15e8e8cb2a35b784d3fd33dd898b9",
    "schema_version": "1.0.0",
    "event_type": "agent_order",
    "source": "synthetic_agent",
    "symbol": "BTCUSDT",
    "exchange": "binance_usdm",
    "timestamp": "2024-05-01T00:00:00Z",
    "sequence": 0,
    "scenario_id": "scenario-251-volatility_feedback",
    "agent_id": "agent-volatility_feedback",
    "order_id": "scenario-251-volatility_feedback-agent-volatility_feedback-0",
    "action": "new",
    "side": "buy",
    "price": 65316.25099999999,
    "quantity": 0.02,
    "remaining_quantity": 0.02
  },
  {
    "event_id": "d458fd09403a7f81985769650180ebeab2ae8531bbd9bc575e31eebb7118bed7",
    "schema_version": "1.0.0",
    "event_type": "agent_order",
    "source": "synthetic_agent",
    "symbol": "BTCUSDT",
    "exchange": "binance_usdm",
    "timestamp": "2024-05-01T00:00:00.020000Z",
    "sequence": 1,
    "scenario_id": "scenario-251-volatility_feedback",
    "agent_id": "agent-volatility_feedback",
    "order_id": "scenario-251-volatility_feedback-agent-volatility_feedback-1",
    "action": "new",
    "side": "sell",
    "price": 65184.44398,
    "quantity": 0.03,
    "remaining_quantity": 0.03
  },
  {
    "event_id": "1e2f3b5d44712da0273cc2a9ae2cf3010d74c46a8daed47d1aed07a2dbba83ca",
    "schema_version": "1.0.0",
    "event_type": "agent_order",
    "source": "synthetic_agent",
    "symbol": "BTCUSDT",
    "exchange": "binance_usdm",
    "timestamp": "2024-05-01T00:00:00.040000Z",
    "sequence": 2,
    "scenario_id": "scenario-251-volatility_feedback",
    "agent_id": "agent-volatility_feedback",
    "order_id": "scenario-251-volatility_feedback-agent-volatility_feedback-2",
    "action": "new",
    "side": "buy",
    "price": 65318.861039999996,
    "quantity": 0.04,
    "remaining_quantity": 0.04
  },
  {
    "event_id": "870474b135c5532abe4669416acbc9189a6a609b7690ad220ab8646f3a238775",
    "schema_version": "1.0.0",
    "event_type": "agent_order",
    "source": "synthetic_agent",
    "symbol": "BTCUSDT",
    "exchange": "binance_usdm",
    "timestamp": "2024-05-01T00:00:00.060000Z",
    "sequence": 3,
    "scenario_id": "scenario-251-volatility_feedback",
    "agent_id": "agent-volatility_feedback",
    "order_id": "scenario-251-volatility_feedback-agent-volatility_feedback-3",
    "action": "new",
    "side": "sell",
    "price": 65181.833940000004,
    "quantity": 0.05,
    "remaining_quantity": 0.05
  },
  {
    "event_id": "e3cb4da0866bd22ccd17168f35a1341e6ca718c98687410ef12c8a6d917f99cf",
    "schema_version": "1.0.0",
    "event_type": "agent_order",
    "source": "synthetic_agent",
    "symbol": "BTCUSDT",
    "exchange": "binance_usdm",
    "timestamp": "2024-05-01T00:00:00.080000Z",
    "sequence": 4,
    "scenario_id": "scenario-251-volatility_feedback",
    "agent_id": "agent-volatility_feedback",
    "order_id": "scenario-251-volatility_feedback-agent-volatility_feedback-4",
    "action": "new",
    "side": "buy",
    "price": 65321.471079999996,
    "quantity": 0.02,
    "remaining_quantity": 0.02
  },
  {
    "event_id": "44c9fc4bc1f93ce50f9ed30cf5ad296bfd6d75de72fe81b874b81781a5d5ac3e",
    "schema_version": "1.0.0",
    "event_type": "agent_order",
    "source": "synthetic_agent",
    "symbol": "BTCUSDT",
    "exchange": "binance_usdm",
    "timestamp": "2024-05-01T00:00:00.100000Z",
    "sequence": 5,
    "scenario_id": "scenario-251-volatility_feedback",
    "agent_id": "agent-volatility_feedback",
    "order_id": "scenario-251-volatility_feedback-agent-volatility_feedback-5",
    "action": "new",
    "side": "sell",
    "price": 65179.2239,
    "quantity": 0.03,
    "remaining_quantity": 0.03
  },
  {
    "event_id": "33ab42da7aa2866453636e012fa8567c88964a10e80ac7f917f955ff5e26b3ab",
    "schema_version": "1.0.0",
    "event_type": "agent_order",
    "source": "synthetic_agent",
    "symbol": "BTCUSDT",
    "exchange": "binance_usdm",
    "timestamp": "2024-05-01T00:00:00.120000Z",
    "sequence": 6,
    "scenario_id": "scenario-251-volatility_feedback",
    "agent_id": "agent-volatility_feedback",
    "order_id": "scenario-251-volatility_feedback-agent-volatility_feedback-6",
    "action": "new",
    "side": "buy",
    "price": 65324.08112,
    "quantity": 0.04,
    "remaining_quantity": 0.04
  },
  {
    "event_id": "0fb1a7cf853b79d9666da0dd82af6216f3471448a60c8bf0e7ba286fbe46ece3",
    "schema_version": "1.0.0",
    "event_type": "agent_order",
    "source": "synthetic_agent",
    "symbol": "BTCUSDT",
    "exchange": "binance_usdm",
    "timestamp": "2024-05-01T00:00:00.140000Z",
    "sequence": 7,
    "scenario_id": "scenario-251-volatility_feedback",
    "agent_id": "agent-volatility_feedback",
    "order_id": "scenario-251-volatility_feedback-agent-volatility_feedback-7",
    "action": "new",
    "side": "sell",
    "price": 65176.61386,
    "quantity": 0.05,
    "remaining_quantity": 0.05
  },
  {
    "event_id": "4b95614ebc7c40655d859452d72ae044d61c982e1ab558a075be23e029d0b477",
    "schema_version": "1.0.0",
    "event_type": "agent_order",
    "source": "synthetic_agent",
    "symbol": "BTCUSDT",
    "exchange": "binance_usdm",
    "timestamp": "2024-05-01T00:00:00.160000Z",
    "sequence": 8,
    "scenario_id": "scenario-251-volatility_feedback",
    "agent_id": "agent-volatility_feedback",
    "order_id": "scenario-251-volatility_feedback-agent-volatility_feedback-8",
    "action": "new",
    "side": "buy",
    "price": 65326.69116,
    "quantity": 0.02,
    "remaining_quantity": 0.02
  },
  {
    "event_id": "77ab561a762777cd8b9a5ac842fc81f79da448e28df397a52b0eb6c0e997369d",
    "schema_version": "1.0.0",
    "event_type": "agent_order",
    "source": "synthetic_agent",
    "symbol": "BTCUSDT",
    "exchange": "binance_usdm",
    "timestamp": "2024-05-01T00:00:00.180000Z",
    "sequence": 9,
    "scenario_id": "scenario-251-volatility_feedback",
    "agent_id": "agent-volatility_feedback",
    "order_id": "scenario-251-volatility_feedback-agent-volatility_feedback-9",
    "action": "new",
    "side": "sell",
    "price": 65174.003820000005,
    "quantity": 0.03,
    "remaining_quantity": 0.03
  },
  {
    "event_id": "d20a2275d6c7b23da6d6a8429b7a722b662007668350924c91f4ec4a62733938",
    "schema_version": "1.0.0",
    "event_type": "agent_order",
    "source": "synthetic_agent",
    "symbol": "BTCUSDT",
    "exchange": "binance_usdm",
    "timestamp": "2024-05-01T00:00:00.200000Z",
    "sequence": 10,
    "scenario_id": "scenario-251-volatility_feedback",
    "agent_id": "agent-volatility_feedback",
    "order_id": "scenario-251-volatility_feedback-agent-volatility_feedback-10",
    "action": "new",
    "side": "buy",
    "price": 65329.30120000001,
    "quantity": 0.04,
    "remaining_quantity": 0.04
  },
  {
    "event_id": "1272616f17c8abea49e6803ed4485585d327593006b8ef1a7dd4920d081871f0",
    "schema_version": "1.0.0",
    "event_type": "agent_order",
    "source": "synthetic_agent",
    "symbol": "BTCUSDT",
    "exchange": "binance_usdm",
    "timestamp": "2024-05-01T00:00:00.220000Z",
    "sequence": 11,
    "scenario_id": "scenario-251-volatility_feedback",
    "agent_id": "agent-volatility_feedback",
    "order_id": "scenario-251-volatility_feedback-agent-volatility_feedback-11",
    "action": "new",
    "side": "sell",
    "price": 65171.39378,
    "quantity": 0.05,
    "remaining_quantity": 0.05
  },
  {
    "event_id": "e7a258bc8828be7bad5d09173215ad6012ed96f08c6ced4b29561c22f8bf5769",
    "schema_version": "1.0.0",
    "event_type": "agent_order",
    "source": "synthetic_agent",
    "symbol": "BTCUSDT",
    "exchange": "binance_usdm",
    "timestamp": "2024-05-01T00:00:00.240000Z",
    "sequence": 12,
    "scenario_id": "scenario-251-volatility_feedback",
    "agent_id": "agent-volatility_feedback",
    "order_id": "scenario-251-volatility_feedback-agent-volatility_feedback-12",
    "action": "new",
    "side": "buy",
    "price": 65331.911239999994,
    "quantity": 0.02,
    "remaining_quantity": 0.02
  },
  {
    "event_id": "36d7ad070de44db1473e7dea5a13f641a5ab2ef209a7db9b9dffebee7243b40a",
    "schema_version": "1.0.0",
    "event_type": "agent_order",
    "source": "synthetic_agent",
    "symbol": "BTCUSDT",
    "exchange": "binance_usdm",
    "timestamp": "2024-05-01T00:00:00.260000Z",
    "sequence": 13,
    "scenario_id": "scenario-251-volatility_feedback",
    "agent_id": "agent-volatility_feedback",
    "order_id": "scenario-251-volatility_feedback-agent-volatility_feedback-13",
    "action": "new",
    "side": "sell",
    "price": 65168.78374,
    "quantity": 0.03,
    "remaining_quantity": 0.03
  },
  {
    "event_id": "ad22cff26efb271f02afd5a7f7afd83ab3cf7d08b08fd66aeb37c55cd0f0ac20",
    "schema_version": "1.0.0",
    "event_type": "agent_order",
    "source": "synthetic_agent",
    "symbol": "BTCUSDT",
    "exchange": "binance_usdm",
    "timestamp": "2024-05-01T00:00:00.280000Z",
    "sequence": 14,
    "scenario_id": "scenario-251-volatility_feedback",
    "agent_id": "agent-volatility_feedback",
    "order_id": "scenario-251-volatility_feedback-agent-volatility_feedback-14",
    "action": "new",
    "side": "buy",
    "price": 65334.52127999999,
    "quantity": 0.04,
    "remaining_quantity": 0.04
  },
  {
    "event_id": "0269e6ad8f7da655624df744d131232e432aeab5f0c4a87a6a9e2eef6eeb8b53",
    "schema_version": "1.0.0",
    "event_type": "agent_order",
    "source": "synthetic_agent",
    "symbol": "BTCUSDT",
    "exchange": "binance_usdm",
    "timestamp": "2024-05-01T00:00:00.300000Z",
    "sequence": 15,
    "scenario_id": "scenario-251-volatility_feedback",
    "agent_id": "agent-volatility_feedback",
    "order_id": "scenario-251-volatility_feedback-agent-volatility_feedback-15",
    "action": "new",
    "side": "sell",
    "price": 65166.1737,
    "quantity": 0.05,
    "remaining_quantity": 0.05
  },
  {
    "event_id": "d41f0aa65840b71a25665c0607e87f3857d0d62fd3dc867e6501fbd8a983ba89",
    "schema_version": "1.0.0",
    "event_type": "agent_order",
    "source": "synthetic_agent",
    "symbol": "BTCUSDT",
    "exchange": "binance_usdm",
    "timestamp": "2024-05-01T00:00:00.320000Z",
    "sequence": 16,
    "scenario_id": "scenario-251-volatility_feedback",
    "agent_id": "agent-volatility_feedback",
    "order_id": "scenario-251-volatility_feedback-agent-volatility_feedback-16",
    "action": "new",
    "side": "buy",
    "price": 65337.13132,
    "quantity": 0.02,
    "remaining_quantity": 0.02
  },
  {
    "event_id": "649c40ca828169a9bde444fad9f7297ddbc4b1caa4d430498cdfd35f33250c69",
    "schema_version": "1.0.0",
    "event_type": "agent_order",
    "source": "synthetic_agent",
    "symbol": "BTCUSDT",
    "exchange": "binance_usdm",
    "timestamp": "2024-05-01T00:00:00.340000Z",
    "sequence": 17,
    "scenario_id": "scenario-251-volatility_feedback",
    "agent_id": "agent-volatility_feedback",
    "order_id": "scenario-251-volatility_feedback-agent-volatility_feedback-17",
    "action": "new",
    "side": "sell",
    "price": 65163.56366,
    "quantity": 0.03,
    "remaining_quantity": 0.03
  },
  {
    "event_id": "a4d5b8ef07215b82e5ac4a006bcd53c82a3334382bd74f2d4af561b37d8bdd19",
    "schema_version": "1.0.0",
    "event_type": "agent_order",
    "source": "synthetic_agent",
    "symbol": "BTCUSDT",
    "exchange": "binance_usdm",
    "timestamp": "2024-05-01T00:00:00.360000Z",
    "sequence": 18,
    "scenario_id": "scenario-251-volatility_feedback",
    "agent_id": "agent-volatility_feedback",
    "order_id": "scenario-251-volatility_feedback-agent-volatility_feedback-18",
    "action": "new",
    "side": "buy",
    "price": 65339.74136,
    "quantity": 0.04,
    "remaining_quantity": 0.04
  },
  {
    "event_id": "ed6e8d6b9eefe62a509210dac0b9e178e10266e206628f9e7cc331c05d782dcf",
    "schema_version": "1.0.0",
    "event_type": "agent_order",
    "source": "synthetic_agent",
    "symbol": "BTCUSDT",
    "exchange": "binance_usdm",
    "timestamp": "2024-05-01T00:00:00.380000Z",
    "sequence": 19,
    "scenario_id": "scenario-251-volatility_feedback",
    "agent_id": "agent-volatility_feedback",
    "order_id": "scenario-251-volatility_feedback-agent-volatility_feedback-19",
    "action": "new",
    "side": "sell",
    "price": 65160.95362,
    "quantity": 0.05,
    "remaining_quantity": 0.05
  },
  {
    "event_id": "7fddf9632b788fbca05a6152af9a0e45ddbccc7028ea4affe078aaea1d704a44",
    "schema_version": "1.0.0",
    "event_type": "agent_order",
    "source": "synthetic_agent",
    "symbol": "BTCUSDT",
    "exchange": "binance_usdm",
    "timestamp": "2024-05-01T00:00:00.400000Z",
    "sequence": 20,
    "scenario_id": "scenario-251-volatility_feedback",
    "agent_id": "agent-volatility_feedback",
    "order_id": "scenario-251-volatility_feedback-agent-volatility_feedback-20",
    "action": "new",
    "side": "buy",
    "price": 65342.35140000001,
    "quantity": 0.02,
    "remaining_quantity": 0.02
  },
  {
    "event_id": "e0a963b0ea6095025060929be0d1a6e1dd4d523e9355ac62fe87186f0570616c",
    "schema_version": "1.0.0",
    "event_type": "agent_order",
    "source": "synthetic_agent",
    "symbol": "BTCUSDT",
    "exchange": "binance_usdm",
    "timestamp": "2024-05-01T00:00:00.420000Z",
    "sequence": 21,
    "scenario_id": "scenario-251-volatility_feedback",
    "agent_id": "agent-volatility_feedback",
    "order_id": "scenario-251-volatility_feedback-agent-volatility_feedback-21",
    "action": "new",
    "side": "sell",
    "price": 65158.34358,
    "quantity": 0.03,
    "remaining_quantity": 0.03
  },
  {
    "event_id": "39cf99cea7109a7f444d44b58f23db2bc54600355d7ed416ed99ee4a6a5b2008",
    "schema_version": "1.0.0",
    "event_type": "agent_order",
    "source": "synthetic_agent",
    "symbol": "BTCUSDT",
    "exchange": "binance_usdm",
    "timestamp": "2024-05-01T00:00:00.440000Z",
    "sequence": 22,
    "scenario_id": "scenario-251-volatility_feedback",
    "agent_id": "agent-volatility_feedback",
    "order_id": "scenario-251-volatility_feedback-agent-volatility_feedback-22",
    "action": "new",
    "side": "buy",
    "price": 65344.96144000001,
    "quantity": 0.04,
    "remaining_quantity": 0.04
  },
  {
    "event_id": "9105e166301774893192bb609e43a5e18e5c230272c97c75a302775652f2f107",
    "schema_version": "1.0.0",
    "event_type": "agent_order",
    "source": "synthetic_agent",
    "symbol": "BTCUSDT",
    "exchange": "binance_usdm",
    "timestamp": "2024-05-01T00:00:00.460000Z",
    "sequence": 23,
    "scenario_id": "scenario-251-volatility_feedback",
    "agent_id": "agent-volatility_feedback",
    "order_id": "scenario-251-volatility_feedback-agent-volatility_feedback-23",
    "action": "new",
    "side": "sell",
    "price": 65155.73354,
    "quantity": 0.05,
    "remaining_quantity": 0.05
  },
  {
    "event_id": "33c5bb3f4be838061556dc946efe8c7845df0cd731483eff2f7ba910b8c1603a",
    "schema_version": "1.0.0",
    "event_type": "agent_order",
    "source": "synthetic_agent",
    "symbol": "BTCUSDT",
    "exchange": "binance_usdm",
    "timestamp": "2024-05-01T00:00:00.480000Z",
    "sequence": 24,
    "scenario_id": "scenario-251-volatility_feedback",
    "agent_id": "agent-volatility_feedback",
    "order_id": "scenario-251-volatility_feedback-agent-volatility_feedback-24",
    "action": "new",
    "side": "buy",
    "price": 65347.57148,
    "quantity": 0.02,
    "remaining_quantity": 0.02
  },
  {
    "event_id": "22c96453068c203c4ef546e3f570ea11c50bc185bb9967c17bd5a92d8f6b9bc3",
    "schema_version": "1.0.0",
    "event_type": "agent_order",
    "source": "synthetic_agent",
    "symbol": "BTCUSDT",
    "exchange": "binance_usdm",
    "timestamp": "2024-05-01T00:00:00.500000Z",
    "sequence": 25,
    "scenario_id": "scenario-251-volatility_feedback",
    "agent_id": "agent-volatility_feedback",
    "order_id": "scenario-251-volatility_feedback-agent-volatility_feedback-25",
    "action": "new",
    "side": "sell",
    "price": 65153.1235,
    "quantity": 0.03,
    "remaining_quantity": 0.03
  },
  {
    "event_id": "206288e384768aa7b1bb1520091adf1ae0c7f1747d0c73b96327dbbb7fc87171",
    "schema_version": "1.0.0",
    "event_type": "agent_order",
    "source": "synthetic_agent",
    "symbol": "BTCUSDT",
    "exchange": "binance_usdm",
    "timestamp": "2024-05-01T00:00:00.520000Z",
    "sequence": 26,
    "scenario_id": "scenario-251-volatility_feedback",
    "agent_id": "agent-volatility_feedback",
    "order_id": "scenario-251-volatility_feedback-agent-volatility_feedback-26",
    "action": "new",
    "side": "buy",
    "price": 65350.18152,
    "quantity": 0.04,
    "remaining_quantity": 0.04
  },
  {
    "event_id": "f09923e9021382ede65afe027570a783da089f5ff1e0c739ad4bb4f8aab225b2",
    "schema_version": "1.0.0",
    "event_type": "agent_order",
    "source": "synthetic_agent",
    "symbol": "BTCUSDT",
    "exchange": "binance_usdm",
    "timestamp": "2024-05-01T00:00:00.540000Z",
    "sequence": 27,
    "scenario_id": "scenario-251-volatility_feedback",
    "agent_id": "agent-volatility_feedback",
    "order_id": "scenario-251-volatility_feedback-agent-volatility_feedback-27",
    "action": "new",
    "side": "sell",
    "price": 65150.51346,
    "quantity": 0.05,
    "remaining_quantity": 0.05
  },
  {
    "event_id": "ff7b9f7e9c6bac0a0ef32e9e50ee4d4a38c50c8f3a507d897c7df736b0ed4e7b",
    "schema_version": "1.0.0",
    "event_type": "agent_order",
    "source": "synthetic_agent",
    "symbol": "BTCUSDT",
    "exchange": "binance_usdm",
    "timestamp": "2024-05-01T00:00:00.560000Z",
    "sequence": 28,
    "scenario_id": "scenario-251-volatility_feedback",
    "agent_id": "agent-volatility_feedback",
    "order_id": "scenario-251-volatility_feedback-agent-volatility_feedback-28",
    "action": "new",
    "side": "buy",
    "price": 65352.79156,
    "quantity": 0.02,
    "remaining_quantity": 0.02
  },
  {
    "event_id": "8366f80abb4c4a141b0c680df4b6df03ff0ba229ad411d9e627f7d8372809ef1",
    "schema_version": "1.0.0",
    "event_type": "agent_order",
    "source": "synthetic_agent",
    "symbol": "BTCUSDT",
    "exchange": "binance_usdm",
    "timestamp": "2024-05-01T00:00:00.580000Z",
    "sequence": 29,
    "scenario_id": "scenario-251-volatility_feedback",
    "agent_id": "agent-volatility_feedback",
    "order_id": "scenario-251-volatility_feedback-agent-volatility_feedback-29",
    "action": "new",
    "side": "sell",
    "price": 65147.903419999995,
    "quantity": 0.03,
    "remaining_quantity": 0.03
  }
]