[
  {
    "event_id": "ff2e8f86e6b0910c51d612e32a9f1f038ff48a5df498f9a058d641951d553696",
    "schema_version": "1.0.0",
    "event_type": "agent_order",
    "source": "synthetic_agent",
    "symbol": "BTCUSDT",
    "exchange": "binance_usdm",
    "timestamp": "2024-05-01T00:00:00Z",
    "sequence": 0,
    "scenario_id": "scenario-089-momentum_ignition",
    "agent_id": "agent-momentum_ignition",
    "order_id": "scenario-089-momentum_ignition-agent-momentum_ignition-0",
    "action": "new",
    "side": "buy",
    "price": 65154.08899999999,
    "quantity": 0.08,
    "remaining_quantity": 0.08
  },
  {
    "event_id": "7caf81dcf0ca0a4b3be24a1626b36bc5dddcc08114a5c6c6af000ea364887cf0",
    "schema_version": "1.0.0",
    "event_type": "agent_order",
    "source": "synthetic_agent",
    "symbol": "BTCUSDT",
    "exchange": "binance_usdm",
    "timestamp": "2024-05-01T00:00:00.080000Z",
    "sequence": 1,
    "scenario_id": "scenario-089-momentum_ignition",
    "agent_id": "agent-momentum_ignition",
    "order_id": "scenario-089-momentum_ignition-agent-momentum_ignition-1",
    "action": "new",
    "side": "buy",
    "price": 65155.39077999999,
    "quantity": 0.08,
    "remaining_quantity": 0.08
  },
  {
    "event_id": "83e2373e358b7b8a4e19c82a00f72f729d85f4f59326e33efdb9341f1aa21cb1",
    "schema_version": "1.0.0",
    "event_type": "agent_order",
    "source": "synthetic_agent",
    "symbol": "BTCUSDT",
    "exchange": "binance_usdm",
    "timestamp": "2024-05-01T00:00:00.160000Z",
    "sequence": 2,
    "scenario_id": "scenario-089-momentum_ignition",
    "agent_id": "agent-momentum_ignition",
    "order_id": "scenario-089-momentum_ignition-agent-momentum_ignition-2",
    "action": "new",
    "side": "buy",
    "price": 65156.692559999996,
    "quantity": 0.08,
    "remaining_quantity": 0.08
  },
  {
    "event_id": "636c6c805455e16730a61dd0c21bc08a1e229127ceca9b4db5d62aaec299a6a4",
    "schema_version": "1.0.0",
    "event_type": "agent_order",
    "source": "synthetic_agent",
    "symbol": "BTCUSDT",
    "exchange": "binance_usdm",
    "timestamp": "2024-05-01T00:00:00.240000Z",
    "sequence": 3,
    "scenario_id": "scenario-089-momentum_ignition",
    "agent_id": "agent-momentum_ignition",
    "order_id": "scenario-089-momentum_ignition-agent-momentum_ignition-3",
    "action": "new",
    "side": "buy",
    "price": 65157.99433999999,
    "quantity": 0.08,
    "remaining_quantity": 0.08
  },
  {
    "event_id": "be4a97e0881ad94ccea711f453a557b0c129ccafa76e71f8a4ba39002fe6ad20",
    "schema_version": "1.0.0",
    "event_type": "agent_order",
    "source": "synthetic_agent",
    "symbol": "BTCUSDT",
    "exchange": "binance_usdm",
    "timestamp": "2024-05-01T00:00:00.320000Z",
    "sequence": 4,
    "scenario_id": "scenario-089-momentum_ignition",
    "agent_id": "agent-momentum_ignition",
    "order_id": "scenario-089-momentum_ignition-agent-momentum_ignition-4",
    "action": "new",
    "side": "buy",
    "price": 65159.29612,
    "quantity": 0.08,
    "remaining_quantity": 0.08
  },
  {
    "event_id": "47a14cd20ad21372d824b98ebdd317ca466e50ef939992500a87d275aee70388",
    "schema_version": "1.0.0",
    "event_type": "agent_order",
    "source": "synthetic_agent",
    "symbol": "BTCUSDT",
    "exchange": "binance_usdm",
    "timestamp": "2024-05-01T00:00:00.400000Z",
    "sequence": 5,
    "scenario_id": "scenario-089-momentum_ignition",
    "agent_id": "agent-momentum_ignition",
    "order_id": "scenario-089-momentum_ignition-agent-momentum_ignition-5",
    "action": "new",
    "side": "buy",
    "price": 65160.59789999999,
    "quantity": 0.08,
    "remaining_quantity": 0.08
  },
  {
    "event_id": "24bab3d88f278cd86cbacc58d426631eef1d15bc5e120e7aff37f7515e710682",
    "schema_version": "1.0.0",
    "event_type": "agent_order",
    "source": "synthetic_agent",
    "symbol": "BTCUSDT",
    "exchange": "binance_usdm",
    "timestamp": "2024-05-01T00:00:00.480000Z",
    "sequence": 6,
    "scenario_id": "scenario-089-momentum_ignition",
    "agent_id": "agent-momentum_ignition",
    "order_id": "scenario-089-momentum_ignition-agent-momentum_ignition-6",
    "action": "new",
    "side": "buy",
    "price": 65161.89967999999,
    "quantity": 0.08,
    "remaining_quantity": 0.08
  },
  {
    "event_id": "59fb0f38393994fa6193ab28c9684e8071f4e825df9ba28aafef66cdabdf5839",
    "schema_version": "1.0.0",
    "event_type": "agent_order",
    "source": "synthetic_agent",
    "symbol": "BTCUSDT",
    "exchange": "binance_usdm",
    "timestamp": "2024-05-01T00:00:00.560000Z",
    "sequence": 7,
    "scenario_id": "scenario-089-momentum_ignition",
    "agent_id": "agent-momentum_ignition",
    "order_id": "scenario-089-momentum_ignition-agent-momentum_ignition-7",
    "action": "new",
    "side": "buy",
    "price": 65163.20146,
    "quantity": 0.08,
    "remaining_quantity": 0.08
  },
  {
    "event_id": "c84bf0ee19a75dadee80aad5560fa6350433d8fa4a5e86edb71fad192f3d6844",
    "schema_version": "1.0.0",
    "event_type": "agent_order",
    "source": "synthetic_agent",
    "symbol": "BTCUSDT",
    "exchange": "binance_usdm",
    "timestamp": "2024-05-01T00:00:00.640000Z",
    "sequence": 8,
    "scenario_id": "scenario-089-momentum_ignition",
    "agent_id": "agent-momentum_ignition",
    "order_id": "scenario-089-momentum_ignition-agent-momentum_ignition-8",
    "action": "new",
    "side": "buy",
    "price": 65164.50323999999,
    "quantity": 0.08,
    "remaining_quantity": 0.08
  },
  {
    "event_id": "9fd17cdfcf2353ad5f00b1ae1a8025c8de503b58155862e3e6a00fced083c59a",
    "schema_version": "1.0.0",
    "event_type": "agent_order",
    "source": "synthetic_agent",
    "symbol": "BTCUSDT",
    "exchange": "binance_usdm",
    "timestamp": "2024-05-01T00:00:00.720000Z",
    "sequence": 9,
    "scenario_id": "scenario-089-momentum_ignition",
    "agent_id": "agent-momentum_ignition",
    "order_id": "scenario-089-momentum_ignition-agent-momentum_ignition-9",
    "action": "new",
    "side": "buy",
    "price": 65165.80502,
    "quantity": 0.08,
    "remaining_quantity": 0.08
  },
  {
    "event_id": "fc5577099f9e211f4865286730c1551633f0a85572c36aba02cec6cdd2a2153b",
    "schema_version": "1.0.0",
    "event_type": "agent_order",
    "source": "synthetic_agent",
    "symbol": "BTCUSDT",
    "exchange": "binance_usdm",
    "timestamp": "2024-05-01T00:00:00.800000Z",
    "sequence": 10,
    "scenario_id": "scenario-089-momentum_ignition",
    "agent_id": "agent-momentum_ignition",
    "order_id": "scenario-089-momentum_ignition-agent-momentum_ignition-10",
    "action": "new",
    "side": "buy",
    "price": 65167.106799999994,
    "quantity": 0.08,
    "remaining_quantity": 0.08
  },
  {
    "event_id": "a202679ac5b04205ce7fed310dc890bd1c329bc00968a7dc2fa1446910151297",
    "schema_version": "1.0.0",
    "event_type": "agent_order",
    "source": "synthetic_agent",
    "symbol": "BTCUSDT",
    "exchange": "binance_usdm",
    "timestamp": "2024-05-01T00:00:00.880000Z",
    "sequence": 11,
    "scenario_id": "scenario-089-momentum_ignition",
    "agent_id": "agent-momentum_ignition",
    "order_id": "scenario-089-momentum_ignition-agent-momentum_ignition-11",
    "action": "new",
    "side": "buy",
    "price": 65168.40858,
    "quantity": 0.08,
    "remaining_quantity": 0.08
  },
  {
    "event_id": "93881731104b1a04e1641bdef7b6b021dcf1509347ca1fd09bf86ce444b74546",
    "schema_version": "1.0.0",
    "event_type": "agent_order",
    "source": "synthetic_agent",
    "symbol": "BTCUSDT",
    "exchange": "binance_usdm",
    "timestamp": "2024-05-01T00:00:00.960000Z",
    "sequence": 12,
    "scenario_id": "scenario-089-momentum_ignition",
    "agent_id": "agent-momentum_ignition",
    "order_id": "scenario-089-momentum_ignition-agent-momentum_ignition-12",
    "action": "new",
    "side": "buy",
    "price": 65169.71036,
    "quantity": 0.08,
    "remaining_quantity": 0.08
  },
  {
    "event_id": "605c6b2ce87308b9a817ebc8db27d8b0efdccb1160d521976e04d3c31cf5853a",
    "schema_version": "1.0.0",
    "event_type": "agent_order",
    "source": "synthetic_agent",
    "symbol": "BTCUSDT",
    "exchange": "binance_usdm",
    "timestamp": "2024-05-01T00:00:01.040000Z",
    "sequence": 13,
    "scenario_id": "scenario-089-momentum_ignition",
    "agent_id": "agent-momentum_ignition",
    "order_id": "scenario-089-momentum_ignition-agent-momentum_ignition-13",
    "action": "new",
    "side": "buy",
    "price": 65171.01213999999,
    "quantity": 0.08,
    "remaining_quantity": 0.08
  },
  {
    "event_id": "08c9f0d413067023a8eb7bd0d9549528d39187c84ffc7ea55589288a7b014347",
    "schema_version": "1.0.0",
    "event_type": "agent_order",
    "source": "synthetic_agent",
    "symbol": "BTCUSDT",
    "exchange": "binance_usdm",
    "timestamp": "2024-05-01T00:00:01.120000Z",
    "sequence": 14,
    "scenario_id": "scenario-089-momentum_ignition",
    "agent_id": "agent-momentum_ignition",
    "order_id": "scenario-089-momentum_ignition-agent-momentum_ignition-14",
    "action": "new",
    "side": "buy",
    "price": 65172.31391999999,
    "quantity": 0.08,
    "remaining_quantity": 0.08
  },
  {
    "event_id": "9f16e47f76373efdcbe522de4e20e7d50fb82af783ac7290df1867b970ab8379",
    "schema_version": "1.0.0",
    "event_type": "agent_order",
    "source": "synthetic_agent",
    "symbol": "BTCUSDT",
    "exchange": "binance_usdm",
    "timestamp": "2024-05-01T00:00:01.200000Z",
    "sequence": 15,
    "scenario_id": "scenario-089-momentum_ignition",
    "agent_id": "agent-momentum_ignition",
    "order_id": "scenario-089-momentum_ignition-agent-momentum_ignition-15",
    "action": "new",
    "side": "buy",
    "price": 65173.61569999999,
    "quantity": 0.08,
    "remaining_quantity": 0.08
  },
  {
    "event_id": "0081c429f9f85dc2533d34f15acaabfa248a9413ab54e63d8de3d0d335a8373a",
    "schema_version": "1.0.0",
    "event_type": "agent_order",
    "source": "synthetic_agent",
    "symbol": "BTCUSDT",
    "exchange": "binance_usdm",
    "timestamp": "2024-05-01T00:00:01.280000Z",
    "sequence": 16,
    "scenario_id": "scenario-089-momentum_ignition",
    "agent_id": "agent-momentum_ignition",
    "order_id": "scenario-089-momentum_ignition-agent-momentum_ignition-16",
    "action": "new",
    "side": "buy",
    "price": 65174.91748,
    "quantity": 0.08,
    "remaining_quantity": 0.08
  },
  {
    "event_id": "0312a1759f9b7c25354ff978d9e70bd78d12dd475ec7729a92a0f487b47dc53b",
    "schema_version": "1.0.0",
    "event_type": "agent_order",
    "source": "synthetic_agent",
    "symbol": "BTCUSDT",
    "exchange": "binance_usdm",
    "timestamp": "2024-05-01T00:00:01.360000Z",
    "sequence": 17,
    "scenario_id": "scenario-089-momentum_ignition",
    "agent_id": "agent-momentum_ignition",
    "order_id": "scenario-089-momentum_ignition-agent-momentum_ignition-17",
    "action": "new",
    "side": "buy",
    "price": 65176.21925999999,
    "quantity": 0.08,
    "remaining_quantity": 0.08
  },
  {
    "event_id": "64c97a211f8c8472acdf05afde20371b1d4400bd733b5e9316928dbcc18d1d52",
    "schema_version": "1.0.0",
    "event_type": "agent_order",
    "source": "synthetic_agent",
    "symbol": "BTCUSDT",
    "exchange": "binance_usdm",
    "timestamp": "2024-05-01T00:00:01.440000Z",
    "sequence": 18,
    "scenario_id": "scenario-089-momentum_ignition",
    "agent_id": "agent-momentum_ignition",
    "order_id": "scenario-089-momentum_ignition-agent-momentum_ignition-18",
    "action": "new",
    "side": "buy",
    "price": 65177.521039999985,
    "quantity": 0.08,
    "remaining_quantity": 0.08
  },
  {
    "event_id": "41dd0a9a8106aa79c3e2fcd28186d261b450b3be837a9a6810c9d5a84c7d538e",
    "schema_version": "1.0.0",
    "event_type": "agent_order",
    "source": "synthetic_agent",
    "symbol": "BTCUSDT",
    "exchange": "binance_usdm",
    "timestamp": "2024-05-01T00:00:01.520000Z",
    "sequence": 19,
    "scenario_id": "scenario-089-momentum_ignition",
    "agent_id": "agent-momentum_ignition",
    "order_id": "scenario-089-momentum_ignition-agent-momentum_ignition-19",
    "action": "new",
    "side": "buy",
    "price": 65178.822819999994,
    "quantity": 0.08,
    "remaining_quantity": 0.08
  },
  {
    "event_id": "bfacf9655008e86a1d1214bc180eda00c3f66cfc3be489353655bd8bd65ad639",
    "schema_version": "1.0.0",
    "event_type": "agent_order",
    "source": "synthetic_agent",
    "symbol": "BTCUSDT",
    "exchange": "binance_usdm",
    "timestamp": "2024-05-01T00:00:01.600000Z",
    "sequence": 20,
    "scenario_id": "scenario-089-momentum_ignition",
    "agent_id": "agent-momentum_ignition",
    "order_id": "scenario-089-momentum_ignition-agent-momentum_ignition-20",
    "action": "new",
    "side": "buy",
    "price": 65180.12459999999,
    "quantity": 0.08,
    "remaining_quantity": 0.08
  },
  {
    "event_id": "0856b980c620d9ebdef2eba4d4ff29cc2d7e5df093740897b9ef753648cc5bfd",
    "schema_version": "1.0.0",
    "event_type": "agent_order",
    "source": "synthetic_agent",
    "symbol": "BTCUSDT",
    "exchange": "binance_usdm",
    "timestamp": "2024-05-01T00:00:01.680000Z",
    "sequence": 21,
    "scenario_id": "scenario-089-momentum_ignition",
    "agent_id": "agent-momentum_ignition",
    "order_id": "scenario-089-momentum_ignition-agent-momentum_ignition-21",
    "action": "new",
    "side": "buy",
    "price": 65181.42638,
    "quantity": 0.08,
    "remaining_quantity": 0.08
  },
  {
    "event_id": "d15fccfb1e9681e834666883a011cfed12c461ae4b3c43951ae664174a2f1956",
    "schema_version": "1.0.0",
    "event_type": "agent_order",
    "source": "synthetic_agent",
    "symbol": "BTCUSDT",
    "exchange": "binance_usdm",
    "timestamp": "2024-05-01T00:00:01.760000Z",
    "sequence": 22,
    "scenario_id": "scenario-089-momentum_ignition",
    "agent_id": "agent-momentum_ignition",
    "order_id": "scenario-089-momentum_ignition-agent-momentum_ignition-22",
    "action": "new",
    "side": "buy",
    "price": 65182.72815999999,
    "quantity": 0.08,
    "remaining_quantity": 0.08
  },
  {
    "event_id": "d3105ee10b05b0be33fe402dbc8874f323f9d37007c71adfd024edeef0f3fba4",
    "schema_version": "1.0.0",
    "event_type": "agent_order",
    "source": "synthetic_agent",
    "symbol": "BTCUSDT",
    "exchange": "binance_usdm",
    "timestamp": "2024-05-01T00:00:01.840000Z",
    "sequence": 23,
    "scenario_id": "scenario-089-momentum_ignition",
    "agent_id": "agent-momentum_ignition",
    "order_id": "scenario-089-momentum_ignition-agent-momentum_ignition-23",
    "action": "new",
    "side": "buy",
    "price": 65184.029939999986,
    "quantity": 0.08,
    "remaining_quantity": 0.08
  },
  {
    "event_id": "36a6fbd12046ee726d6a0b15c1ecfb8c448b68e6269141d22dcc9a29a6eaa626",
    "schema_version": "1.0.0",
    "event_type": "agent_order",
    "source": "synthetic_agent",
    "symbol": "BTCUSDT",
    "exchange": "binance_usdm",
    "timestamp": "2024-05-01T00:00:01.920000Z",
    "sequence": 24,
    "scenario_id": "scenario-089-momentum_ignition",
    "agent_id": "agent-momentum_ignition",
    "order_id": "scenario-089-momentum_ignition-agent-momentum_ignition-24",
    "action": "new",
    "side": "buy",
    "price": 65185.331719999995,
    "quantity": 0.08,
    "remaining_quantity": 0.08
  },
  {
    "event_id": "826027b79d95841bd81c0ccb1ece1ac3e66e7a73bd37b62e381fde8e40494c9a",
    "schema_version": "1.0.0",
    "event_type": "agent_order",
    "source": "synthetic_agent",
    "symbol": "BTCUSDT",
    "exchange": "binance_usdm",
    "timestamp": "2024-05-01T00:00:02Z",
    "sequence": 25,
    "scenario_id": "scenario-089-momentum_ignition",
    "agent_id": "agent-momentum_ignition",
    "order_id": "scenario-089-momentum_ignition-agent-momentum_ignition-25",
    "action": "new",
    "side": "buy",
    "price": 65186.63349999999,
    "quantity": 0.08,
    "remaining_quantity": 0.08
  },
  {
    "event_id": "30225020d71d09d27036bf95e8c0ed94ca531cc8d97fe06d4e81d2d5a5ece237",
    "schema_version": "1.0.0",
    "event_type": "agent_order",
    "source": "synthetic_agent",
    "symbol": "BTCUSDT",
    "exchange": "binance_usdm",
    "timestamp": "2024-05-01T00:00:02.080000Z",
    "sequence": 26,
    "scenario_id": "scenario-089-momentum_ignition",
    "agent_id": "agent-momentum_ignition",
    "order_id": "scenario-089-momentum_ignition-agent-momentum_ignition-26",
    "action": "new",
    "side": "buy",
    "price": 65187.93528,
    "quantity": 0.08,
    "remaining_quantity": 0.08
  },
  {
    "event_id": "5de173140923480d6c0078c4e77ca49baaf9eec11007d0025b725e2a4246278b",
    "schema_version": "1.0.0",
    "event_type": "agent_order",
    "source": "synthetic_agent",
    "symbol": "BTCUSDT",
    "exchange": "binance_usdm",
    "timestamp": "2024-05-01T00:00:02.160000Z",
    "sequence": 27,
    "scenario_id": "scenario-089-momentum_ignition",
    "agent_id": "agent-momentum_ignition",
    "order_id": "scenario-089-momentum_ignition-agent-momentum_ignition-27",
    "action": "new",
    "side": "buy",
    "price": 65189.23705999999,
    "quantity": 0.08,
    "remaining_quantity": 0.08
  },
  {
    "event_id": "0b4b3821a0d8b1b272d6c7e77805e658e083e2c18332e5ee52cd86e4c31b3e03",
    "schema_version": "1.0.0",
    "event_type": "agent_order",
    "source": "synthetic_agent",
    "symbol": "BTCUSDT",
    "exchange": "binance_usdm",
    "timestamp": "2024-05-01T00:00:02.240000Z",
    "sequence": 28,
    "scenario_id": "scenario-089-momentum_ignition",
    "agent_id": "agent-momentum_ignition",
    "order_id": "scenario-089-momentum_ignition-agent-momentum_ignition-28",
    "action": "new",
    "side": "buy",
    "price": 65190.53883999999,
    "quantity": 0.08,
    "remaining_quantity": 0.08
  },
  {
    "event_id": "992604789fcbe4f545d5b81e1766d4bea9d83e32a6776854a7f02ca3134bf3b7",
    "schema_version": "1.0.0",
    "event_type": "agent_order",
    "source": "synthetic_agent",
    "symbol": "BTCUSDT",
    "exchange": "binance_usdm",
    "timestamp": "2024-05-01T00:00:02.320000Z",
    "sequence": 29,
    "scenario_id": "scenario-089-momentum_ignition",
    "agent_id": "agent-momentum_ignition",
    "order_id": "scenario-089-momentum_ignition-agent-momentum_ignition-29",
    "action": "new",
    "side": "buy",
    "price": 65191.840619999995,
    "quantity": 0.08,
    "remaining_quantity": 0.08
  }
]