[
  {
    "event_id": "53981a73bfc48daaf85b8cb0364f2b1f473aa72f864fbd0d43b537bf26058609",
    "schema_version": "1.0.0",
    "event_type": "agent_order",
    "source": "synthetic_agent",
    "symbol": "BTCUSDT",
    "exchange": "binance_usdm",
    "timestamp": "2024-05-01T00:00:00Z",
    "sequence": 0,
    "scenario_id": "scenario-468-passive_market_maker",
    "agent_id": "agent-passive_market_maker",
    "order_id": "scenario-468-passive_market_maker-agent-passive_market_maker-0",
    "action": "new",
    "side": "buy",
    "price": 65402.532,
    "quantity": 0.01,
    "remaining_quantity": 0.01
  },
  {
    "event_id": "bbf6898422d288ed40bd8058dfc6c6a5c7c8f64a80bd452a61ff784e8502fe74",
    "schema_version": "1.0.0",
    "event_type": "agent_order",
    "source": "synthetic_agent",
    "symbol": "BTCUSDT",
    "exchange": "binance_usdm",
    "timestamp": "2024-05-01T00:00:00.100000Z",
    "sequence": 1,
    "scenario_id": "scenario-468-passive_market_maker",
    "agent_id": "agent-passive_market_maker",
    "order_id": "scenario-468-passive_market_maker-agent-passive_market_maker-1",
    "action": "new",
    "side": "sell",
    "price": 65533.46799999999,
    "quantity": 0.01,
    "remaining_quantity": 0.01
  },
  {
    "event_id": "9f5bbf034aadd6da7f7873dddab79234df76a8062f6259a414cc731c54f4232b",
    "schema_version": "1.0.0",
    "event_type": "agent_order",
    "source": "synthetic_agent",
    "symbol": "BTCUSDT",
    "exchange": "binance_usdm",
    "timestamp": "2024-05-01T00:00:00.200000Z",
    "sequence": 2,
    "scenario_id": "scenario-468-passive_market_maker",
    "agent_id": "agent-passive_market_maker",
    "order_id": "scenario-468-passive_market_maker-agent-passive_market_maker-2",
    "action": "new",
    "side": "buy",
    "price": 65402.532,
    "quantity": 0.01,
    "remaining_quantity": 0.01
  },
  {
    "event_id": "cf0b13c819105aa349f4447277402560ee9120db3aa08e28862f685e0f7eab2f",
    "schema_version": "1.0.0",
    "event_type": "agent_order",
    "source": "synthetic_agent",
    "symbol": "BTCUSDT",
    "exchange": "binance_usdm",
    "timestamp": "2024-05-01T00:00:00.300000Z",
    "sequence": 3,
    "scenario_id": "scenario-468-passive_market_maker",
    "agent_id": "agent-passive_market_maker",
    "order_id": "scenario-468-passive_market_maker-agent-passive_market_maker-3",
    "action": "new",
    "side": "sell",
    "price": 65533.46799999999,
    "quantity": 0.01,
    "remaining_quantity": 0.01
  },
  {
    "event_id": "d9d8b061918f1474a1055a9c85e0b0ac3d947d855e06eb63bbe0ae00eaf07466",
    "schema_version": "1.0.0",
    "event_type": "agent_order",
    "source": "synthetic_agent",
    "symbol": "BTCUSDT",
    "exchange": "binance_usdm",
    "timestamp": "2024-05-01T00:00:00.400000Z",
    "sequence": 4,
    "scenario_id": "scenario-468-passive_market_maker",
    "agent_id": "agent-passive_market_maker",
    "order_id": "scenario-468-passive_market_maker-agent-passive_market_maker-4",
    "action": "new",
    "side": "buy",
    "price": 65402.532,
    "quantity": 0.01,
    "remaining_quantity": 0.01
  },
  {
    "event_id": "25073dfdfcdc452ae0705a5fe500412fddaad3a7f88dc6c6fb945eda01b70456",
    "schema_version": "1.0.0",
    "event_type": "agent_order",
    "source": "synthetic_agent",
    "symbol": "BTCUSDT",
    "exchange": "binance_usdm",
    "timestamp": "2024-05-01T00:00:00.500000Z",
    "sequence": 5,
    "scenario_id": "scenario-468-passive_market_maker",
    "agent_id": "agent-passive_market_maker",
    "order_id": "scenario-468-passive_market_maker-agent-passive_market_maker-5",
    "action": "new",
    "side": "sell",
    "price": 65533.46799999999,
    "quantity": 0.01,
    "remaining_quantity": 0.01
  },
  {
    "event_id": "104109bfc7d8df17ba200c786535d6f6b60ffaf3e9ddd5dc658cc5c21d0aed5e",
    "schema_version": "1.0.0",
    "event_type": "agent_order",
    "source": "synthetic_agent",
    "symbol": "BTCUSDT",
    "exchange": "binance_usdm",
    "timestamp": "2024-05-01T00:00:00.600000Z",
    "sequence": 6,
    "scenario_id": "scenario-468-passive_market_maker",
    "agent_id": "agent-passive_market_maker",
    "order_id": "scenario-468-passive_market_maker-agent-passive_market_maker-6",
    "action": "new",
    "side": "buy",
    "price": 65402.532,
    "quantity": 0.01,
    "remaining_quantity": 0.01
  },
  {
    "event_id": "27e13d4db0609cdf7876c0ad18ea3676c9448c19831ef8d2f1ef2ebc77bc5d79",
    "schema_version": "1.0.0",
    "event_type": "agent_order",
    "source": "synthetic_agent",
    "symbol": "BTCUSDT",
    "exchange": "binance_usdm",
    "timestamp": "2024-05-01T00:00:00.700000Z",
    "sequence": 7,
    "scenario_id": "scenario-468-passive_market_maker",
    "agent_id": "agent-passive_market_maker",
    "order_id": "scenario-468-passive_market_maker-agent-passive_market_maker-7",
    "action": "new",
    "side": "sell",
    "price": 65533.46799999999,
    "quantity": 0.01,
    "remaining_quantity": 0.01
  },
  {
    "event_id": "bea1303c2d3199e962d40d45ed1e075b38c53218d4d7d0230af1cced441e1736",
    "schema_version": "1.0.0",
    "event_type": "agent_order",
    "source": "synthetic_agent",
    "symbol": "BTCUSDT",
    "exchange": "binance_usdm",
    "timestamp": "2024-05-01T00:00:00.800000Z",
    "sequence": 8,
    "scenario_id": "scenario-468-passive_market_maker",
    "agent_id": "agent-passive_market_maker",
    "order_id": "scenario-468-passive_market_maker-agent-passive_market_maker-8",
    "action": "new",
    "side": "buy",
    "price": 65402.532,
    "quantity": 0.01,
    "remaining_quantity": 0.01
  },
  {
    "event_id": "e8259badbe85a1406eb738b653cee0fce177b36829d5f405f222b2a25e1c0e6c",
    "schema_version": "1.0.0",
    "event_type": "agent_order",
    "source": "synthetic_agent",
    "symbol": "BTCUSDT",
    "exchange": "binance_usdm",
    "timestamp": "2024-05-01T00:00:00.900000Z",
    "sequence": 9,
    "scenario_id": "scenario-468-passive_market_maker",
    "agent_id": "agent-passive_market_maker",
    "order_id": "scenario-468-passive_market_maker-agent-passive_market_maker-9",
    "action": "new",
    "side": "sell",
    "price": 65533.46799999999,
    "quantity": 0.01,
    "remaining_quantity": 0.01
  },
  {
    "event_id": "65356f93f9c902f30cb984e03ff8357982ba52860965304af0ac3529eb4b86da",
    "schema_version": "1.0.0",
    "event_type": "agent_order",
    "source": "synthetic_agent",
    "symbol": "BTCUSDT",
    "exchange": "binance_usdm",
    "timestamp": "2024-05-01T00:00:01Z",
    "sequence": 10,
    "scenario_id": "scenario-468-passive_market_maker",
    "agent_id": "agent-passive_market_maker",
    "order_id": "scenario-468-passive_market_maker-agent-passive_market_maker-10",
    "action": "new",
    "side": "buy",
    "price": 65402.532,
    "quantity": 0.01,
    "remaining_quantity": 0.01
  },
  {
    "event_id": "a1aad6580be1685bf46838963a702cd00301cb9d1607f0532589122d74fd1d86",
    "schema_version": "1.0.0",
    "event_type": "agent_order",
    "source": "synthetic_agent",
    "symbol": "BTCUSDT",
    "exchange": "binance_usdm",
    "timestamp": "2024-05-01T00:00:01.100000Z",
    "sequence": 11,
    "scenario_id": "scenario-468-passive_market_maker",
    "agent_id": "agent-passive_market_maker",
    "order_id": "scenario-468-passive_market_maker-agent-passive_market_maker-11",
    "action": "new",
    "side": "sell",
    "price": 65533.46799999999,
    "quantity": 0.01,
    "remaining_quantity": 0.01
  },
  {
    "event_id": "2ce57f47eb63af658cdbd0cea1d478d816eb570a266c0cf6d4409ff21118ffc5",
    "schema_version": "1.0.0",
    "event_type": "agent_order",
    "source": "synthetic_agent",
    "symbol": "BTCUSDT",
    "exchange": "binance_usdm",
    "timestamp": "2024-05-01T00:00:01.200000Z",
    "sequence": 12,
    "scenario_id": "scenario-468-passive_market_maker",
    "agent_id": "agent-passive_market_maker",
    "order_id": "scenario-468-passive_market_maker-agent-passive_market_maker-12",
    "action": "new",
    "side": "buy",
    "price": 65402.532,
    "quantity": 0.01,
    "remaining_quantity": 0.01
  },
  {
    "event_id": "57723990b000a334834c1db96c92d6290044acfcb5c7b7b08ca4156c62a0bfa4",
    "schema_version": "1.0.0",
    "event_type": "agent_order",
    "source": "synthetic_agent",
    "symbol": "BTCUSDT",
    "exchange": "binance_usdm",
    "timestamp": "2024-05-01T00:00:01.300000Z",
    "sequence": 13,
    "scenario_id": "scenario-468-passive_market_maker",
    "agent_id": "agent-passive_market_maker",
    "order_id": "scenario-468-passive_market_maker-agent-passive_market_maker-13",
    "action": "new",
    "side": "sell",
    "price": 65533.46799999999,
    "quantity": 0.01,
    "remaining_quantity": 0.01
  },
  {
    "event_id": "4198073ab92d9b2adf01b14ea7871d241c827a81abf2e28587c3ed0018da9fe0",
    "schema_version": "1.0.0",
    "event_type": "agent_order",
    "source": "synthetic_agent",
    "symbol": "BTCUSDT",
    "exchange": "binance_usdm",
    "timestamp": "2024-05-01T00:00:01.400000Z",
    "sequence": 14,
    "scenario_id": "scenario-468-passive_market_maker",
    "agent_id": "agent-passive_market_maker",
    "order_id": "scenario-468-passive_market_maker-agent-passive_market_maker-14",
    "action": "new",
    "side": "buy",
    "price": 65402.532,
    "quantity": 0.01,
    "remaining_quantity": 0.01
  },
  {
    "event_id": "62e472ccc87cb047ecab15ce2576ebc4e98f40c3f201e69f4f569e94b6a0f73d",
    "schema_version": "1.0.0",
    "event_type": "agent_order",
    "source": "synthetic_agent",
    "symbol": "BTCUSDT",
    "exchange": "binance_usdm",
    "timestamp": "2024-05-01T00:00:01.500000Z",
    "sequence": 15,
    "scenario_id": "scenario-468-passive_market_maker",
    "agent_id": "agent-passive_market_maker",
    "order_id": "scenario-468-passive_market_maker-agent-passive_market_maker-15",
    "action": "new",
    "side": "sell",
    "price": 65533.46799999999,
    "quantity": 0.01,
    "remaining_quantity": 0.01
  },
  {
    "event_id": "9e73ebffdebe9ea4ce2f4f4d6be17c177b9bef82b2f7634dd70c8cff7af44bc0",
    "schema_version": "1.0.0",
    "event_type": "agent_order",
    "source": "synthetic_agent",
    "symbol": "BTCUSDT",
    "exchange": "binance_usdm",
    "timestamp": "2024-05-01T00:00:01.600000Z",
    "sequence": 16,
    "scenario_id": "scenario-468-passive_market_maker",
    "agent_id": "agent-passive_market_maker",
    "order_id": "scenario-468-passive_market_maker-agent-passive_market_maker-16",
    "action": "new",
    "side": "buy",
    "price": 65402.532,
    "quantity": 0.01,
    "remaining_quantity": 0.01
  },
  {
    "event_id": "7e202599bae825c41b31d63733ade78f37fdd1c8be9985f6cfdca65a026d5ae1",
    "schema_version": "1.0.0",
    "event_type": "agent_order",
    "source": "synthetic_agent",
    "symbol": "BTCUSDT",
    "exchange": "binance_usdm",
    "timestamp": "2024-05-01T00:00:01.700000Z",
    "sequence": 17,
    "scenario_id": "scenario-468-passive_market_maker",
    "agent_id": "agent-passive_market_maker",
    "order_id": "scenario-468-passive_market_maker-agent-passive_market_maker-17",
    "action": "new",
    "side": "sell",
    "price": 65533.46799999999,
    "quantity": 0.01,
    "remaining_quantity": 0.01
  },
  {
    "event_id": "3de592bcf86993cefdd1c2eeac1ffec61fe405f3fa2f13d97328257b0212fe77",
    "schema_version": "1.0.0",
    "event_type": "agent_order",
    "source": "synthetic_agent",
    "symbol": "BTCUSDT",
    "exchange": "binance_usdm",
    "timestamp": "2024-05-01T00:00:01.800000Z",
    "sequence": 18,
    "scenario_id": "scenario-468-passive_market_maker",
    "agent_id": "agent-passive_market_maker",
    "order_id": "scenario-468-passive_market_maker-agent-passive_market_maker-18",
    "action": "new",
    "side": "buy",
    "price": 65402.532,
    "quantity": 0.01,
    "remaining_quantity": 0.01
  },
  {
    "event_id": "59ce798bdb420c32850389cda9345961ee212f7e9b972c3b9542e6ef612f6cd5",
    "schema_version": "1.0.0",
    "event_type": "agent_order",
    "source": "synthetic_agent",
    "symbol": "BTCUSDT",
    "exchange": "binance_usdm",
    "timestamp": "2024-05-01T00:00:01.900000Z",
    "sequence": 19,
    "scenario_id": "scenario-468-passive_market_maker",
    "agent_id": "agent-passive_market_maker",
    "order_id": "scenario-468-passive_market_maker-agent-passive_market_maker-19",
    "action": "new",
    "side": "sell",
    "price": 65533.46799999999,
    "quantity": 0.01,
    "remaining_quantity": 0.01
  },
  {
    "event_id": "2de3a7917b951fa68d4ce340c8ccae9becb9465dab578cef8a706ce14b207ba5",
    "schema_version": "1.0.0",
    "event_type": "agent_order",
    "source": "synthetic_agent",
    "symbol": "BTCUSDT",
    "exchange": "binance_usdm",
    "timestamp": "2024-05-01T00:00:02Z",
    "sequence": 20,
    "scenario_id": "scenario-468-passive_market_maker",
    "agent_id": "agent-passive_market_maker",
    "order_id": "scenario-468-passive_market_maker-agent-passive_market_maker-20",
    "action": "new",
    "side": "buy",
    "price": 65402.532,
    "quantity": 0.01,
    "remaining_quantity": 0.01
  },
  {
    "event_id": "507e61be6759478798629597b09eca73a330a49ceb94e1815f2cc22c41f351b7",
    "schema_version": "1.0.0",
    "event_type": "agent_order",
    "source": "synthetic_agent",
    "symbol": "BTCUSDT",
    "exchange": "binance_usdm",
    "timestamp": "2024-05-01T00:00:02.100000Z",
    "sequence": 21,
    "scenario_id": "scenario-468-passive_market_maker",
    "agent_id": "agent-passive_market_maker",
    "order_id": "scenario-468-passive_market_maker-agent-passive_market_maker-21",
    "action": "new",
    "side": "sell",
    "price": 65533.46799999999,
    "quantity": 0.01,
    "remaining_quantity": 0.01
  },
  {
    "event_id": "95ab62ffb4436dbed009ef714a9da787ea31f9930d94f1728aaa7ed5bdfd0bd4",
    "schema_version": "1.0.0",
    "event_type": "agent_order",
    "source": "synthetic_agent",
    "symbol": "BTCUSDT",
    "exchange": "binance_usdm",
    "timestamp": "2024-05-01T00:00:02.200000Z",
    "sequence": 22,
    "scenario_id": "scenario-468-passive_market_maker",
    "agent_id": "agent-passive_market_maker",
    "order_id": "scenario-468-passive_market_maker-agent-passive_market_maker-22",
    "action": "new",
    "side": "buy",
    "price": 65402.532,
    "quantity": 0.01,
    "remaining_quantity": 0.01
  },
  {
    "event_id": "33264607764e6e029d4d3392078984d1e1d5acb544c99358853dbfe38f01282a",
    "schema_version": "1.0.0",
    "event_type": "agent_order",
    "source": "synthetic_agent",
    "symbol": "BTCUSDT",
    "exchange": "binance_usdm",
    "timestamp": "2024-05-01T00:00:02.300000Z",
    "sequence": 23,
    "scenario_id": "scenario-468-passive_market_maker",
    "agent_id": "agent-passive_market_maker",
    "order_id": "scenario-468-passive_market_maker-agent-passive_market_maker-23",
    "action": "new",
    "side": "sell",
    "price": 65533.46799999999,
    "quantity": 0.01,
    "remaining_quantity": 0.01
  },
  {
    "event_id": "47a043b58dc170ea46d9aae84b210002cdfcd52badcd8c83a7c5451536b2ae10",
    "schema_version": "1.0.0",
    "event_type": "agent_order",
    "source": "synthetic_agent",
    "symbol": "BTCUSDT",
    "exchange": "binance_usdm",
    "timestamp": "2024-05-01T00:00:02.400000Z",
    "sequence": 24,
    "scenario_id": "scenario-468-passive_market_maker",
    "agent_id": "agent-passive_market_maker",
    "order_id": "scenario-468-passive_market_maker-agent-passive_market_maker-24",
    "action": "new",
    "side": "buy",
    "price": 65402.532,
    "quantity": 0.01,
    "remaining_quantity": 0.01
  },
  {
    "event_id": "a2f60ca1fc04c5aff7d6507131eb4fd9f838a12abeb31afaf9081ae943166b82",
    "schema_version": "1.0.0",
    "event_type": "agent_order",
    "source": "synthetic_agent",
    "symbol": "BTCUSDT",
    "exchange": "binance_usdm",
    "timestamp": "2024-05-01T00:00:02.500000Z",
    "sequence": 25,
    "scenario_id": "scenario-468-passive_market_maker",
    "agent_id": "agent-passive_market_maker",
    "order_id": "scenario-468-passive_market_maker-agent-passive_market_maker-25",
    "action": "new",
    "side": "sell",
    "price": 65533.46799999999,
    "quantity": 0.01,
    "remaining_quantity": 0.01
  },
  {
    "event_id": "62902058fbb4c49d2c7458e961b30f8d7cf3916a81492d0df262d7df7a22f99e",
    "schema_version": "1.0.0",
    "event_type": "agent_order",
    "source": "synthetic_agent",
    "symbol": "BTCUSDT",
    "exchange": "binance_usdm",
    "timestamp": "2024-05-01T00:00:02.600000Z",
    "sequence": 26,
    "scenario_id": "scenario-468-passive_market_maker",
    "agent_id": "agent-passive_market_maker",
    "order_id": "scenario-468-passive_market_maker-agent-passive_market_maker-26",
    "action": "new",
    "side": "buy",
    "price": 65402.532,
    "quantity": 0.01,
    "remaining_quantity": 0.01
  },
  {
    "event_id": "ae9b9aa79827afddb60367664f6325b431dd2d8f751be5730b9f798b92705468",
    "schema_version": "1.0.0",
    "event_type": "agent_order",
    "source": "synthetic_agent",
    "symbol": "BTCUSDT",
    "exchange": "binance_usdm",
    "timestamp": "2024-05-01T00:00:02.700000Z",
    "sequence": 27,
    "scenario_id": "scenario-468-passive_market_maker",
    "agent_id": "agent-passive_market_maker",
    "order_id": "scenario-468-passive_market_maker-agent-passive_market_maker-27",
    "action": "new",
    "side": "sell",
    "price": 65533.46799999999,
    "quantity": 0.01,
    "remaining_quantity": 0.01
  },
  {
    "event_id": "1f69d1c74ea37884d381cb7be1844603a9005761957416d93e8ad3c041da2885",
    "schema_version": "1.0.0",
    "event_type": "agent_order",
    "source": "synthetic_agent",
    "symbol": "BTCUSDT",
    "exchange": "binance_usdm",
    "timestamp": "2024-05-01T00:00:02.800000Z",
    "sequence": 28,
    "scenario_id": "scenario-468-passive_market_maker",
    "agent_id": "agent-passive_market_maker",
    "order_id": "scenario-468-passive_market_maker-agent-passive_market_maker-28",
    "action": "new",
    "side": "buy",
    "price": 65402.532,
    "quantity": 0.01,
    "remaining_quantity": 0.01
  },
  {
    "event_id": "73d21989677141b96484801b90be1d4b66579b679ece37791052918697785681",
    "schema_version": "1.0.0",
    "event_type": "agent_order",
    "source": "synthetic_agent",
    "symbol": "BTCUSDT",
    "exchange": "binance_usdm",
    "timestamp": "2024-05-01T00:00:02.900000Z",
    "sequence": 29,
    "scenario_id": "scenario-468-passive_market_maker",
    "agent_id": "agent-passive_market_maker",
    "order_id": "scenario-468-passive_market_maker-agent-passive_market_maker-29",
    "action": "new",
    "side": "sell",
    "price": 65533.46799999999,
    "quantity": 0.01,
    "remaining_quantity": 0.01
  }
]