[
  {
    "event_id": "8cd703891e66b49c81f7b8e8e6c072190837569cbf28f49404a18acf8a6ae297",
    "schema_version": "1.0.0",
    "event_type": "agent_order",
    "source": "synthetic_agent",
    "symbol": "BTCUSDT",
    "exchange": "binance_usdm",
    "timestamp": "2024-05-01T00:00:00Z",
    "sequence": 0,
    "scenario_id": "scenario-053-momentum_ignition",
    "agent_id": "agent-momentum_ignition",
    "order_id": "scenario-053-momentum_ignition-agent-momentum_ignition-0",
    "action": "new",
    "side": "buy",
    "price": 65118.05299999999,
    "quantity": 0.08,
    "remaining_quantity": 0.08
  },
  {
    "event_id": "0f0c7a5812c7e810d20507ae8cbd407eebc42c27828463ca8c11b1d89345fca5",
    "schema_version": "1.0.0",
    "event_type": "agent_order",
    "source": "synthetic_agent",
    "symbol": "BTCUSDT",
    "exchange": "binance_usdm",
    "timestamp": "2024-05-01T00:00:00.080000Z",
    "sequence": 1,
    "scenario_id": "scenario-053-momentum_ignition",
    "agent_id": "agent-momentum_ignition",
    "order_id": "scenario-053-momentum_ignition-agent-momentum_ignition-1",
    "action": "new",
    "side": "buy",
    "price": 65119.35405999998,
    "quantity": 0.08,
    "remaining_quantity": 0.08
  },
  {
    "event_id": "b51d6a3af45637a7eed92e157413fbc73e5417eebd53dd1f55d58e33f1f1867a",
    "schema_version": "1.0.0",
    "event_type": "agent_order",
    "source": "synthetic_agent",
    "symbol": "BTCUSDT",
    "exchange": "binance_usdm",
    "timestamp": "2024-05-01T00:00:00.160000Z",
    "sequence": 2,
    "scenario_id": "scenario-053-momentum_ignition",
    "agent_id": "agent-momentum_ignition",
    "order_id": "scenario-053-momentum_ignition-agent-momentum_ignition-2",
    "action": "new",
    "side": "buy",
    "price": 65120.655119999996,
    "quantity": 0.08,
    "remaining_quantity": 0.08
  },
  {
    "event_id": "582a3c12f256e681e0e04f1dfadddce9e161c28a4de807b695c7a8cd7f23d533",
    "schema_version": "1.0.0",
    "event_type": "agent_order",
    "source": "synthetic_agent",
    "symbol": "BTCUSDT",
    "exchange": "binance_usdm",
    "timestamp": "2024-05-01T00:00:00.240000Z",
    "sequence": 3,
    "scenario_id": "scenario-053-momentum_ignition",
    "agent_id": "agent-momentum_ignition",
    "order_id": "scenario-053-momentum_ignition-agent-momentum_ignition-3",
    "action": "new",
    "side": "buy",
    "price": 65121.95617999999,
    "quantity": 0.08,
    "remaining_quantity": 0.08
  },
  {
    "event_id": "efc3f3be7b8bff9b8d21710132cd3b7a7131f6c06d71f198da9650ce75ef5b96",
    "schema_version": "1.0.0",
    "event_type": "agent_order",
    "source": "synthetic_agent",
    "symbol": "BTCUSDT",
    "exchange": "binance_usdm",
    "timestamp": "2024-05-01T00:00:00.320000Z",
    "sequence": 4,
    "scenario_id": "scenario-053-momentum_ignition",
    "agent_id": "agent-momentum_ignition",
    "order_id": "scenario-053-momentum_ignition-agent-momentum_ignition-4",
    "action": "new",
    "side": "buy",
    "price": 65123.25724,
    "quantity": 0.08,
    "remaining_quantity": 0.08
  },
  {
    "event_id": "27040f6a83a91b1e368eead896ecf2ce76484c0c16857055797a92058755f419",
    "schema_version": "1.0.0",
    "event_type": "agent_order",
    "source": "synthetic_agent",
    "symbol": "BTCUSDT",
    "exchange": "binance_usdm",
    "timestamp": "2024-05-01T00:00:00.400000Z",
    "sequence": 5,
    "scenario_id": "scenario-053-momentum_ignition",
    "agent_id": "agent-momentum_ignition",
    "order_id": "scenario-053-momentum_ignition-agent-momentum_ignition-5",
    "action": "new",
    "side": "buy",
    "price": 65124.55829999999,
    "quantity": 0.08,
    "remaining_quantity": 0.08
  },
  {
    "event_id": "88549d292b04e7ca1cf65b9a9d69f9aaa2f09b26a7d35cabe0c8c689e562f85b",
    "schema_version": "1.0.0",
    "event_type": "agent_order",
    "source": "synthetic_agent",
    "symbol": "BTCUSDT",
    "exchange": "binance_usdm",
    "timestamp": "2024-05-01T00:00:00.480000Z",
    "sequence": 6,
    "scenario_id": "scenario-053-momentum_ignition",
    "agent_id": "agent-momentum_ignition",
    "order_id": "scenario-053-momentum_ignition-agent-momentum_ignition-6",
    "action": "new",
    "side": "buy",
    "price": 65125.85935999999,
    "quantity": 0.08,
    "remaining_quantity": 0.08
  },
  {
    "event_id": "fd79a8f7407a39d77b421fa588d09fa722f2c8bf9fa00d01c6578b79d48df6b5",
    "schema_version": "1.0.0",
    "event_type": "agent_order",
    "source": "synthetic_agent",
    "symbol": "BTCUSDT",
    "exchange": "binance_usdm",
    "timestamp": "2024-05-01T00:00:00.560000Z",
    "sequence": 7,
    "scenario_id": "scenario-053-momentum_ignition",
    "agent_id": "agent-momentum_ignition",
    "order_id": "scenario-053-momentum_ignition-agent-momentum_ignition-7",
    "action": "new",
    "side": "buy",
    "price": 65127.16041999999,
    "quantity": 0.08,
    "remaining_quantity": 0.08
  },
  {
    "event_id": "4599c41aeb7d3afda9abb91cda8e4adcc2608af9c22fc167fb5ae82d5a343e85",
    "schema_version": "1.0.0",
    "event_type": "agent_order",
    "source": "synthetic_agent",
    "symbol": "BTCUSDT",
    "exchange": "binance_usdm",
    "timestamp": "2024-05-01T00:00:00.640000Z",
    "sequence": 8,
    "scenario_id": "scenario-053-momentum_ignition",
    "agent_id": "agent-momentum_ignition",
    "order_id": "scenario-053-momentum_ignition-agent-momentum_ignition-8",
    "action": "new",
    "side": "buy",
    "price": 65128.46147999999,
    "quantity": 0.08,
    "remaining_quantity": 0.08
  },
  {
    "event_id": "aeed69d7fad14066bb7cf1b21d45bba2d00e3e74c366b64b8fff8ac4878784d4",
    "schema_version": "1.0.0",
    "event_type": "agent_order",
    "source": "synthetic_agent",
    "symbol": "BTCUSDT",
    "exchange": "binance_usdm",
    "timestamp": "2024-05-01T00:00:00.720000Z",
    "sequence": 9,
    "scenario_id": "scenario-053-momentum_ignition",
    "agent_id": "agent-momentum_ignition",
    "order_id": "scenario-053-momentum_ignition-agent-momentum_ignition-9",
    "action": "new",
    "side": "buy",
    "price": 65129.762539999996,
    "quantity": 0.08,
    "remaining_quantity": 0.08
  },
  {
    "event_id": "f1eb890674121559ff03214f20b37146b6e3141947eb2d795a376cf2ec9e97be",
    "schema_version": "1.0.0",
    "event_type": "agent_order",
    "source": "synthetic_agent",
    "symbol": "BTCUSDT",
    "exchange": "binance_usdm",
    "timestamp": "2024-05-01T00:00:00.800000Z",
    "sequence": 10,
    "scenario_id": "scenario-053-momentum_ignition",
    "agent_id": "agent-momentum_ignition",
    "order_id": "scenario-053-momentum_ignition-agent-momentum_ignition-10",
    "action": "new",
    "side": "buy",
    "price": 65131.063599999994,
    "quantity": 0.08,
    "remaining_quantity": 0.08
  },
  {
    "event_id": "a57b557e3400324e07fc92db5abd8999ad2c0569a00fd79e83998caaf5a8d7ef",
    "schema_version": "1.0.0",
    "event_type": "agent_order",
    "source": "synthetic_agent",
    "symbol": "BTCUSDT",
    "exchange": "binance_usdm",
    "timestamp": "2024-05-01T00:00:00.880000Z",
    "sequence": 11,
    "scenario_id": "scenario-053-momentum_ignition",
    "agent_id": "agent-momentum_ignition",
    "order_id": "scenario-053-momentum_ignition-agent-momentum_ignition-11",
    "action": "new",
    "side": "buy",
    "price": 65132.36466,
    "quantity": 0.08,
    "remaining_quantity": 0.08
  },
  {
    "event_id": "168d5736e9d074660deeab162b829c732502af095ccea1f641ca1487e028a1b8",
    "schema_version": "1.0.0",
    "event_type": "agent_order",
    "source": "synthetic_agent",
    "symbol": "BTCUSDT",
    "exchange": "binance_usdm",
    "timestamp": "2024-05-01T00:00:00.960000Z",
    "sequence": 12,
    "scenario_id": "scenario-053-momentum_ignition",
    "agent_id": "agent-momentum_ignition",
    "order_id": "scenario-053-momentum_ignition-agent-momentum_ignition-12",
    "action": "new",
    "side": "buy",
    "price": 65133.66572,
    "quantity": 0.08,
    "remaining_quantity": 0.08
  },
  {
    "event_id": "4748ad8d6be1cd3552bb13849e53749290f9ec03d4a6eb44e89a960598d86291",
    "schema_version": "1.0.0",
    "event_type": "agent_order",
    "source": "synthetic_agent",
    "symbol": "BTCUSDT",
    "exchange": "binance_usdm",
    "timestamp": "2024-05-01T00:00:01.040000Z",
    "sequence": 13,
    "scenario_id": "scenario-053-momentum_ignition",
    "agent_id": "agent-momentum_ignition",
    "order_id": "scenario-053-momentum_ignition-agent-momentum_ignition-13",
    "action": "new",
    "side": "buy",
    "price": 65134.96677999999,
    "quantity": 0.08,
    "remaining_quantity": 0.08
  },
  {
    "event_id": "1d1748eb4c1d7e0ce4c65bb427a48d2ed1252168f17847c7a509f401f0afde9d",
    "schema_version": "1.0.0",
    "event_type": "agent_order",
    "source": "synthetic_agent",
    "symbol": "BTCUSDT",
    "exchange": "binance_usdm",
    "timestamp": "2024-05-01T00:00:01.120000Z",
    "sequence": 14,
    "scenario_id": "scenario-053-momentum_ignition",
    "agent_id": "agent-momentum_ignition",
    "order_id": "scenario-053-momentum_ignition-agent-momentum_ignition-14",
    "action": "new",
    "side": "buy",
    "price": 65136.26783999999,
    "quantity": 0.08,
    "remaining_quantity": 0.08
  },
  {
    "event_id": "a848e8b200fdc93a4eb159203a85cfbd463d755c7b7ff30efcce231efeb8b5d9",
    "schema_version": "1.0.0",
    "event_type": "agent_order",
    "source": "synthetic_agent",
    "symbol": "BTCUSDT",
    "exchange": "binance_usdm",
    "timestamp": "2024-05-01T00:00:01.200000Z",
    "sequence": 15,
    "scenario_id": "scenario-053-momentum_ignition",
    "agent_id": "agent-momentum_ignition",
    "order_id": "scenario-053-momentum_ignition-agent-momentum_ignition-15",
    "action": "new",
    "side": "buy",
    "price": 65137.56889999999,
    "quantity": 0.08,
    "remaining_quantity": 0.08
  },
  {
    "event_id": "12f52864aedb87e8ad07bd1237840ab588785e0e013561a53cf77071b41a3695",
    "schema_version": "1.0.0",
    "event_type": "agent_order",
    "source": "synthetic_agent",
    "symbol": "BTCUSDT",
    "exchange": "binance_usdm",
    "timestamp": "2024-05-01T00:00:01.280000Z",
    "sequence": 16,
    "scenario_id": "scenario-053-momentum_ignition",
    "agent_id": "agent-momentum_ignition",
    "order_id": "scenario-053-momentum_ignition-agent-momentum_ignition-16",
    "action": "new",
    "side": "buy",
    "price": 65138.869959999996,
    "quantity": 0.08,
    "remaining_quantity": 0.08
  },
  {
    "event_id": "7b4686031932663758387124a30a3b859e5b262261739582170d4532fe0822ec",
    "schema_version": "1.0.0",
    "event_type": "agent_order",
    "source": "synthetic_agent",
    "symbol": "BTCUSDT",
    "exchange": "binance_usdm",
    "timestamp": "2024-05-01T00:00:01.360000Z",
    "sequence": 17,
    "scenario_id": "scenario-053-momentum_ignition",
    "agent_id": "agent-momentum_ignition",
    "order_id": "scenario-053-momentum_ignition-agent-momentum_ignition-17",
    "action": "new",
    "side": "buy",
    "price": 65140.171019999994,
    "quantity": 0.08,
    "remaining_quantity": 0.08
  },
  {
    "event_id": "8519d62f18c3e96a1a7a91481075f9b3edb13c26d3a3c338add6714a256f475f",
    "schema_version": "1.0.0",
    "event_type": "agent_order",
    "source": "synthetic_agent",
    "symbol": "BTCUSDT",
    "exchange": "binance_usdm",
    "timestamp": "2024-05-01T00:00:01.440000Z",
    "sequence": 18,
    "scenario_id": "scenario-053-momentum_ignition",
    "agent_id": "agent-momentum_ignition",
    "order_id": "scenario-053-momentum_ignition-agent-momentum_ignition-18",
    "action": "new",
    "side": "buy",
    "price": 65141.472079999985,
    "quantity": 0.08,
    "remaining_quantity": 0.08
  },
  {
    "event_id": "0041f48c9fc24d400d0d7f8012aea7e2fccb4244a11e2fcea3313947deea5e91",
    "schema_version": "1.0.0",
    "event_type": "agent_order",
    "source": "synthetic_agent",
    "symbol": "BTCUSDT",
    "exchange": "binance_usdm",
    "timestamp": "2024-05-01T00:00:01.520000Z",
    "sequence": 19,
    "scenario_id": "scenario-053-momentum_ignition",
    "agent_id": "agent-momentum_ignition",
    "order_id": "scenario-053-momentum_ignition-agent-momentum_ignition-19",
    "action": "new",
    "side": "buy",
    "price": 65142.77314,
    "quantity": 0.08,
    "remaining_quantity": 0.08
  },
  {
    "event_id": "f551bd775d9c1366dfa75c19c2f47637d083d4cee81231c20eff68ed769dc996",
    "schema_version": "1.0.0",
    "event_type": "agent_order",
    "source": "synthetic_agent",
    "symbol": "BTCUSDT",
    "exchange": "binance_usdm",
    "timestamp": "2024-05-01T00:00:01.600000Z",
    "sequence": 20,
    "scenario_id": "scenario-053-momentum_ignition",
    "agent_id": "agent-momentum_ignition",
    "order_id": "scenario-053-momentum_ignition-agent-momentum_ignition-20",
    "action": "new",
    "side": "buy",
    "price": 65144.07419999999,
    "quantity": 0.08,
    "remaining_quantity": 0.08
  },
  {
    "event_id": "00df99ee2a4180a5ca2b5da498d8c83b2335ddb12a1c9a754c6fe517f2e59333",
    "schema_version": "1.0.0",
    "event_type": "agent_order",
    "source": "synthetic_agent",
    "symbol": "BTCUSDT",
    "exchange": "binance_usdm",
    "timestamp": "2024-05-01T00:00:01.680000Z",
    "sequence": 21,
    "scenario_id": "scenario-053-momentum_ignition",
    "agent_id": "agent-momentum_ignition",
    "order_id": "scenario-053-momentum_ignition-agent-momentum_ignition-21",
    "action": "new",
    "side": "buy",
    "price": 65145.37526,
    "quantity": 0.08,
    "remaining_quantity": 0.08
  },
  {
    "event_id": "3e56f331d75d2b5f3b606512b259ea4e04582690f0e7e3e703317eb22e9009ad",
    "schema_version": "1.0.0",
    "event_type": "agent_order",
    "source": "synthetic_agent",
    "symbol": "BTCUSDT",
    "exchange": "binance_usdm",
    "timestamp": "2024-05-01T00:00:01.760000Z",
    "sequence": 22,
    "scenario_id": "scenario-053-momentum_ignition",
    "agent_id": "agent-momentum_ignition",
    "order_id": "scenario-053-momentum_ignition-agent-momentum_ignition-22",
    "action": "new",
    "side": "buy",
    "price": 65146.67631999999,
    "quantity": 0.08,
    "remaining_quantity": 0.08
  },
  {
    "event_id": "b95d2833066bf56a3736dc13e3262b8ad3def2fbb8c6135f3d808305d1b51449",
    "schema_version": "1.0.0",
    "event_type": "agent_order",
    "source": "synthetic_agent",
    "symbol": "BTCUSDT",
    "exchange": "binance_usdm",
    "timestamp": "2024-05-01T00:00:01.840000Z",
    "sequence": 23,
    "scenario_id": "scenario-053-momentum_ignition",
    "agent_id": "agent-momentum_ignition",
    "order_id": "scenario-053-momentum_ignition-agent-momentum_ignition-23",
    "action": "new",
    "side": "buy",
    "price": 65147.97737999999,
    "quantity": 0.08,
    "remaining_quantity": 0.08
  },
  {
    "event_id": "65f31c4b23e6e1e48552085706389159339f4754b78a67fe3077ea5dd4d5fddc",
    "schema_version": "1.0.0",
    "event_type": "agent_order",
    "source": "synthetic_agent",
    "symbol": "BTCUSDT",
    "exchange": "binance_usdm",
    "timestamp": "2024-05-01T00:00:01.920000Z",
    "sequence": 24,
    "scenario_id": "scenario-053-momentum_ignition",
    "agent_id": "agent-momentum_ignition",
    "order_id": "scenario-053-momentum_ignition-agent-momentum_ignition-24",
    "action": "new",
    "side": "buy",
    "price": 65149.278439999995,
    "quantity": 0.08,
    "remaining_quantity": 0.08
  },
  {
    "event_id": "3dac87cc5977ba469a4f5e4c24dc00dd7f2d9a3f0ed704618a1026936d8d02e0",
    "schema_version": "1.0.0",
    "event_type": "agent_order",
    "source": "synthetic_agent",
    "symbol": "BTCUSDT",
    "exchange": "binance_usdm",
    "timestamp": "2024-05-01T00:00:02Z",
    "sequence": 25,
    "scenario_id": "scenario-053-momentum_ignition",
    "agent_id": "agent-momentum_ignition",
    "order_id": "scenario-053-momentum_ignition-agent-momentum_ignition-25",
    "action": "new",
    "side": "buy",
    "price": 65150.57949999999,
    "quantity": 0.08,
    "remaining_quantity": 0.08
  },
  {
    "event_id": "95d0327947da43fdcfff56e2da9a254c2e5fb6d0c29cd74abe0229a95dec36e4",
    "schema_version": "1.0.0",
    "event_type": "agent_order",
    "source": "synthetic_agent",
    "symbol": "BTCUSDT",
    "exchange": "binance_usdm",
    "timestamp": "2024-05-01T00:00:02.080000Z",
    "sequence": 26,
    "scenario_id": "scenario-053-momentum_ignition",
    "agent_id": "agent-momentum_ignition",
    "order_id": "scenario-053-momentum_ignition-agent-momentum_ignition-26",
    "action": "new",
    "side": "buy",
    "price": 65151.88056,
    "quantity": 0.08,
    "remaining_quantity": 0.08
  },
  {
    "event_id": "8aa69ce504da56624f4a67ecf0f31d0c0ed4658e17d8472a08b4cb3e72d2698d",
    "schema_version": "1.0.0",
    "event_type": "agent_order",
    "source": "synthetic_agent",
    "symbol": "BTCUSDT",
    "exchange": "binance_usdm",
    "timestamp": "2024-05-01T00:00:02.160000Z",
    "sequence": 27,
    "scenario_id": "scenario-053-momentum_ignition",
    "agent_id": "agent-momentum_ignition",
    "order_id": "scenario-053-momentum_ignition-agent-momentum_ignition-27",
    "action": "new",
    "side": "buy",
    "price": 65153.18161999999,
    "quantity": 0.08,
    "remaining_quantity": 0.08
  },
  {
    "event_id": "0f22cb62912c0baf04a4974d327c115b2d6281ae5337bccc729ea9af04387ff8",
    "schema_version": "1.0.0",
    "event_type": "agent_order",
    "source": "synthetic_agent",
    "symbol": "BTCUSDT",
    "exchange": "binance_usdm",
    "timestamp": "2024-05-01T00:00:02.240000Z",
    "sequence": 28,
    "scenario_id": "scenario-053-momentum_ignition",
    "agent_id": "agent-momentum_ignition",
    "order_id": "scenario-053-momentum_ignition-agent-momentum_ignition-28",
    "action": "new",
    "side": "buy",
    "price": 65154.48267999999,
    "quantity": 0.08,
    "remaining_quantity": 0.08
  },
  {
    "event_id": "314964c30c63a3c01fa2b3d0734bafdb56e395b0fa41a1c0d7ea57526b7a4938",
    "schema_version": "1.0.0",
    "event_type": "agent_order",
    "source": "synthetic_agent",
    "symbol": "BTCUSDT",
    "exchange": "binance_usdm",
    "timestamp": "2024-05-01T00:00:02.320000Z",
    "sequence": 29,
    "scenario_id": "scenario-053-momentum_ignition",
    "agent_id": "agent-momentum_ignition",
    "order_id": "scenario-053-momentum_ignition-agent-momentum_ignition-29",
    "action": "new",
    "side": "buy",
    "price": 65155.78373999999,
    "quantity": 0.08,
    "remaining_quantity": 0.08
  }
]