[
  {
    "event_id": "8e223ee2a7c30795adae4a5493435439e6afecc61f3df9db69e9d1c6a1ec6b65",
    "schema_version": "1.0.0",
    "event_type": "agent_order",
    "source": "synthetic_agent",
    "symbol": "BTCUSDT",
    "exchange": "binance_usdm",
    "timestamp": "2024-05-01T00:00:00Z",
    "sequence": 0,
    "scenario_id": "scenario-380-latency_edge",
    "agent_id": "agent-latency_edge",
    "order_id": "scenario-380-latency_edge-agent-latency_edge-0",
    "action": "new",
    "side": "buy",
    "price": 65419.227999999996,
    "quantity": 0.006,
    "remaining_quantity": 0.006
  },
  {
    "event_id": "ae84f6328337428f96219f3d30cc65c6b8369a681ea415a0c2d92fa3809e74b7",
    "schema_version": "1.0.0",
    "event_type": "agent_order",
    "source": "synthetic_agent",
    "symbol": "BTCUSDT",
    "exchange": "binance_usdm",
    "timestamp": "2024-05-01T00:00:00.008000Z",
    "sequence": 1,
    "scenario_id": "scenario-380-latency_edge",
    "agent_id": "agent-latency_edge",
    "order_id": "scenario-380-latency_edge-agent-latency_edge-1",
    "action": "new",
    "side": "buy",
    "price": 65419.227999999996,
    "quantity": 0.006,
    "remaining_quantity": 0.006
  },
  {
    "event_id": "35eb4ada17ad2d25de9aca536f436d85e332b505027c3e162d959cc43c661c80",
    "schema_version": "1.0.0",
    "event_type": "agent_order",
    "source": "synthetic_agent",
    "symbol": "BTCUSDT",
    "exchange": "binance_usdm",
    "timestamp": "2024-05-01T00:00:00.016000Z",
    "sequence": 2,
    "scenario_id": "scenario-380-latency_edge",
    "agent_id": "agent-latency_edge",
    "order_id": "scenario-380-latency_edge-agent-latency_edge-2",
    "action": "new",
    "side": "sell",
    "price": 65340.772,
    "quantity": 0.006,
    "remaining_quantity": 0.006
  },
  {
    "event_id": "2e249e17cbd39b08093557c3f9eaef0cdcc8a6c925d54b62b85f8b42472cc861",
    "schema_version": "1.0.0",
    "event_type": "agent_order",
    "source": "synthetic_agent",
    "symbol": "BTCUSDT",
    "exchange": "binance_usdm",
    "timestamp": "2024-05-01T00:00:00.024000Z",
    "sequence": 3,
    "scenario_id": "scenario-380-latency_edge",
    "agent_id": "agent-latency_edge",
    "order_id": "scenario-380-latency_edge-agent-latency_edge-3",
    "action": "new",
    "side": "sell",
    "price": 65340.772,
    "quantity": 0.006,
    "remaining_quantity": 0.006
  },
  {
    "event_id": "b6d9c4d4febf88510e8a21ef07d4bb15b9cb89bacf75dcc12a282dc8cebdcdd4",
    "schema_version": "1.0.0",
    "event_type": "agent_order",
    "source": "synthetic_agent",
    "symbol": "BTCUSDT",
    "exchange": "binance_usdm",
    "timestamp": "2024-05-01T00:00:00.032000Z",
    "sequence": 4,
    "scenario_id": "scenario-380-latency_edge",
    "agent_id": "agent-latency_edge",
    "order_id": "scenario-380-latency_edge-agent-latency_edge-4",
    "action": "new",
    "side": "buy",
    "price": 65419.227999999996,
    "quantity": 0.006,
    "remaining_quantity": 0.006
  },
  {
    "event_id": "bbb239c6e0e81d5b0ef804d6c1ea513a41cc17033a4db5599ebfb0f783068dd9",
    "schema_version": "1.0.0",
    "event_type": "agent_order",
    "source": "synthetic_agent",
    "symbol": "BTCUSDT",
    "exchange": "binance_usdm",
    "timestamp": "2024-05-01T00:00:00.040000Z",
    "sequence": 5,
    "scenario_id": "scenario-380-latency_edge",
    "agent_id": "agent-latency_edge",
    "order_id": "scenario-380-latency_edge-agent-latency_edge-5",
    "action": "new",
    "side": "buy",
    "price": 65419.227999999996,
    "quantity": 0.006,
    "remaining_quantity": 0.006
  },
  {
    "event_id": "a4ccffb5d9eb88bffa5cd2619c9c01cd6ed5de744c53b7f390a7aa62d3a8b157",
    "schema_version": "1.0.0",
    "event_type": "agent_order",
    "source": "synthetic_agent",
    "symbol": "BTCUSDT",
    "exchange": "binance_usdm",
    "timestamp": "2024-05-01T00:00:00.048000Z",
    "sequence": 6,
    "scenario_id": "scenario-380-latency_edge",
    "agent_id": "agent-latency_edge",
    "order_id": "scenario-380-latency_edge-agent-latency_edge-6",
    "action": "new",
    "side": "sell",
    "price": 65340.772,
    "quantity": 0.006,
    "remaining_quantity": 0.006
  },
  {
    "event_id": "98a5ca63ae586b9011230947422be69de570bc5bf328eda0bfc8359dd0dcb0a4",
    "schema_version": "1.0.0",
    "event_type": "agent_order",
    "source": "synthetic_agent",
    "symbol": "BTCUSDT",
    "exchange": "binance_usdm",
    "timestamp": "2024-05-01T00:00:00.056000Z",
    "sequence": 7,
    "scenario_id": "scenario-380-latency_edge",
    "agent_id": "agent-latency_edge",
    "order_id": "scenario-380-latency_edge-agent-latency_edge-7",
    "action": "new",
    "side": "sell",
    "price": 65340.772,
    "quantity": 0.006,
    "remaining_quantity": 0.006
  },
  {
    "event_id": "ff15a8c4e113844c9ef1b9b7400ec02b4ea139eb972ad92c049c7c63b2aed687",
    "schema_version": "1.0.0",
    "event_type": "agent_order",
    "source": "synthetic_agent",
    "symbol": "BTCUSDT",
    "exchange": "binance_usdm",
    "timestamp": "2024-05-01T00:00:00.064000Z",
    "sequence": 8,
    "scenario_id": "scenario-380-latency_edge",
    "agent_id": "agent-latency_edge",
    "order_id": "scenario-380-latency_edge-agent-latency_edge-8",
    "action": "new",
    "side": "buy",
    "price": 65419.227999999996,
    "quantity": 0.006,
    "remaining_quantity": 0.006
  },
  {
    "event_id": "8463ed9f12a4481bbe294fa472300049bac45192b412c2f773b8406ce2fae1cb",
    "schema_version": "1.0.0",
    "event_type": "agent_order",
    "source": "synthetic_agent",
    "symbol": "BTCUSDT",
    "exchange": "binance_usdm",
    "timestamp": "2024-05-01T00:00:00.072000Z",
    "sequence": 9,
    "scenario_id": "scenario-380-latency_edge",
    "agent_id": "agent-latency_edge",
    "order_id": "scenario-380-latency_edge-agent-latency_edge-9",
    "action": "new",
    "side": "buy",
    "price": 65419.227999999996,
    "quantity": 0.006,
    "remaining_quantity": 0.006
  },
  {
    "event_id": "b81c1ca8db648b28fc188ba49fd94a2fd106fb363409601200734e59644938bb",
    "schema_version": "1.0.0",
    "event_type": "agent_order",
    "source": "synthetic_agent",
    "symbol": "BTCUSDT",
    "exchange": "binance_usdm",
    "timestamp": "2024-05-01T00:00:00.080000Z",
    "sequence": 10,
    "scenario_id": "scenario-380-latency_edge",
    "agent_id": "agent-latency_edge",
    "order_id": "scenario-380-latency_edge-agent-latency_edge-10",
    "action": "new",
    "side": "sell",
    "price": 65340.772,
    "quantity": 0.006,
    "remaining_quantity": 0.006
  },
  {
    "event_id": "8446e8d9d01eeabe0be8bee508b97f0b99cebfb46256dd4850d0ca3572bcf527",
    "schema_version": "1.0.0",
    "event_type": "agent_order",
    "source": "synthetic_agent",
    "symbol": "BTCUSDT",
    "exchange": "binance_usdm",
    "timestamp": "2024-05-01T00:00:00.088000Z",
    "sequence": 11,
    "scenario_id": "scenario-380-latency_edge",
    "agent_id": "agent-latency_edge",
    "order_id": "scenario-380-latency_edge-agent-latency_edge-11",
    "action": "new",
    "side": "sell",
    "price": 65340.772,
    "quantity": 0.006,
    "remaining_quantity": 0.006
  },
  {
    "event_id": "9da6593012a6bc5c18591d0bea782772909feeab00e257cf8fdde3dd4dbb4983",
    "schema_version": "1.0.0",
    "event_type": "agent_order",
    "source": "synthetic_agent",
    "symbol": "BTCUSDT",
    "exchange": "binance_usdm",
    "timestamp": "2024-05-01T00:00:00.096000Z",
    "sequence": 12,
    "scenario_id": "scenario-380-latency_edge",
    "agent_id": "agent-latency_edge",
    "order_id": "scenario-380-latency_edge-agent-latency_edge-12",
    "action": "new",
    "side": "buy",
    "price": 65419.227999999996,
    "quantity": 0.006,
    "remaining_quantity": 0.006
  },
  {
    "event_id": "fef391e0aac0e6abcc72b15e6ad2174ab53fa74b87b7edac6802bc210308d8b3",
    "schema_version": "1.0.0",
    "event_type": "agent_order",
    "source": "synthetic_agent",
    "symbol": "BTCUSDT",
    "exchange": "binance_usdm",
    "timestamp": "2024-05-01T00:00:00.104000Z",
    "sequence": 13,
    "scenario_id": "scenario-380-latency_edge",
    "agent_id": "agent-latency_edge",
    "order_id": "scenario-380-latency_edge-agent-latency_edge-13",
    "action": "new",
    "side": "buy",
    "price": 65419.227999999996,
    "quantity": 0.006,
    "remaining_quantity": 0.006
  },
  {
    "event_id": "3d9ebb202eec963d34cdd91d5c725fe25343dc2f7fa56584c1d1e92261737002",
    "schema_version": "1.0.0",
    "event_type": "agent_order",
    "source": "synthetic_agent",
    "symbol": "BTCUSDT",
    "exchange": "binance_usdm",
    "timestamp": "2024-05-01T00:00:00.112000Z",
    "sequence": 14,
    "scenario_id": "scenario-380-latency_edge",
    "agent_id": "agent-latency_edge",
    "order_id": "scenario-380-latency_edge-agent-latency_edge-14",
    "action": "new",
    "side": "sell",
    "price": 65340.772,
    "quantity": 0.006,
    "remaining_quantity": 0.006
  },
  {
    "event_id": "271332058798a104866593575dd6f8e6e9429b14f5b3cce5a80a63fbce39f7bc",
    "schema_version": "1.0.0",
    "event_type": "agent_order",
    "source": "synthetic_agent",
    "symbol": "BTCUSDT",
    "exchange": "binance_usdm",
    "timestamp": "2024-05-01T00:00:00.120000Z",
    "sequence": 15,
    "scenario_id": "scenario-380-latency_edge",
    "agent_id": "agent-latency_edge",
    "order_id": "scenario-380-latency_edge-agent-latency_edge-15",
    "action": "new",
    "side": "sell",
    "price": 65340.772,
    "quantity": 0.006,
    "remaining_quantity": 0.006
  },
  {
    "event_id": "050b91d04fa9d74ea6a45558ee18b09c5419dcd0b8d0eba6a21eaae26a565d54",
    "schema_version": "1.0.0",
    "event_type": "agent_order",
    "source": "synthetic_agent",
    "symbol": "BTCUSDT",
    "exchange": "binance_usdm",
    "timestamp": "2024-05-01T00:00:00.128000Z",
    "sequence": 16,
    "scenario_id": "scenario-380-latency_edge",
    "agent_id": "agent-latency_edge",
    "order_id": "scenario-380-latency_edge-agent-latency_edge-16",
    "action": "new",
    "side": "buy",
    "price": 65419.227999999996,
    "quantity": 0.006,
    "remaining_quantity": 0.006
  },
  {
    "event_id": "e2aa87cf037ae97ebef0ac2fcce8f0a22d130d92d3a0b876ce10066b2d40ec94",
    "schema_version": "1.0.0",
    "event_type": "agent_order",
    "source": "synthetic_agent",
    "symbol": "BTCUSDT",
    "exchange": "binance_usdm",
    "timestamp": "2024-05-01T00:00:00.136000Z",
    "sequence": 17,
    "scenario_id": "scenario-380-latency_edge",
    "agent_id": "agent-latency_edge",
    "order_id": "scenario-380-latency_edge-agent-latency_edge-17",
    "action": "new",
    "side": "buy",
    "price": 65419.227999999996,
    "quantity": 0.006,
    "remaining_quantity": 0.006
  },
  {
    "event_id": "877a680b3f77b23337718c5f205be8ba573150c8210c3e0934dc8b8fda2479da",
    "schema_version": "1.0.0",
    "event_type": "agent_order",
    "source": "synthetic_agent",
    "symbol": "BTCUSDT",
    "exchange": "binance_usdm",
    "timestamp": "2024-05-01T00:00:00.144000Z",
    "sequence": 18,
    "scenario_id": "scenario-380-latency_edge",
    "agent_id": "agent-latency_edge",
    "order_id": "scenario-380-latency_edge-agent-latency_edge-18",
    "action": "new",
    "side": "sell",
    "price": 65340.772,
    "quantity": 0.006,
    "remaining_quantity": 0.006
  },
  {
    "event_id": "5f717cbe301150a11a8e3f83e5c929015246be7bbe9bf006e4397c3fdee9f445",
    "schema_version": "1.0.0",
    "event_type": "agent_order",
    "source": "synthetic_agent",
    "symbol": "BTCUSDT",
    "exchange": "binance_usdm",
    "timestamp": "2024-05-01T00:00:00.152000Z",
    "sequence": 19,
    "scenario_id": "scenario-380-latency_edge",
    "agent_id": "agent-latency_edge",
    "order_id": "scenario-380-latency_edge-agent-latency_edge-19",
    "action": "new",
    "side": "sell",
    "price": 65340.772,
    "quantity": 0.006,
    "remaining_quantity": 0.006
  },
  {
    "event_id": "26c4fad78803223aac32be57d93f51bd67f62ebb79940ed949a90fae4f927435",
    "schema_version": "1.0.0",
    "event_type": "agent_order",
    "source": "synthetic_agent",
    "symbol": "BTCUSDT",
    "exchange": "binance_usdm",
    "timestamp": "2024-05-01T00:00:00.160000Z",
    "sequence": 20,
    "scenario_id": "scenario-380-latency_edge",
    "agent_id": "agent-latency_edge",
    "order_id": "scenario-380-latency_edge-agent-latency_edge-20",
    "action": "new",
    "side": "buy",
    "price": 65419.227999999996,
    "quantity": 0.006,
    "remaining_quantity": 0.006
  },
  {
    "event_id": "b5fc063a4cb74059a62235e2df0e72fd739b464505ef2e4d639b2c8a0f0c7b9d",
    "schema_version": "1.0.0",
    "event_type": "agent_order",
    "source": "synthetic_agent",
    "symbol": "BTCUSDT",
    "exchange": "binance_usdm",
    "timestamp": "2024-05-01T00:00:00.168000Z",
    "sequence": 21,
    "scenario_id": "scenario-380-latency_edge",
    "agent_id": "agent-latency_edge",
    "order_id": "scenario-380-latency_edge-agent-latency_edge-21",
    "action": "new",
    "side": "buy",
    "price": 65419.227999999996,
    "quantity": 0.006,
    "remaining_quantity": 0.006
  },
  {
    "event_id": "4100be7fde5bac465e1ad1a541dbfcbd3ad52db6dce337aa116b19f920bbc82d",
    "schema_version": "1.0.0",
    "event_type": "agent_order",
    "source": "synthetic_agent",
    "symbol": "BTCUSDT",
    "exchange": "binance_usdm",
    "timestamp": "2024-05-01T00:00:00.176000Z",
    "sequence": 22,
    "scenario_id": "scenario-380-latency_edge",
    "agent_id": "agent-latency_edge",
    "order_id": "scenario-380-latency_edge-agent-latency_edge-22",
    "action": "new",
    "side": "sell",
    "price": 65340.772,
    "quantity": 0.006,
    "remaining_quantity": 0.006
  },
  {
    "event_id": "54cfa06114cf04525a40ce1d683156f991d8dc1e8e301de7433f724f8f5a21e3",
    "schema_version": "1.0.0",
    "event_type": "agent_order",
    "source": "synthetic_agent",
    "symbol": "BTCUSDT",
    "exchange": "binance_usdm",
    "timestamp": "2024-05-01T00:00:00.184000Z",
    "sequence": 23,
    "scenario_id": "scenario-380-latency_edge",
    "agent_id": "agent-latency_edge",
    "order_id": "scenario-380-latency_edge-agent-latency_edge-23",
    "action": "new",
    "side": "sell",
    "price": 65340.772,
    "quantity": 0.006,
    "remaining_quantity": 0.006
  },
  {
    "event_id": "87e2a29e0c8f315090e093e83bb0e93efd8d179006b6c53cf1e8af76cc957ef2",
    "schema_version": "1.0.0",
    "event_type": "agent_order",
    "source": "synthetic_agent",
    "symbol": "BTCUSDT",
    "exchange": "binance_usdm",
    "timestamp": "2024-05-01T00:00:00.192000Z",
    "sequence": 24,
    "scenario_id": "scenario-380-latency_edge",
    "agent_id": "agent-latency_edge",
    "order_id": "scenario-380-latency_edge-agent-latency_edge-24",
    "action": "new",
    "side": "buy",
    "price": 65419.227999999996,
    "quantity": 0.006,
    "remaining_quantity": 0.006
  },
  {
    "event_id": "1d7301e89e5ecda5d888c744a28b275e076811fde55616b166f3dc42b866d818",
    "schema_version": "1.0.0",
    "event_type": "agent_order",
    "source": "synthetic_agent",
    "symbol": "BTCUSDT",
    "exchange": "binance_usdm",
    "timestamp": "2024-05-01T00:00:00.200000Z",
    "sequence": 25,
    "scenario_id": "scenario-380-latency_edge",
    "agent_id": "agent-latency_edge",
    "order_id": "scenario-380-latency_edge-agent-latency_edge-25",
    "action": "new",
    "side": "buy",
    "price": 65419.227999999996,
    "quantity": 0.006,
    "remaining_quantity": 0.006
  },
  {
    "event_id": "fb8ac78817a192cd8fd8aeef2828d49a06758e0ca79f547c9a6491a5ed7221d2",
    "schema_version": "1.0.0",
    "event_type": "agent_order",
    "source": "synthetic_agent",
    "symbol": "BTCUSDT",
    "exchange": "binance_usdm",
    "timestamp": "2024-05-01T00:00:00.208000Z",
    "sequence": 26,
    "scenario_id": "scenario-380-latency_edge",
    "agent_id": "agent-latency_edge",
    "order_id": "scenario-380-latency_edge-agent-latency_edge-26",
    "action": "new",
    "side": "sell",
    "price": 65340.772,
    "quantity": 0.006,
    "remaining_quantity": 0.006
  },
  {
    "event_id": "fc7129725756ff1c3eb9182d59943c3cdfa54b1dbebd2c7dc2bbeb8344c67e73",
    "schema_version": "1.0.0",
    "event_type": "agent_order",
    "source": "synthetic_agent",
    "symbol": "BTCUSDT",
    "exchange": "binance_usdm",
    "timestamp": "2024-05-01T00:00:00.216000Z",
    "sequence": 27,
    "scenario_id": "scenario-380-latency_edge",
    "agent_id": "agent-latency_edge",
    "order_id": "scenario-380-latency_edge-agent-latency_edge-27",
    "action": "new",
    "side": "sell",
    "price": 65340.772,
    "quantity": 0.006,
    "remaining_quantity": 0.006
  },
  {
    "event_id": "efa5fb0130079e03b02ca9b7701131cdbfadd150177c151976f29257d324dbfd",
    "schema_version": "1.0.0",
    "event_type": "agent_order",
    "source": "synthetic_agent",
    "symbol": "BTCUSDT",
    "exchange": "binance_usdm",
    "timestamp": "2024-05-01T00:00:00.224000Z",
    "sequence": 28,
    "scenario_id": "scenario-380-latency_edge",
    "agent_id": "agent-latency_edge",
    "order_id": "scenario-380-latency_edge-agent-latency_edge-28",
    "action": "new",
    "side": "buy",
    "price": 65419.227999999996,
    "quantity": 0.006,
    "remaining_quantity": 0.006
  },
  {
    "event_id": "fcb9d0184771b94fa4f7441952575b9fee27ea9fdf380fc2c68bc76367103d3d",
    "schema_version": "1.0.0",
    "event_type": "agent_order",
    "source": "synthetic_agent",
    "symbol": "BTCUSDT",
    "exchange": "binance_usdm",
    "timestamp": "2024-05-01T00:00:00.232000Z",
    "sequence": 29,
    "scenario_id": "scenario-380-latency_edge",
    "agent_id": "agent-latency_edge",
    "order_id": "scenario-380-latency_edge-agent-latency_edge-29",
    "action": "new",
    "side": "buy",
    "price": 65419.227999999996,
    "quantity": 0.006,
    "remaining_quantity": 0.006
  }
]