[
  {
    "event_id": "88514d234d8778b9509b84760ea862a9c9bba54982e16acdc720b49822d22753",
    "schema_version": "1.0.0",
    "event_type": "agent_order",
    "source": "synthetic_agent",
    "symbol": "BTCUSDT",
    "exchange": "binance_usdm",
    "timestamp": "2024-05-01T00:00:00Z",
    "sequence": 0,
    "scenario_id": "scenario-167-volatility_feedback",
    "agent_id": "agent-volatility_feedback",
    "order_id": "scenario-167-volatility_feedback-agent-volatility_feedback-0",
    "action": "new",
    "side": "buy",
    "price": 65232.166999999994,
    "quantity": 0.02,
    "remaining_quantity": 0.02
  },
  {
    "event_id": "b71472a3b95d3a70f056da7af19aedaa682a7989141fb297d7dc3173ada183fc",
    "schema_version": "1.0.0",
    "event_type": "agent_order",
    "source": "synthetic_agent",
    "symbol": "BTCUSDT",
    "exchange": "binance_usdm",
    "timestamp": "2024-05-01T00:00:00.020000Z",
    "sequence": 1,
    "scenario_id": "scenario-167-volatility_feedback",
    "agent_id": "agent-volatility_feedback",
    "order_id": "scenario-167-volatility_feedback-agent-volatility_feedback-1",
    "action": "new",
    "side": "sell",
    "price": 65100.52966,
    "quantity": 0.03,
    "remaining_quantity": 0.03
  },
  {
    "event_id": "955bea572c7667c65902e3686434ec12684ba1391a2aa52d5da6291328c5fb7d",
    "schema_version": "1.0.0",
    "event_type": "agent_order",
    "source": "synthetic_agent",
    "symbol": "BTCUSDT",
    "exchange": "binance_usdm",
    "timestamp": "2024-05-01T00:00:00.040000Z",
    "sequence": 2,
    "scenario_id": "scenario-167-volatility_feedback",
    "agent_id": "agent-volatility_feedback",
    "order_id": "scenario-167-volatility_feedback-agent-volatility_feedback-2",
    "action": "new",
    "side": "buy",
    "price": 65234.77368,
    "quantity": 0.04,
    "remaining_quantity": 0.04
  },
  {
    "event_id": "66444881d7434ee96a7692041e77638b5e65be200087431e10c733d594a440c7",
    "schema_version": "1.0.0",
    "event_type": "agent_order",
    "source": "synthetic_agent",
    "symbol": "BTCUSDT",
    "exchange": "binance_usdm",
    "timestamp": "2024-05-01T00:00:00.060000Z",
    "sequence": 3,
    "scenario_id": "scenario-167-volatility_feedback",
    "agent_id": "agent-volatility_feedback",
    "order_id": "scenario-167-volatility_feedback-agent-volatility_feedback-3",
    "action": "new",
    "side": "sell",
    "price": 65097.92298,
    "quantity": 0.05,
    "remaining_quantity": 0.05
  },
  {
    "event_id": "a790e4a8801bb13f9bc6d16e59d2c6b344a6b44cc1017249e5b94f8704853318",
    "schema_version": "1.0.0",
    "event_type": "agent_order",
    "source": "synthetic_agent",
    "symbol": "BTCUSDT",
    "exchange": "binance_usdm",
    "timestamp": "2024-05-01T00:00:00.080000Z",
    "sequence": 4,
    "scenario_id": "scenario-167-volatility_feedback",
    "agent_id": "agent-volatility_feedback",
    "order_id": "scenario-167-volatility_feedback-agent-volatility_feedback-4",
    "action": "new",
    "side": "buy",
    "price": 65237.380359999996,
    "quantity": 0.02,
    "remaining_quantity": 0.02
  },
  {
    "event_id": "9e7fad3383512011247956028171d34e6180ca26cb74f2b6a7158fcd81ba672f",
    "schema_version": "1.0.0",
    "event_type": "agent_order",
    "source": "synthetic_agent",
    "symbol": "BTCUSDT",
    "exchange": "binance_usdm",
    "timestamp": "2024-05-01T00:00:00.100000Z",
    "sequence": 5,
    "scenario_id": "scenario-167-volatility_feedback",
    "agent_id": "agent-volatility_feedback",
    "order_id": "scenario-167-volatility_feedback-agent-volatility_feedback-5",
    "action": "new",
    "side": "sell",
    "price": 65095.3163,
    "quantity": 0.03,
    "remaining_quantity": 0.03
  },
  {
    "event_id": "1921b8ae622482b97f090ee5bd69fffacfef79b47cd1cdd3f6627e95631503fd",
    "schema_version": "1.0.0",
    "event_type": "agent_order",
    "source": "synthetic_agent",
    "symbol": "BTCUSDT",
    "exchange": "binance_usdm",
    "timestamp": "2024-05-01T00:00:00.120000Z",
    "sequence": 6,
    "scenario_id": "scenario-167-volatility_feedback",
    "agent_id": "agent-volatility_feedback",
    "order_id": "scenario-167-volatility_feedback-agent-volatility_feedback-6",
    "action": "new",
    "side": "buy",
    "price": 65239.98704,
    "quantity": 0.04,
    "remaining_quantity": 0.04
  },
  {
    "event_id": "f4c24ae7a7b7381d9ab6de2464368143aa39cabcabb35c67f15f34fe1497c886",
    "schema_version": "1.0.0",
    "event_type": "agent_order",
    "source": "synthetic_agent",
    "symbol": "BTCUSDT",
    "exchange": "binance_usdm",
    "timestamp": "2024-05-01T00:00:00.140000Z",
    "sequence": 7,
    "scenario_id": "scenario-167-volatility_feedback",
    "agent_id": "agent-volatility_feedback",
    "order_id": "scenario-167-volatility_feedback-agent-volatility_feedback-7",
    "action": "new",
    "side": "sell",
    "price": 65092.70962,
    "quantity": 0.05,
    "remaining_quantity": 0.05
  },
  {
    "event_id": "e2974e742ab653019b67edbab74dee245f0c768d9aff780e4a2286896154e0b3",
    "schema_version": "1.0.0",
    "event_type": "agent_order",
    "source": "synthetic_agent",
    "symbol": "BTCUSDT",
    "exchange": "binance_usdm",
    "timestamp": "2024-05-01T00:00:00.160000Z",
    "sequence": 8,
    "scenario_id": "scenario-167-volatility_feedback",
    "agent_id": "agent-volatility_feedback",
    "order_id": "scenario-167-volatility_feedback-agent-volatility_feedback-8",
    "action": "new",
    "side": "buy",
    "price": 65242.593720000004,
    "quantity": 0.02,
    "remaining_quantity": 0.02
  },
  {
    "event_id": "87413ce057f7aa43d4cc86866c12e980bbaced6c505092d81ac26efe1adf9905",
    "schema_version": "1.0.0",
    "event_type": "agent_order",
    "source": "synthetic_agent",
    "symbol": "BTCUSDT",
    "exchange": "binance_usdm",
    "timestamp": "2024-05-01T00:00:00.180000Z",
    "sequence": 9,
    "scenario_id": "scenario-167-volatility_feedback",
    "agent_id": "agent-volatility_feedback",
    "order_id": "scenario-167-volatility_feedback-agent-volatility_feedback-9",
    "action": "new",
    "side": "sell",
    "price": 65090.102940000004,
    "quantity": 0.03,
    "remaining_quantity": 0.03
  },
  {
    "event_id": "3677ce2c571761aea6253f1c3bfeb9ae0aae45dca65a9998ba1ea728fe556a91",
    "schema_version": "1.0.0",
    "event_type": "agent_order",
    "source": "synthetic_agent",
    "symbol": "BTCUSDT",
    "exchange": "binance_usdm",
    "timestamp": "2024-05-01T00:00:00.200000Z",
    "sequence": 10,
    "scenario_id": "scenario-167-volatility_feedback",
    "agent_id": "agent-volatility_feedback",
    "order_id": "scenario-167-volatility_feedback-agent-volatility_feedback-10",
    "action": "new",
    "side": "buy",
    "price": 65245.20040000001,
    "quantity": 0.04,
    "remaining_quantity": 0.04
  },
  {
    "event_id": "a6e728b6d695e181536693a0beea88e1a183cba0027e27795395fa8a09e7017b",
    "schema_version": "1.0.0",
    "event_type": "agent_order",
    "source": "synthetic_agent",
    "symbol": "BTCUSDT",
    "exchange": "binance_usdm",
    "timestamp": "2024-05-01T00:00:00.220000Z",
    "sequence": 11,
    "scenario_id": "scenario-167-volatility_feedback",
    "agent_id": "agent-volatility_feedback",
    "order_id": "scenario-167-volatility_feedback-agent-volatility_feedback-11",
    "action": "new",
    "side": "sell",
    "price": 65087.49626,
    "quantity": 0.05,
    "remaining_quantity": 0.05
  },
  {
    "event_id": "cc9f79aec6f45c658ca4943d7998854f8bec44ac79e400a706cab6d4e93c2dfa",
    "schema_version": "1.0.0",
    "event_type": "agent_order",
    "source": "synthetic_agent",
    "symbol": "BTCUSDT",
    "exchange": "binance_usdm",
    "timestamp": "2024-05-01T00:00:00.240000Z",
    "sequence": 12,
    "scenario_id": "scenario-167-volatility_feedback",
    "agent_id": "agent-volatility_feedback",
    "order_id": "scenario-167-volatility_feedback-agent-volatility_feedback-12",
    "action": "new",
    "side": "buy",
    "price": 65247.80707999999,
    "quantity": 0.02,
    "remaining_quantity": 0.02
  },
  {
    "event_id": "6a99177702dae05e50597be8f7d91df866731259d8056048e230368a34b84c35",
    "schema_version": "1.0.0",
    "event_type": "agent_order",
    "source": "synthetic_agent",
    "symbol": "BTCUSDT",
    "exchange": "binance_usdm",
    "timestamp": "2024-05-01T00:00:00.260000Z",
    "sequence": 13,
    "scenario_id": "scenario-167-volatility_feedback",
    "agent_id": "agent-volatility_feedback",
    "order_id": "scenario-167-volatility_feedback-agent-volatility_feedback-13",
    "action": "new",
    "side": "sell",
    "price": 65084.889579999995,
    "quantity": 0.03,
    "remaining_quantity": 0.03
  },
  {
    "event_id": "9a7473d5cf555c0e88cbe3de9c94dcd1379fb7d50e5a36d03b3e92bf9e65be46",
    "schema_version": "1.0.0",
    "event_type": "agent_order",
    "source": "synthetic_agent",
    "symbol": "BTCUSDT",
    "exchange": "binance_usdm",
    "timestamp": "2024-05-01T00:00:00.280000Z",
    "sequence": 14,
    "scenario_id": "scenario-167-volatility_feedback",
    "agent_id": "agent-volatility_feedback",
    "order_id": "scenario-167-volatility_feedback-agent-volatility_feedback-14",
    "action": "new",
    "side": "buy",
    "price": 65250.413759999996,
    "quantity": 0.04,
    "remaining_quantity": 0.04
  },
  {
    "event_id": "7bebb201e636f16f8c50df5005ce1c2b99d069d96fea2464664ce1cecbc69318",
    "schema_version": "1.0.0",
    "event_type": "agent_order",
    "source": "synthetic_agent",
    "symbol": "BTCUSDT",
    "exchange": "binance_usdm",
    "timestamp": "2024-05-01T00:00:00.300000Z",
    "sequence": 15,
    "scenario_id": "scenario-167-volatility_feedback",
    "agent_id": "agent-volatility_feedback",
    "order_id": "scenario-167-volatility_feedback-agent-volatility_feedback-15",
    "action": "new",
    "side": "sell",
    "price": 65082.282900000006,
    "quantity": 0.05,
    "remaining_quantity": 0.05
  },
  {
    "event_id": "5afee9220ab4fcc473fe187e56c8c3b03a176f61555fafb950c9a2cb1cdf78d3",
    "schema_version": "1.0.0",
    "event_type": "agent_order",
    "source": "synthetic_agent",
    "symbol": "BTCUSDT",
    "exchange": "binance_usdm",
    "timestamp": "2024-05-01T00:00:00.320000Z",
    "sequence": 16,
    "scenario_id": "scenario-167-volatility_feedback",
    "agent_id": "agent-volatility_feedback",
    "order_id": "scenario-167-volatility_feedback-agent-volatility_feedback-16",
    "action": "new",
    "side": "buy",
    "price": 65253.02044,
    "quantity": 0.02,
    "remaining_quantity": 0.02
  },
  {
    "event_id": "3e67cbfa6fc17f0368be7e2870a2f5c711081ec767708dfb9a6a18d2c2849320",
    "schema_version": "1.0.0",
    "event_type": "agent_order",
    "source": "synthetic_agent",
    "symbol": "BTCUSDT",
    "exchange": "binance_usdm",
    "timestamp": "2024-05-01T00:00:00.340000Z",
    "sequence": 17,
    "scenario_id": "scenario-167-volatility_feedback",
    "agent_id": "agent-volatility_feedback",
    "order_id": "scenario-167-volatility_feedback-agent-volatility_feedback-17",
    "action": "new",
    "side": "sell",
    "price": 65079.67622,
    "quantity": 0.03,
    "remaining_quantity": 0.03
  },
  {
    "event_id": "8eb4be9c604044d665a8e0446e821c1fca650763d8e17a03bc15b4829aa2ea8f",
    "schema_version": "1.0.0",
    "event_type": "agent_order",
    "source": "synthetic_agent",
    "symbol": "BTCUSDT",
    "exchange": "binance_usdm",
    "timestamp": "2024-05-01T00:00:00.360000Z",
    "sequence": 18,
    "scenario_id": "scenario-167-volatility_feedback",
    "agent_id": "agent-volatility_feedback",
    "order_id": "scenario-167-volatility_feedback-agent-volatility_feedback-18",
    "action": "new",
    "side": "buy",
    "price": 65255.627120000005,
    "quantity": 0.04,
    "remaining_quantity": 0.04
  },
  {
    "event_id": "2b4654bb5cffb030889df880224b1b6f6d8ae3491a498d4c972f1848d98a282b",
    "schema_version": "1.0.0",
    "event_type": "agent_order",
    "source": "synthetic_agent",
    "symbol": "BTCUSDT",
    "exchange": "binance_usdm",
    "timestamp": "2024-05-01T00:00:00.380000Z",
    "sequence": 19,
    "scenario_id": "scenario-167-volatility_feedback",
    "agent_id": "agent-volatility_feedback",
    "order_id": "scenario-167-volatility_feedback-agent-volatility_feedback-19",
    "action": "new",
    "side": "sell",
    "price": 65077.06954,
    "quantity": 0.05,
    "remaining_quantity": 0.05
  },
  {
    "event_id": "1a91d5888d636e89b1fd57e9ea8685015317a73fdf4a1fe629614aa2ca65bcfa",
    "schema_version": "1.0.0",
    "event_type": "agent_order",
    "source": "synthetic_agent",
    "symbol": "BTCUSDT",
    "exchange": "binance_usdm",
    "timestamp": "2024-05-01T00:00:00.400000Z",
    "sequence": 20,
    "scenario_id": "scenario-167-volatility_feedback",
    "agent_id": "agent-volatility_feedback",
    "order_id": "scenario-167-volatility_feedback-agent-volatility_feedback-20",
    "action": "new",
    "side": "buy",
    "price": 65258.2338,
    "quantity": 0.02,
    "remaining_quantity": 0.02
  },
  {
    "event_id": "52cf575bdcea46b8dde78ef870c58fd514e9857c98ec8f9e4a0726d658b2bef4",
    "schema_version": "1.0.0",
    "event_type": "agent_order",
    "source": "synthetic_agent",
    "symbol": "BTCUSDT",
    "exchange": "binance_usdm",
    "timestamp": "2024-05-01T00:00:00.420000Z",
    "sequence": 21,
    "scenario_id": "scenario-167-volatility_feedback",
    "agent_id": "agent-volatility_feedback",
    "order_id": "scenario-167-volatility_feedback-agent-volatility_feedback-21",
    "action": "new",
    "side": "sell",
    "price": 65074.46286,
    "quantity": 0.03,
    "remaining_quantity": 0.03
  },
  {
    "event_id": "ab52510712c6f351efaa5d5c5d90375542723cecd25201ca2ff9090ea3fe9968",
    "schema_version": "1.0.0",
    "event_type": "agent_order",
    "source": "synthetic_agent",
    "symbol": "BTCUSDT",
    "exchange": "binance_usdm",
    "timestamp": "2024-05-01T00:00:00.440000Z",
    "sequence": 22,
    "scenario_id": "scenario-167-volatility_feedback",
    "agent_id": "agent-volatility_feedback",
    "order_id": "scenario-167-volatility_feedback-agent-volatility_feedback-22",
    "action": "new",
    "side": "buy",
    "price": 65260.840480000006,
    "quantity": 0.04,
    "remaining_quantity": 0.04
  },
  {
    "event_id": "bb605656c076f5820c6e63c47141de1c24ff19415f23528f189e3726ad16262e",
    "schema_version": "1.0.0",
    "event_type": "agent_order",
    "source": "synthetic_agent",
    "symbol": "BTCUSDT",
    "exchange": "binance_usdm",
    "timestamp": "2024-05-01T00:00:00.460000Z",
    "sequence": 23,
    "scenario_id": "scenario-167-volatility_feedback",
    "agent_id": "agent-volatility_feedback",
    "order_id": "scenario-167-volatility_feedback-agent-volatility_feedback-23",
    "action": "new",
    "side": "sell",
    "price": 65071.85618,
    "quantity": 0.05,
    "remaining_quantity": 0.05
  },
  {
    "event_id": "7bd8e4b42780049e9c994b7d40fe51df8f22d87e1ec0ecb3a8322aa5c45ef70b",
    "schema_version": "1.0.0",
    "event_type": "agent_order",
    "source": "synthetic_agent",
    "symbol": "BTCUSDT",
    "exchange": "binance_usdm",
    "timestamp": "2024-05-01T00:00:00.480000Z",
    "sequence": 24,
    "scenario_id": "scenario-167-volatility_feedback",
    "agent_id": "agent-volatility_feedback",
    "order_id": "scenario-167-volatility_feedback-agent-volatility_feedback-24",
    "action": "new",
    "side": "buy",
    "price": 65263.447159999996,
    "quantity": 0.02,
    "remaining_quantity": 0.02
  },
  {
    "event_id": "fa9db7c3e73824baf25f350c4767af37445ec5ed58d7d0d54e928d57f1c1c6cc",
    "schema_version": "1.0.0",
    "event_type": "agent_order",
    "source": "synthetic_agent",
    "symbol": "BTCUSDT",
    "exchange": "binance_usdm",
    "timestamp": "2024-05-01T00:00:00.500000Z",
    "sequence": 25,
    "scenario_id": "scenario-167-volatility_feedback",
    "agent_id": "agent-volatility_feedback",
    "order_id": "scenario-167-volatility_feedback-agent-volatility_feedback-25",
    "action": "new",
    "side": "sell",
    "price": 65069.249500000005,
    "quantity": 0.03,
    "remaining_quantity": 0.03
  },
  {
    "event_id": "bb6f1e680243deb95c8974a565396d7b46b0d6d8a86573c9b6aeb04100dc2889",
    "schema_version": "1.0.0",
    "event_type": "agent_order",
    "source": "synthetic_agent",
    "symbol": "BTCUSDT",
    "exchange": "binance_usdm",
    "timestamp": "2024-05-01T00:00:00.520000Z",
    "sequence": 26,
    "scenario_id": "scenario-167-volatility_feedback",
    "agent_id": "agent-volatility_feedback",
    "order_id": "scenario-167-volatility_feedback-agent-volatility_feedback-26",
    "action": "new",
    "side": "buy",
    "price": 65266.05384,
    "quantity": 0.04,
    "remaining_quantity": 0.04
  },
  {
    "event_id": "102c0ea752f9f8f4327e41a3744cc4c9fc4dbd46e0ab4217a901225514babcd0",
    "schema_version": "1.0.0",
    "event_type": "agent_order",
    "source": "synthetic_agent",
    "symbol": "BTCUSDT",
    "exchange": "binance_usdm",
    "timestamp": "2024-05-01T00:00:00.540000Z",
    "sequence": 27,
    "scenario_id": "scenario-167-volatility_feedback",
    "agent_id": "agent-volatility_feedback",
    "order_id": "scenario-167-volatility_feedback-agent-volatility_feedback-27",
    "action": "new",
    "side": "sell",
    "price": 65066.64282,
    "quantity": 0.05,
    "remaining_quantity": 0.05
  },
  {
    "event_id": "66dadc825cd0f4ad4f7d6f7ddd380c339503762de78144c2afe9a80abc4c0d84",
    "schema_version": "1.0.0",
    "event_type": "agent_order",
    "source": "synthetic_agent",
    "symbol": "BTCUSDT",
    "exchange": "binance_usdm",
    "timestamp": "2024-05-01T00:00:00.560000Z",
    "sequence": 28,
    "scenario_id": "scenario-167-volatility_feedback",
    "agent_id": "agent-volatility_feedback",
    "order_id": "scenario-167-volatility_feedback-agent-volatility_feedback-28",
    "action": "new",
    "side": "buy",
    "price": 65268.66052,
    "quantity": 0.02,
    "remaining_quantity": 0.02
  },
  {
    "event_id": "11d3446cc5a25412d9c82ac978c64934b6f48d52415ecb8c9a8f42ce891e94d6",
    "schema_version": "1.0.0",
    "event_type": "agent_order",
    "source": "synthetic_agent",
    "symbol": "BTCUSDT",
    "exchange": "binance_usdm",
    "timestamp": "2024-05-01T00:00:00.580000Z",
    "sequence": 29,
    "scenario_id": "scenario-167-volatility_feedback",
    "agent_id": "agent-volatility_feedback",
    "order_id": "scenario-167-volatility_feedback-agent-volatility_feedback-29",
    "action": "new",
    "side": "sell",
    "price": 65064.03614,
    "quantity": 0.03,
    "remaining_quantity": 0.03
  }
]