[
  {
    "event_id": "5ca554142bbbb18d860b1bd783500fce11479df04d27a73d746bf745996acd9f",
    "schema_version": "1.0.0",
    "event_type": "agent_order",
    "source": "synthetic_agent",
    "symbol": "BTCUSDT",
    "exchange": "binance_usdm",
    "timestamp": "2024-05-01T00:00:00Z",
    "sequence": 0,
    "scenario_id": "scenario-477-stop_run_sweep",
    "agent_id": "agent-stop_run_sweep",
    "order_id": "scenario-477-stop_run_sweep-agent-stop_run_sweep-0",
    "action": "new",
    "side": "buy",
    "price": 65542.477,
    "quantity": 0.06,
    "remaining_quantity": 0.06
  },
  {
    "event_id": "9667123ef82bcbfb466c18780c548a3d35d004c58c83580978a3c99e54d477b5",
    "schema_version": "1.0.0",
    "event_type": "agent_order",
    "source": "synthetic_agent",
    "symbol": "BTCUSDT",
    "exchange": "binance_usdm",
    "timestamp": "2024-05-01T00:00:00.030000Z",
    "sequence": 1,
    "scenario_id": "scenario-477-stop_run_sweep",
    "agent_id": "agent-stop_run_sweep",
    "order_id": "scenario-477-stop_run_sweep-agent-stop_run_sweep-1",
    "action": "new",
    "side": "buy",
    "price": 65545.75085,
    "quantity": 0.06,
    "remaining_quantity": 0.06
  },
  {
    "event_id": "186009c2fe1e3728ec31484e6bd97737b84831535ac270cc2b7deee3caae11b4",
    "schema_version": "1.0.0",
    "event_type": "agent_order",
    "source": "synthetic_agent",
    "symbol": "BTCUSDT",
    "exchange": "binance_usdm",
    "timestamp": "2024-05-01T00:00:00.060000Z",
    "sequence": 2,
    "scenario_id": "scenario-477-stop_run_sweep",
    "agent_id": "agent-stop_run_sweep",
    "order_id": "scenario-477-stop_run_sweep-agent-stop_run_sweep-2",
    "action": "new",
    "side": "buy",
    "price": 65549.0247,
    "quantity": 0.06,
    "remaining_quantity": 0.06
  },
  {
    "event_id": "bd38b6c03630459add42347561f84aa063adbda619ad1f13e05e67852821c506",
    "schema_version": "1.0.0",
    "event_type": "agent_order",
    "source": "synthetic_agent",
    "symbol": "BTCUSDT",
    "exchange": "binance_usdm",
    "timestamp": "2024-05-01T00:00:00.090000Z",
    "sequence": 3,
    "scenario_id": "scenario-477-stop_run_sweep",
    "agent_id": "agent-stop_run_sweep",
    "order_id": "scenario-477-stop_run_sweep-agent-stop_run_sweep-3",
    "action": "new",
    "side": "buy",
    "price": 65552.29854999999,
    "quantity": 0.06,
    "remaining_quantity": 0.06
  },
  {
    "event_id": "6accd63d56eb910c0700da0bc6c3b00e7bdb5f16e1cb98e86c2cb94fc4ad351c",
    "schema_version": "1.0.0",
    "event_type": "agent_order",
    "source": "synthetic_agent",
    "symbol": "BTCUSDT",
    "exchange": "binance_usdm",
    "timestamp": "2024-05-01T00:00:00.120000Z",
    "sequence": 4,
    "scenario_id": "scenario-477-stop_run_sweep",
    "agent_id": "agent-stop_run_sweep",
    "order_id": "scenario-477-stop_run_sweep-agent-stop_run_sweep-4",
    "action": "new",
    "side": "buy",
    "price": 65555.57239999999,
    "quantity": 0.06,
    "remaining_quantity": 0.06
  },
  {
    "event_id": "4eac139847b12adf77c6df4ea8877ee9b96fb52c10eedc0d446802b2cba8d7e7",
    "schema_version": "1.0.0",
    "event_type": "agent_order",
    "source": "synthetic_agent",
    "symbol": "BTCUSDT",
    "exchange": "binance_usdm",
    "timestamp": "2024-05-01T00:00:00.150000Z",
    "sequence": 5,
    "scenario_id": "scenario-477-stop_run_sweep",
    "agent_id": "agent-stop_run_sweep",
    "order_id": "scenario-477-stop_run_sweep-agent-stop_run_sweep-5",
    "action": "new",
    "side": "buy",
    "price": 65558.84625,
    "quantity": 0.06,
    "remaining_quantity": 0.06
  },
  {
    "event_id": "5bbc10e4ac62f59d84a904e029d52300a7ad33605a1735da2a5fb25fcd22f6b5",
    "schema_version": "1.0.0",
    "event_type": "agent_order",
    "source": "synthetic_agent",
    "symbol": "BTCUSDT",
    "exchange": "binance_usdm",
    "timestamp": "2024-05-01T00:00:00.180000Z",
    "sequence": 6,
    "scenario_id": "scenario-477-stop_run_sweep",
    "agent_id": "agent-stop_run_sweep",
    "order_id": "scenario-477-stop_run_sweep-agent-stop_run_sweep-6",
    "action": "new",
    "side": "buy",
    "price": 65562.12009999999,
    "quantity": 0.06,
    "remaining_quantity": 0.06
  },
  {
    "event_id": "2d94ab140c58deadb0cd874cf9f67435b91f4e2eeac64118287a46306a555b7c",
    "schema_version": "1.0.0",
    "event_type": "agent_order",
    "source": "synthetic_agent",
    "symbol": "BTCUSDT",
    "exchange": "binance_usdm",
    "timestamp": "2024-05-01T00:00:00.210000Z",
    "sequence": 7,
    "scenario_id": "scenario-477-stop_run_sweep",
    "agent_id": "agent-stop_run_sweep",
    "order_id": "scenario-477-stop_run_sweep-agent-stop_run_sweep-7",
    "action": "new",
    "side": "buy",
    "price": 65565.39395,
    "quantity": 0.06,
    "remaining_quantity": 0.06
  },
  {
    "event_id": "44ca982e7162c94b8c523e7203b04356a80bc830890634badc9a2f26a97b1b33",
    "schema_version": "1.0.0",
    "event_type": "agent_order",
    "source": "synthetic_agent",
    "symbol": "BTCUSDT",
    "exchange": "binance_usdm",
    "timestamp": "2024-05-01T00:00:00.240000Z",
    "sequence": 8,
    "scenario_id": "scenario-477-stop_run_sweep",
    "agent_id": "agent-stop_run_sweep",
    "order_id": "scenario-477-stop_run_sweep-agent-stop_run_sweep-8",
    "action": "new",
    "side": "buy",
    "price": 65568.6678,
    "quantity": 0.06,
    "remaining_quantity": 0.06
  },
  {
    "event_id": "3f677ba0581b1f322e577d074a2faf8561d34bea540cd692132d7cb95409fc19",
    "schema_version": "1.0.0",
    "event_type": "agent_order",
    "source": "synthetic_agent",
    "symbol": "BTCUSDT",
    "exchange": "binance_usdm",
    "timestamp": "2024-05-01T00:00:00.270000Z",
    "sequence": 9,
    "scenario_id": "scenario-477-stop_run_sweep",
    "agent_id": "agent-stop_run_sweep",
    "order_id": "scenario-477-stop_run_sweep-agent-stop_run_sweep-9",
    "action": "new",
    "side": "buy",
    "price": 65571.94165,
    "quantity": 0.06,
    "remaining_quantity": 0.06
  },
  {
    "event_id": "0095683c7ff5f41a84606ff27c3458554f6ad5b96133f42030b4f333829daaab",
    "schema_version": "1.0.0",
    "event_type": "agent_order",
    "source": "synthetic_agent",
    "symbol": "BTCUSDT",
    "exchange": "binance_usdm",
    "timestamp": "2024-05-01T00:00:00.300000Z",
    "sequence": 10,
    "scenario_id": "scenario-477-stop_run_sweep",
    "agent_id": "agent-stop_run_sweep",
    "order_id": "scenario-477-stop_run_sweep-agent-stop_run_sweep-10",
    "action": "new",
    "side": "buy",
    "price": 65575.21549999999,
    "quantity": 0.06,
    "remaining_quantity": 0.06
  },
  {
    "event_id": "1731fd8e82eb18380e86573da39e25ca49bd4538df1c6632c7aea5e9dbb3260e",
    "schema_version": "1.0.0",
    "event_type": "agent_order",
    "source": "synthetic_agent",
    "symbol": "BTCUSDT",
    "exchange": "binance_usdm",
    "timestamp": "2024-05-01T00:00:00.330000Z",
    "sequence": 11,
    "scenario_id": "scenario-477-stop_run_sweep",
    "agent_id": "agent-stop_run_sweep",
    "order_id": "scenario-477-stop_run_sweep-agent-stop_run_sweep-11",
    "action": "new",
    "side": "buy",
    "price": 65578.48934999999,
    "quantity": 0.06,
    "remaining_quantity": 0.06
  },
  {
    "event_id": "2558b89e0b9964a2fed53afbad1de9f7ac5c4de7c431addf25109559eaa9a50c",
    "schema_version": "1.0.0",
    "event_type": "agent_order",
    "source": "synthetic_agent",
    "symbol": "BTCUSDT",
    "exchange": "binance_usdm",
    "timestamp": "2024-05-01T00:00:00.360000Z",
    "sequence": 12,
    "scenario_id": "scenario-477-stop_run_sweep",
    "agent_id": "agent-stop_run_sweep",
    "order_id": "scenario-477-stop_run_sweep-agent-stop_run_sweep-12",
    "action": "new",
    "side": "buy",
    "price": 65581.76319999999,
    "quantity": 0.06,
    "remaining_quantity": 0.06
  },
  {
    "event_id": "453b890b88d75ddc7d782e49e7786d5c7d49fdbc69421401dd4a0ee883aab857",
    "schema_version": "1.0.0",
    "event_type": "agent_order",
    "source": "synthetic_agent",
    "symbol": "BTCUSDT",
    "exchange": "binance_usdm",
    "timestamp": "2024-05-01T00:00:00.390000Z",
    "sequence": 13,
    "scenario_id": "scenario-477-stop_run_sweep",
    "agent_id": "agent-stop_run_sweep",
    "order_id": "scenario-477-stop_run_sweep-agent-stop_run_sweep-13",
    "action": "new",
    "side": "buy",
    "price": 65585.03705,
    "quantity": 0.06,
    "remaining_quantity": 0.06
  },
  {
    "event_id": "528c81822267723cabfbd3848b111e6d38d92d826b5f2246191f46352fdfa506",
    "schema_version": "1.0.0",
    "event_type": "agent_order",
    "source": "synthetic_agent",
    "symbol": "BTCUSDT",
    "exchange": "binance_usdm",
    "timestamp": "2024-05-01T00:00:00.420000Z",
    "sequence": 14,
    "scenario_id": "scenario-477-stop_run_sweep",
    "agent_id": "agent-stop_run_sweep",
    "order_id": "scenario-477-stop_run_sweep-agent-stop_run_sweep-14",
    "action": "new",
    "side": "buy",
    "price": 65588.31089999998,
    "quantity": 0.06,
    "remaining_quantity": 0.06
  },
  {
    "event_id": "af32f651b0f4e3bd72dadc51aea9f7a8d1630d354bb15be05a89a2a5f84ab898",
    "schema_version": "1.0.0",
    "event_type": "agent_order",
    "source": "synthetic_agent",
    "symbol": "BTCUSDT",
    "exchange": "binance_usdm",
    "timestamp": "2024-05-01T00:00:00.450000Z",
    "sequence": 15,
    "scenario_id": "scenario-477-stop_run_sweep",
    "agent_id": "agent-stop_run_sweep",
    "order_id": "scenario-477-stop_run_sweep-agent-stop_run_sweep-15",
    "action": "new",
    "side": "buy",
    "price": 65591.58475,
    "quantity": 0.06,
    "remaining_quantity": 0.06
  },
  {
    "event_id": "4939a670d6d896715d156b1267d1519be84087c93d6836b287b7cea91aeb333e",
    "schema_version": "1.0.0",
    "event_type": "agent_order",
    "source": "synthetic_agent",
    "symbol": "BTCUSDT",
    "exchange": "binance_usdm",
    "timestamp": "2024-05-01T00:00:00.480000Z",
    "sequence": 16,
    "scenario_id": "scenario-477-stop_run_sweep",
    "agent_id": "agent-stop_run_sweep",
    "order_id": "scenario-477-stop_run_sweep-agent-stop_run_sweep-16",
    "action": "new",
    "side": "buy",
    "price": 65594.85859999999,
    "quantity": 0.06,
    "remaining_quantity": 0.06
  },
  {
    "event_id": "fff2a0e201ea5655ec816e5d534556bd81f0976d48e673c5c638816b699c7915",
    "schema_version": "1.0.0",
    "event_type": "agent_order",
    "source": "synthetic_agent",
    "symbol": "BTCUSDT",
    "exchange": "binance_usdm",
    "timestamp": "2024-05-01T00:00:00.510000Z",
    "sequence": 17,
    "scenario_id": "scenario-477-stop_run_sweep",
    "agent_id": "agent-stop_run_sweep",
    "order_id": "scenario-477-stop_run_sweep-agent-stop_run_sweep-17",
    "action": "new",
    "side": "buy",
    "price": 65598.13244999999,
    "quantity": 0.06,
    "remaining_quantity": 0.06
  },
  {
    "event_id": "a714a5f28e657ddb4019b4bb6fdeca6c6da1d28c0e3b8f51b3bd0ea9086d15c0",
    "schema_version": "1.0.0",
    "event_type": "agent_order",
    "source": "synthetic_agent",
    "symbol": "BTCUSDT",
    "exchange": "binance_usdm",
    "timestamp": "2024-05-01T00:00:00.540000Z",
    "sequence": 18,
    "scenario_id": "scenario-477-stop_run_sweep",
    "agent_id": "agent-stop_run_sweep",
    "order_id": "scenario-477-stop_run_sweep-agent-stop_run_sweep-18",
    "action": "new",
    "side": "buy",
    "price": 65601.40629999999,
    "quantity": 0.06,
    "remaining_quantity": 0.06
  },
  {
    "event_id": "131d24c2895045ebae0d3d16e4995e7cc3663ae07c31cf6e3cd7673952228e67",
    "schema_version": "1.0.0",
    "event_type": "agent_order",
    "source": "synthetic_agent",
    "symbol": "BTCUSDT",
    "exchange": "binance_usdm",
    "timestamp": "2024-05-01T00:00:00.570000Z",
    "sequence": 19,
    "scenario_id": "scenario-477-stop_run_sweep",
    "agent_id": "agent-stop_run_sweep",
    "order_id": "scenario-477-stop_run_sweep-agent-stop_run_sweep-19",
    "action": "new",
    "side": "buy",
    "price": 65604.68015,
    "quantity": 0.06,
    "remaining_quantity": 0.06
  },
  {
    "event_id": "6fe58340672405c046911a32cccd162424021ca5a9cb5be24e54a0bb0a032ec2",
    "schema_version": "1.0.0",
    "event_type": "agent_order",
    "source": "synthetic_agent",
    "symbol": "BTCUSDT",
    "exchange": "binance_usdm",
    "timestamp": "2024-05-01T00:00:00.600000Z",
    "sequence": 20,
    "scenario_id": "scenario-477-stop_run_sweep",
    "agent_id": "agent-stop_run_sweep",
    "order_id": "scenario-477-stop_run_sweep-agent-stop_run_sweep-20",
    "action": "new",
    "side": "buy",
    "price": 65607.95399999998,
    "quantity": 0.06,
    "remaining_quantity": 0.06
  },
  {
    "event_id": "6f7bbc605582bdfc8af7078fd5bd9fcbd87ddf3674e548478128c17d9a9c1a09",
    "schema_version": "1.0.0",
    "event_type": "agent_order",
    "source": "synthetic_agent",
    "symbol": "BTCUSDT",
    "exchange": "binance_usdm",
    "timestamp": "2024-05-01T00:00:00.630000Z",
    "sequence": 21,
    "scenario_id": "scenario-477-stop_run_sweep",
    "agent_id": "agent-stop_run_sweep",
    "order_id": "scenario-477-stop_run_sweep-agent-stop_run_sweep-21",
    "action": "new",
    "side": "buy",
    "price": 65611.22785,
    "quantity": 0.06,
    "remaining_quantity": 0.06
  },
  {
    "event_id": "cbc355e1b7e97974adc7d3ab03251e27f14124348d58c4ea4980370c6108aa8a",
    "schema_version": "1.0.0",
    "event_type": "agent_order",
    "source": "synthetic_agent",
    "symbol": "BTCUSDT",
    "exchange": "binance_usdm",
    "timestamp": "2024-05-01T00:00:00.660000Z",
    "sequence": 22,
    "scenario_id": "scenario-477-stop_run_sweep",
    "agent_id": "agent-stop_run_sweep",
    "order_id": "scenario-477-stop_run_sweep-agent-stop_run_sweep-22",
    "action": "new",
    "side": "buy",
    "price": 65614.5017,
    "quantity": 0.06,
    "remaining_quantity": 0.06
  },
  {
    "event_id": "7551ac322fc1b4c81053e8ba3500af3898fef9a7135911a7992ab3cb7388bc65",
    "schema_version": "1.0.0",
    "event_type": "agent_order",
    "source": "synthetic_agent",
    "symbol": "BTCUSDT",
    "exchange": "binance_usdm",
    "timestamp": "2024-05-01T00:00:00.690000Z",
    "sequence": 23,
    "scenario_id": "scenario-477-stop_run_sweep",
    "agent_id": "agent-stop_run_sweep",
    "order_id": "scenario-477-stop_run_sweep-agent-stop_run_sweep-23",
    "action": "new",
    "side": "buy",
    "price": 65617.77554999999,
    "quantity": 0.06,
    "remaining_quantity": 0.06
  },
  {
    "event_id": "e9648a08818e270cb2a6270e8725e35a8788ea173e0c51c1631ebe520c600217",
    "schema_version": "1.0.0",
    "event_type": "agent_order",
    "source": "synthetic_agent",
    "symbol": "BTCUSDT",
    "exchange": "binance_usdm",
    "timestamp": "2024-05-01T00:00:00.720000Z",
    "sequence": 24,
    "scenario_id": "scenario-477-stop_run_sweep",
    "agent_id": "agent-stop_run_sweep",
    "order_id": "scenario-477-stop_run_sweep-agent-stop_run_sweep-24",
    "action": "new",
    "side": "buy",
    "price": 65621.0494,
    "quantity": 0.06,
    "remaining_quantity": 0.06
  },
  {
    "event_id": "aba3b76c86734c816357dcbbd463259a9e37a207f4036f0e262398089cdc96c7",
    "schema_version": "1.0.0",
    "event_type": "agent_order",
    "source": "synthetic_agent",
    "symbol": "BTCUSDT",
    "exchange": "binance_usdm",
    "timestamp": "2024-05-01T00:00:00.750000Z",
    "sequence": 25,
    "scenario_id": "scenario-477-stop_run_sweep",
    "agent_id": "agent-stop_run_sweep",
    "order_id": "scenario-477-stop_run_sweep-agent-stop_run_sweep-25",
    "action": "new",
    "side": "buy",
    "price": 65624.32324999999,
    "quantity": 0.06,
    "remaining_quantity": 0.06
  },
  {
    "event_id": "7300f6ebd0490947706691ad70bf383953cb0f7cad49737f74df9afb1cb41da7",
    "schema_version": "1.0.0",
    "event_type": "agent_order",
    "source": "synthetic_agent",
    "symbol": "BTCUSDT",
    "exchange": "binance_usdm",
    "timestamp": "2024-05-01T00:00:00.780000Z",
    "sequence": 26,
    "scenario_id": "scenario-477-stop_run_sweep",
    "agent_id": "agent-stop_run_sweep",
    "order_id": "scenario-477-stop_run_sweep-agent-stop_run_sweep-26",
    "action": "new",
    "side": "buy",
    "price": 65627.5971,
    "quantity": 0.06,
    "remaining_quantity": 0.06
  },
  {
    "event_id": "09d3c9390337f180b5b4c0b3866a8e7670c154de2baf09b381a6fc5e754ef63c",
    "schema_version": "1.0.0",
    "event_type": "agent_order",
    "source": "synthetic_agent",
    "symbol": "BTCUSDT",
    "exchange": "binance_usdm",
    "timestamp": "2024-05-01T00:00:00.810000Z",
    "sequence": 27,
    "scenario_id": "scenario-477-stop_run_sweep",
    "agent_id": "agent-stop_run_sweep",
    "order_id": "scenario-477-stop_run_sweep-agent-stop_run_sweep-27",
    "action": "new",
    "side": "buy",
    "price": 65630.87095,
    "quantity": 0.06,
    "remaining_quantity": 0.06
  },
  {
    "event_id": "f90464f4570ac6d796ebe0ca2dc496b1085e7af00e457e578bed9db3a5923488",
    "schema_version": "1.0.0",
    "event_type": "agent_order",
    "source": "synthetic_agent",
    "symbol": "BTCUSDT",
    "exchange": "binance_usdm",
    "timestamp": "2024-05-01T00:00:00.840000Z",
    "sequence": 28,
    "scenario_id": "scenario-477-stop_run_sweep",
    "agent_id": "agent-stop_run_sweep",
    "order_id": "scenario-477-stop_run_sweep-agent-stop_run_sweep-28",
    "action": "new",
    "side": "buy",
    "price": 65634.1448,
    "quantity": 0.06,
    "remaining_quantity": 0.06
  },
  {
    "event_id": "eeff79d74298c32f6d06bac0da2c88d49b4ad97414b8db96c6adf0f87212b16f",
    "schema_version": "1.0.0",
    "event_type": "agent_order",
    "source": "synthetic_agent",
    "symbol": "BTCUSDT",
    "exchange": "binance_usdm",
    "timestamp": "2024-05-01T00:00:00.870000Z",
    "sequence": 29,
    "scenario_id": "scenario-477-stop_run_sweep",
    "agent_id": "agent-stop_run_sweep",
    "order_id": "scenario-477-stop_run_sweep-agent-stop_run_sweep-29",
    "action": "new",
    "side": "buy",
    "price": 65637.41864999999,
    "quantity": 0.06,
    "remaining_quantity": 0.06
  }
]