[
  {
    "event_id": "162e2c4414a885cf0727530814b195a99ffb887f3a9ebddd0c69e3319b6ca081",
    "schema_version": "1.0.0",
    "event_type": "agent_order",
    "source": "synthetic_agent",
    "symbol": "BTCUSDT",
    "exchange": "binance_usdm",
    "timestamp": "2024-05-01T00:00:00Z",
    "sequence": 0,
    "scenario_id": "scenario-176-latency_edge",
    "agent_id": "agent-latency_edge",
    "order_id": "scenario-176-latency_edge-agent-latency_edge-0",
    "action": "new",
    "side": "buy",
    "price": 65215.105599999995,
    "quantity": 0.006,
    "remaining_quantity": 0.006
  },
  {
    "event_id": "ca32f3a903ea74d88ecb6682411f1d9323fdbff3c8ca051a1a2a78118d1a0ea3",
    "schema_version": "1.0.0",
    "event_type": "agent_order",
    "source": "synthetic_agent",
    "symbol": "BTCUSDT",
    "exchange": "binance_usdm",
    "timestamp": "2024-05-01T00:00:00.008000Z",
    "sequence": 1,
    "scenario_id": "scenario-176-latency_edge",
    "agent_id": "agent-latency_edge",
    "order_id": "scenario-176-latency_edge-agent-latency_edge-1",
    "action": "new",
    "side": "buy",
    "price": 65215.105599999995,
    "quantity": 0.006,
    "remaining_quantity": 0.006
  },
  {
    "event_id": "bf5a66c38fdf1d75f79a9eefae3ec45ae2bf36380149b2cecd4f3f236b396992",
    "schema_version": "1.0.0",
    "event_type": "agent_order",
    "source": "synthetic_agent",
    "symbol": "BTCUSDT",
    "exchange": "binance_usdm",
    "timestamp": "2024-05-01T00:00:00.016000Z",
    "sequence": 2,
    "scenario_id": "scenario-176-latency_edge",
    "agent_id": "agent-latency_edge",
    "order_id": "scenario-176-latency_edge-agent-latency_edge-2",
    "action": "new",
    "side": "sell",
    "price": 65136.8944,
    "quantity": 0.006,
    "remaining_quantity": 0.006
  },
  {
    "event_id": "00c354b5b5cf7f1f36c17feb6e07112143252d7654553d0dc0d1cd216724341e",
    "schema_version": "1.0.0",
    "event_type": "agent_order",
    "source": "synthetic_agent",
    "symbol": "BTCUSDT",
    "exchange": "binance_usdm",
    "timestamp": "2024-05-01T00:00:00.024000Z",
    "sequence": 3,
    "scenario_id": "scenario-176-latency_edge",
    "agent_id": "agent-latency_edge",
    "order_id": "scenario-176-latency_edge-agent-latency_edge-3",
    "action": "new",
    "side": "sell",
    "price": 65136.8944,
    "quantity": 0.006,
    "remaining_quantity": 0.006
  },
  {
    "event_id": "1af17e540662e0e1c686ab556d52b0ebf345d015caf42dbb93799dc19667dc70",
    "schema_version": "1.0.0",
    "event_type": "agent_order",
    "source": "synthetic_agent",
    "symbol": "BTCUSDT",
    "exchange": "binance_usdm",
    "timestamp": "2024-05-01T00:00:00.032000Z",
    "sequence": 4,
    "scenario_id": "scenario-176-latency_edge",
    "agent_id": "agent-latency_edge",
    "order_id": "scenario-176-latency_edge-agent-latency_edge-4",
    "action": "new",
    "side": "buy",
    "price": 65215.105599999995,
    "quantity": 0.006,
    "remaining_quantity": 0.006
  },
  {
    "event_id": "b5b1147c74a46386e57d902b243c7ad85c567a6cf5eb6b4ee4399fb548cb2b47",
    "schema_version": "1.0.0",
    "event_type": "agent_order",
    "source": "synthetic_agent",
    "symbol": "BTCUSDT",
    "exchange": "binance_usdm",
    "timestamp": "2024-05-01T00:00:00.040000Z",
    "sequence": 5,
    "scenario_id": "scenario-176-latency_edge",
    "agent_id": "agent-latency_edge",
    "order_id": "scenario-176-latency_edge-agent-latency_edge-5",
    "action": "new",
    "side": "buy",
    "price": 65215.105599999995,
    "quantity": 0.006,
    "remaining_quantity": 0.006
  },
  {
    "event_id": "0e2daf3132da2bea174d51379c5185a03223e27385489091d1f7d43973c65cd1",
    "schema_version": "1.0.0",
    "event_type": "agent_order",
    "source": "synthetic_agent",
    "symbol": "BTCUSDT",
    "exchange": "binance_usdm",
    "timestamp": "2024-05-01T00:00:00.048000Z",
    "sequence": 6,
    "scenario_id": "scenario-176-latency_edge",
    "agent_id": "agent-latency_edge",
    "order_id": "scenario-176-latency_edge-agent-latency_edge-6",
    "action": "new",
    "side": "sell",
    "price": 65136.8944,
    "quantity": 0.006,
    "remaining_quantity": 0.006
  },
  {
    "event_id": "ed3b69f4079f679bf1180bd21625da0ba2a93f78a281e73111a171ea4242f4aa",
    "schema_version": "1.0.0",
    "event_type": "agent_order",
    "source": "synthetic_agent",
    "symbol": "BTCUSDT",
    "exchange": "binance_usdm",
    "timestamp": "2024-05-01T00:00:00.056000Z",
    "sequence": 7,
    "scenario_id": "scenario-176-latency_edge",
    "agent_id": "agent-latency_edge",
    "order_id": "scenario-176-latency_edge-agent-latency_edge-7",
    "action": "new",
    "side": "sell",
    "price": 65136.8944,
    "quantity": 0.006,
    "remaining_quantity": 0.006
  },
  {
    "event_id": "2494015a973215f835ae2f94e7f1576ac0cf13d9f10ed9364554bf3d7c3aa0e1",
    "schema_version": "1.0.0",
    "event_type": "agent_order",
    "source": "synthetic_agent",
    "symbol": "BTCUSDT",
    "exchange": "binance_usdm",
    "timestamp": "2024-05-01T00:00:00.064000Z",
    "sequence": 8,
    "scenario_id": "scenario-176-latency_edge",
    "agent_id": "agent-latency_edge",
    "order_id": "scenario-176-latency_edge-agent-latency_edge-8",
    "action": "new",
    "side": "buy",
    "price": 65215.105599999995,
    "quantity": 0.006,
    "remaining_quantity": 0.006
  },
  {
    "event_id": "2944a0f54ce7460fde704d5af1608e12c31e897e721ecadde79a12ede7fdfe7f",
    "schema_version": "1.0.0",
    "event_type": "agent_order",
    "source": "synthetic_agent",
    "symbol": "BTCUSDT",
    "exchange": "binance_usdm",
    "timestamp": "2024-05-01T00:00:00.072000Z",
    "sequence": 9,
    "scenario_id": "scenario-176-latency_edge",
    "agent_id": "agent-latency_edge",
    "order_id": "scenario-176-latency_edge-agent-latency_edge-9",
    "action": "new",
    "side": "buy",
    "price": 65215.105599999995,
    "quantity": 0.006,
    "remaining_quantity": 0.006
  },
  {
    "event_id": "b6b2e0189bf9cee5340b07db7a249386a878d1f5f271e5df1fc23cc020db6db9",
    "schema_version": "1.0.0",
    "event_type": "agent_order",
    "source": "synthetic_agent",
    "symbol": "BTCUSDT",
    "exchange": "binance_usdm",
    "timestamp": "2024-05-01T00:00:00.080000Z",
    "sequence": 10,
    "scenario_id": "scenario-176-latency_edge",
    "agent_id": "agent-latency_edge",
    "order_id": "scenario-176-latency_edge-agent-latency_edge-10",
    "action": "new",
    "side": "sell",
    "price": 65136.8944,
    "quantity": 0.006,
    "remaining_quantity": 0.006
  },
  {
    "event_id": "f124b9550dfb9bbfe00684958a37dda57e7a995f0f171577294f6e1bfeacf518",
    "schema_version": "1.0.0",
    "event_type": "agent_order",
    "source": "synthetic_agent",
    "symbol": "BTCUSDT",
    "exchange": "binance_usdm",
    "timestamp": "2024-05-01T00:00:00.088000Z",
    "sequence": 11,
    "scenario_id": "scenario-176-latency_edge",
    "agent_id": "agent-latency_edge",
    "order_id": "scenario-176-latency_edge-agent-latency_edge-11",
    "action": "new",
    "side": "sell",
    "price": 65136.8944,
    "quantity": 0.006,
    "remaining_quantity": 0.006
  },
  {
    "event_id": "42ab0ced4f4b08356d80c6701af93006eca3f64cbda9bd0ce18c7347483e3afc",
    "schema_version": "1.0.0",
    "event_type": "agent_order",
    "source": "synthetic_agent",
    "symbol": "BTCUSDT",
    "exchange": "binance_usdm",
    "timestamp": "2024-05-01T00:00:00.096000Z",
    "sequence": 12,
    "scenario_id": "scenario-176-latency_edge",
    "agent_id": "agent-latency_edge",
    "order_id": "scenario-176-latency_edge-agent-latency_edge-12",
    "action": "new",
    "side": "buy",
    "price": 65215.105599999995,
    "quantity": 0.006,
    "remaining_quantity": 0.006
  },
  {
    "event_id": "88f2b4f7f2aada2c7d60bff65adb0ccb4af8202f191eee20463b8bf8ce402058",
    "schema_version": "1.0.0",
    "event_type": "agent_order",
    "source": "synthetic_agent",
    "symbol": "BTCUSDT",
    "exchange": "binance_usdm",
    "timestamp": "2024-05-01T00:00:00.104000Z",
    "sequence": 13,
    "scenario_id": "scenario-176-latency_edge",
    "agent_id": "agent-latency_edge",
    "order_id": "scenario-176-latency_edge-agent-latency_edge-13",
    "action": "new",
    "side": "buy",
    "price": 65215.105599999995,
    "quantity": 0.006,
    "remaining_quantity": 0.006
  },
  {
    "event_id": "eeeb1467f08bb3aba97fffc4733817589ea35de4d4228fffdf711cf35cd547a3",
    "schema_version": "1.0.0",
    "event_type": "agent_order",
    "source": "synthetic_agent",
    "symbol": "BTCUSDT",
    "exchange": "binance_usdm",
    "timestamp": "2024-05-01T00:00:00.112000Z",
    "sequence": 14,
    "scenario_id": "scenario-176-latency_edge",
    "agent_id": "agent-latency_edge",
    "order_id": "scenario-176-latency_edge-agent-latency_edge-14",
    "action": "new",
    "side": "sell",
    "price": 65136.8944,
    "quantity": 0.006,
    "remaining_quantity": 0.006
  },
  {
    "event_id": "96e14ff86e6b4b789746bd75e4867c76559ad3f8b370f2b661141cadf4a84173",
    "schema_version": "1.0.0",
    "event_type": "agent_order",
    "source": "synthetic_agent",
    "symbol": "BTCUSDT",
    "exchange": "binance_usdm",
    "timestamp": "2024-05-01T00:00:00.120000Z",
    "sequence": 15,
    "scenario_id": "scenario-176-latency_edge",
    "agent_id": "agent-latency_edge",
    "order_id": "scenario-176-latency_edge-agent-latency_edge-15",
    "action": "new",
    "side": "sell",
    "price": 65136.8944,
    "quantity": 0.006,
    "remaining_quantity": 0.006
  },
  {
    "event_id": "f62759186675ebdf3f34a9c479095e8c6d0dc06f4a717ed86bd5b63b8987a4e9",
    "schema_version": "1.0.0",
    "event_type": "agent_order",
    "source": "synthetic_agent",
    "symbol": "BTCUSDT",
    "exchange": "binance_usdm",
    "timestamp": "2024-05-01T00:00:00.128000Z",
    "sequence": 16,
    "scenario_id": "scenario-176-latency_edge",
    "agent_id": "agent-latency_edge",
    "order_id": "scenario-176-latency_edge-agent-latency_edge-16",
    "action": "new",
    "side": "buy",
    "price": 65215.105599999995,
    "quantity": 0.006,
    "remaining_quantity": 0.006
  },
  {
    "event_id": "f6843d927cc74b5fa882197aa37a8e29164eeb38035e034142207ae4eec1c450",
    "schema_version": "1.0.0",
    "event_type": "agent_order",
    "source": "synthetic_agent",
    "symbol": "BTCUSDT",
    "exchange": "binance_usdm",
    "timestamp": "2024-05-01T00:00:00.136000Z",
    "sequence": 17,
    "scenario_id": "scenario-176-latency_edge",
    "agent_id": "agent-latency_edge",
    "order_id": "scenario-176-latency_edge-agent-latency_edge-17",
    "action": "new",
    "side": "buy",
    "price": 65215.105599999995,
    "quantity": 0.006,
    "remaining_quantity": 0.006
  },
  {
    "event_id": "38da27593a5dd45d821cb854660c9ce824d7330f322b529be2b79e7fa9a48a14",
    "schema_version": "1.0.0",
    "event_type": "agent_order",
    "source": "synthetic_agent",
    "symbol": "BTCUSDT",
    "exchange": "binance_usdm",
    "timestamp": "2024-05-01T00:00:00.144000Z",
    "sequence": 18,
    "scenario_id": "scenario-176-latency_edge",
    "agent_id": "agent-latency_edge",
    "order_id": "scenario-176-latency_edge-agent-latency_edge-18",
    "action": "new",
    "side": "sell",
    "price": 65136.8944,
    "quantity": 0.006,
    "remaining_quantity": 0.006
  },
  {
    "event_id": "c30030e1f71bf04ed65b7faa5e2bc083d67d2b191ff3f3258e0930c5247c1f2a",
    "schema_version": "1.0.0",
    "event_type": "agent_order",
    "source": "synthetic_agent",
    "symbol": "BTCUSDT",
    "exchange": "binance_usdm",
    "timestamp": "2024-05-01T00:00:00.152000Z",
    "sequence": 19,
    "scenario_id": "scenario-176-latency_edge",
    "agent_id": "agent-latency_edge",
    "order_id": "scenario-176-latency_edge-agent-latency_edge-19",
    "action": "new",
    "side": "sell",
    "price": 65136.8944,
    "quantity": 0.006,
    "remaining_quantity": 0.006
  },
  {
    "event_id": "8b81132622990fdf21feb67263874e248cfd7683e360393d067e056eb56b4331",
    "schema_version": "1.0.0",
    "event_type": "agent_order",
    "source": "synthetic_agent",
    "symbol": "BTCUSDT",
    "exchange": "binance_usdm",
    "timestamp": "2024-05-01T00:00:00.160000Z",
    "sequence": 20,
    "scenario_id": "scenario-176-latency_edge",
    "agent_id": "agent-latency_edge",
    "order_id": "scenario-176-latency_edge-agent-latency_edge-20",
    "action": "new",
    "side": "buy",
    "price": 65215.105599999995,
    "quantity": 0.006,
    "remaining_quantity": 0.006
  },
  {
    "event_id": "a4d69ee7c85be1e83bada16f08348419de1d6b99def3ea95c157efa994784728",
    "schema_version": "1.0.0",
    "event_type": "agent_order",
    "source": "synthetic_agent",
    "symbol": "BTCUSDT",
    "exchange": "binance_usdm",
    "timestamp": "2024-05-01T00:00:00.168000Z",
    "sequence": 21,
    "scenario_id": "scenario-176-latency_edge",
    "agent_id": "agent-latency_edge",
    "order_id": "scenario-176-latency_edge-agent-latency_edge-21",
    "action": "new",
    "side": "buy",
    "price": 65215.105599999995,
    "quantity": 0.006,
    "remaining_quantity": 0.006
  },
  {
    "event_id": "75a57f852282a942d5ec666d57b2cb300b5c8cbd3715d2ac066b15d90393cade",
    "schema_version": "1.0.0",
    "event_type": "agent_order",
    "source": "synthetic_agent",
    "symbol": "BTCUSDT",
    "exchange": "binance_usdm",
    "timestamp": "2024-05-01T00:00:00.176000Z",
    "sequence": 22,
    "scenario_id": "scenario-176-latency_edge",
    "agent_id": "agent-latency_edge",
    "order_id": "scenario-176-latency_edge-agent-latency_edge-22",
    "action": "new",
    "side": "sell",
    "price": 65136.8944,
    "quantity": 0.006,
    "remaining_quantity": 0.006
  },
  {
    "event_id": "7bb8b3f0377dbc86f398f1fb181bf23de233a4753fe1b4ab78a0fd454e59bbdd",
    "schema_version": "1.0.0",
    "event_type": "agent_order",
    "source": "synthetic_agent",
    "symbol": "BTCUSDT",
    "exchange": "binance_usdm",
    "timestamp": "2024-05-01T00:00:00.184000Z",
    "sequence": 23,
    "scenario_id": "scenario-176-latency_edge",
    "agent_id": "agent-latency_edge",
    "order_id": "scenario-176-latency_edge-agent-latency_edge-23",
    "action": "new",
    "side": "sell",
    "price": 65136.8944,
    "quantity": 0.006,
    "remaining_quantity": 0.006
  },
  {
    "event_id": "55cd73452287546fe675e37a9d7c75ce5be15d0bfde76c42549a74a4880d56ab",
    "schema_version": "1.0.0",
    "event_type": "agent_order",
    "source": "synthetic_agent",
    "symbol": "BTCUSDT",
    "exchange": "binance_usdm",
    "timestamp": "2024-05-01T00:00:00.192000Z",
    "sequence": 24,
    "scenario_id": "scenario-176-latency_edge",
    "agent_id": "agent-latency_edge",
    "order_id": "scenario-176-latency_edge-agent-latency_edge-24",
    "action": "new",
    "side": "buy",
    "price": 65215.105599999995,
    "quantity": 0.006,
    "remaining_quantity": 0.006
  },
  {
    "event_id": "075f74362878c24b51740cb43850e63f57e10aabbb092b55c2e90c24d4950ad7",
    "schema_version": "1.0.0",
    "event_type": "agent_order",
    "source": "synthetic_agent",
    "symbol": "BTCUSDT",
    "exchange": "binance_usdm",
    "timestamp": "2024-05-01T00:00:00.200000Z",
    "sequence": 25,
    "scenario_id": "scenario-176-latency_edge",
    "agent_id": "agent-latency_edge",
    "order_id": "scenario-176-latency_edge-agent-latency_edge-25",
    "action": "new",
    "side": "buy",
    "price": 65215.105599999995,
    "quantity": 0.006,
    "remaining_quantity": 0.006
  },
  {
    "event_id": "da53450f4d4834454b84a30ca523c07faf54eb137d17cc5164eff7919e35884b",
    "schema_version": "1.0.0",
    "event_type": "agent_order",
    "source": "synthetic_agent",
    "symbol": "BTCUSDT",
    "exchange": "binance_usdm",
    "timestamp": "2024-05-01T00:00:00.208000Z",
    "sequence": 26,
    "scenario_id": "scenario-176-latency_edge",
    "agent_id": "agent-latency_edge",
    "order_id": "scenario-176-latency_edge-agent-latency_edge-26",
    "action": "new",
    "side": "sell",
    "price": 65136.8944,
    "quantity": 0.006,
    "remaining_quantity": 0.006
  },
  {
    "event_id": "8291affe07c0eae07b2545c9cd99cb100cdae0e5cbbbaa06ef476f2b578d44e6",
    "schema_version": "1.0.0",
    "event_type": "agent_order",
    "source": "synthetic_agent",
    "symbol": "BTCUSDT",
    "exchange": "binance_usdm",
    "timestamp": "2024-05-01T00:00:00.216000Z",
    "sequence": 27,
    "scenario_id": "scenario-176-latency_edge",
    "agent_id": "agent-latency_edge",
    "order_id": "scenario-176-latency_edge-agent-latency_edge-27",
    "action": "new",
    "side": "sell",
    "price": 65136.8944,
    "quantity": 0.006,
    "remaining_quantity": 0.006
  },
  {
    "event_id": "23757d1b565def57d922072424846f64a534355582b96a568b3491f6f8e5b000",
    "schema_version": "1.0.0",
    "event_type": "agent_order",
    "source": "synthetic_agent",
    "symbol": "BTCUSDT",
    "exchange": "binance_usdm",
    "timestamp": "2024-05-01T00:00:00.224000Z",
    "sequence": 28,
    "scenario_id": "scenario-176-latency_edge",
    "agent_id": "agent-latency_edge",
    "order_id": "scenario-176-latency_edge-agent-latency_edge-28",
    "action": "new",
    "side": "buy",
    "price": 65215.105599999995,
    "quantity": 0.006,
    "remaining_quantity": 0.006
  },
  {
    "event_id": "b23a6f0a130a8873968dad5f58ab02a708e6f3bf56c66aa5e8afa3b0dcb5527e",
    "schema_version": "1.0.0",
    "event_type": "agent_order",
    "source": "synthetic_agent",
    "symbol": "BTCUSDT",
    "exchange": "binance_usdm",
    "timestamp": "2024-05-01T00:00:00.232000Z",
    "sequence": 29,
    "scenario_id": "scenario-176-latency_edge",
    "agent_id": "agent-latency_edge",
    "order_id": "scenario-176-latency_edge-agent-latency_edge-29",
    "action": "new",
    "side": "buy",
    "price": 65215.105599999995,
    "quantity": 0.006,
    "remaining_quantity": 0.006
  }
]