[
  {
    "event_id": "cafb7f93e56d8fc5c333c38b9072ce1e91b401082fec1a01d962247417c9f14e",
    "schema_version": "1.0.0",
    "event_type": "agent_order",
    "source": "synthetic_agent",
    "symbol": "BTCUSDT",
    "exchange": "binance_usdm",
    "timestamp": "2024-05-01T00:00:00Z",
    "sequence": 0,
    "scenario_id": "scenario-081-stop_run_sweep",
    "agent_id": "agent-stop_run_sweep",
    "order_id": "scenario-081-stop_run_sweep-agent-stop_run_sweep-0",
    "action": "new",
    "side": "buy",
    "price": 65146.08099999999,
    "quantity": 0.06,
    "remaining_quantity": 0.06
  },
  {
    "event_id": "419e54f1cbab2759656a5689597f6eccfa76cadaeeae71ea6de5f39808c02b30",
    "schema_version": "1.0.0",
    "event_type": "agent_order",
    "source": "synthetic_agent",
    "symbol": "BTCUSDT",
    "exchange": "binance_usdm",
    "timestamp": "2024-05-01T00:00:00.030000Z",
    "sequence": 1,
    "scenario_id": "scenario-081-stop_run_sweep",
    "agent_id": "agent-stop_run_sweep",
    "order_id": "scenario-081-stop_run_sweep-agent-stop_run_sweep-1",
    "action": "new",
    "side": "buy",
    "price": 65149.33505,
    "quantity": 0.06,
    "remaining_quantity": 0.06
  },
  {
    "event_id": "bc43d3f4126535942fbd9be25b0e40a97e8a061337ee0b6d597b2aa0f2a07558",
    "schema_version": "1.0.0",
    "event_type": "agent_order",
    "source": "synthetic_agent",
    "symbol": "BTCUSDT",
    "exchange": "binance_usdm",
    "timestamp": "2024-05-01T00:00:00.060000Z",
    "sequence": 2,
    "scenario_id": "scenario-081-stop_run_sweep",
    "agent_id": "agent-stop_run_sweep",
    "order_id": "scenario-081-stop_run_sweep-agent-stop_run_sweep-2",
    "action": "new",
    "side": "buy",
    "price": 65152.58909999999,
    "quantity": 0.06,
    "remaining_quantity": 0.06
  },
  {
    "event_id": "ea180ec03924a162d13a5026c89a9e42ef606ede66475aebbdc171a54c508e25",
    "schema_version": "1.0.0",
    "event_type": "agent_order",
    "source": "synthetic_agent",
    "symbol": "BTCUSDT",
    "exchange": "binance_usdm",
    "timestamp": "2024-05-01T00:00:00.090000Z",
    "sequence": 3,
    "scenario_id": "scenario-081-stop_run_sweep",
    "agent_id": "agent-stop_run_sweep",
    "order_id": "scenario-081-stop_run_sweep-agent-stop_run_sweep-3",
    "action": "new",
    "side": "buy",
    "price": 65155.84315,
    "quantity": 0.06,
    "remaining_quantity": 0.06
  },
  {
    "event_id": "d4a99137f1f16c35672f280a83504129cd6578557d141168dfcb95f51713b097",
    "schema_version": "1.0.0",
    "event_type": "agent_order",
    "source": "synthetic_agent",
    "symbol": "BTCUSDT",
    "exchange": "binance_usdm",
    "timestamp": "2024-05-01T00:00:00.120000Z",
    "sequence": 4,
    "scenario_id": "scenario-081-stop_run_sweep",
    "agent_id": "agent-stop_run_sweep",
    "order_id": "scenario-081-stop_run_sweep-agent-stop_run_sweep-4",
    "action": "new",
    "side": "buy",
    "price": 65159.09719999999,
    "quantity": 0.06,
    "remaining_quantity": 0.06
  },
  {
    "event_id": "b24878b59b5b780455f5e78b10ed39c860cf8d91bbe3afad400c2388f648eeed",
    "schema_version": "1.0.0",
    "event_type": "agent_order",
    "source": "synthetic_agent",
    "symbol": "BTCUSDT",
    "exchange": "binance_usdm",
    "timestamp": "2024-05-01T00:00:00.150000Z",
    "sequence": 5,
    "scenario_id": "scenario-081-stop_run_sweep",
    "agent_id": "agent-stop_run_sweep",
    "order_id": "scenario-081-stop_run_sweep-agent-stop_run_sweep-5",
    "action": "new",
    "side": "buy",
    "price": 65162.35125,
    "quantity": 0.06,
    "remaining_quantity": 0.06
  },
  {
    "event_id": "e53b7af5aca5c86ec865580bbaac7c6b2d515aa7d40e09d06782b2d4ebb06653",
    "schema_version": "1.0.0",
    "event_type": "agent_order",
    "source": "synthetic_agent",
    "symbol": "BTCUSDT",
    "exchange": "binance_usdm",
    "timestamp": "2024-05-01T00:00:00.180000Z",
    "sequence": 6,
    "scenario_id": "scenario-081-stop_run_sweep",
    "agent_id": "agent-stop_run_sweep",
    "order_id": "scenario-081-stop_run_sweep-agent-stop_run_sweep-6",
    "action": "new",
    "side": "buy",
    "price": 65165.60529999999,
    "quantity": 0.06,
    "remaining_quantity": 0.06
  },
  {
    "event_id": "ccffe474463ea90c4342ac2408f3d945bb7c35bee0f0e79130a46792968f4c96",
    "schema_version": "1.0.0",
    "event_type": "agent_order",
    "source": "synthetic_agent",
    "symbol": "BTCUSDT",
    "exchange": "binance_usdm",
    "timestamp": "2024-05-01T00:00:00.210000Z",
    "sequence": 7,
    "scenario_id": "scenario-081-stop_run_sweep",
    "agent_id": "agent-stop_run_sweep",
    "order_id": "scenario-081-stop_run_sweep-agent-stop_run_sweep-7",
    "action": "new",
    "side": "buy",
    "price": 65168.85935,
    "quantity": 0.06,
    "remaining_quantity": 0.06
  },
  {
    "event_id": "d7fb8c2827aceb1695cd4f1ac21b32221e7fdb9ea2ec4ca028024b483473feb5",
    "schema_version": "1.0.0",
    "event_type": "agent_order",
    "source": "synthetic_agent",
    "symbol": "BTCUSDT",
    "exchange": "binance_usdm",
    "timestamp": "2024-05-01T00:00:00.240000Z",
    "sequence": 8,
    "scenario_id": "scenario-081-stop_run_sweep",
    "agent_id": "agent-stop_run_sweep",
    "order_id": "scenario-081-stop_run_sweep-agent-stop_run_sweep-8",
    "action": "new",
    "side": "buy",
    "price": 65172.11339999999,
    "quantity": 0.06,
    "remaining_quantity": 0.06
  },
  {
    "event_id": "98b9c2f725283f51bf05b0fe1cb81c7bfc032868f7092e8ef479af91b01e794b",
    "schema_version": "1.0.0",
    "event_type": "agent_order",
    "source": "synthetic_agent",
    "symbol": "BTCUSDT",
    "exchange": "binance_usdm",
    "timestamp": "2024-05-01T00:00:00.270000Z",
    "sequence": 9,
    "scenario_id": "scenario-081-stop_run_sweep",
    "agent_id": "agent-stop_run_sweep",
    "order_id": "scenario-081-stop_run_sweep-agent-stop_run_sweep-9",
    "action": "new",
    "side": "buy",
    "price": 65175.36745,
    "quantity": 0.06,
    "remaining_quantity": 0.06
  },
  {
    "event_id": "7a2e19736028ad8d0718f1de854707b48e0fc70fc5c62e85c56f947939d4f5a3",
    "schema_version": "1.0.0",
    "event_type": "agent_order",
    "source": "synthetic_agent",
    "symbol": "BTCUSDT",
    "exchange": "binance_usdm",
    "timestamp": "2024-05-01T00:00:00.300000Z",
    "sequence": 10,
    "scenario_id": "scenario-081-stop_run_sweep",
    "agent_id": "agent-stop_run_sweep",
    "order_id": "scenario-081-stop_run_sweep-agent-stop_run_sweep-10",
    "action": "new",
    "side": "buy",
    "price": 65178.62149999999,
    "quantity": 0.06,
    "remaining_quantity": 0.06
  },
  {
    "event_id": "28fac74c23650d5d8b6f93027fa16c2f0721ac5f50058904e9fee7f6fae23c5f",
    "schema_version": "1.0.0",
    "event_type": "agent_order",
    "source": "synthetic_agent",
    "symbol": "BTCUSDT",
    "exchange": "binance_usdm",
    "timestamp": "2024-05-01T00:00:00.330000Z",
    "sequence": 11,
    "scenario_id": "scenario-081-stop_run_sweep",
    "agent_id": "agent-stop_run_sweep",
    "order_id": "scenario-081-stop_run_sweep-agent-stop_run_sweep-11",
    "action": "new",
    "side": "buy",
    "price": 65181.87555,
    "quantity": 0.06,
    "remaining_quantity": 0.06
  },
  {
    "event_id": "0ead8f2ddb78a3522ce017e76d3d85191e029ce3ecf92ddc61da20ddd4c7deac",
    "schema_version": "1.0.0",
    "event_type": "agent_order",
    "source": "synthetic_agent",
    "symbol": "BTCUSDT",
    "exchange": "binance_usdm",
    "timestamp": "2024-05-01T00:00:00.360000Z",
    "sequence": 12,
    "scenario_id": "scenario-081-stop_run_sweep",
    "agent_id": "agent-stop_run_sweep",
    "order_id": "scenario-081-stop_run_sweep-agent-stop_run_sweep-12",
    "action": "new",
    "side": "buy",
    "price": 65185.129599999986,
    "quantity": 0.06,
    "remaining_quantity": 0.06
  },
  {
    "event_id": "49e652640b5f5bb36c2fef37f821e3e4699348c9926c039f1a7728edd04ee6b8",
    "schema_version": "1.0.0",
    "event_type": "agent_order",
    "source": "synthetic_agent",
    "symbol": "BTCUSDT",
    "exchange": "binance_usdm",
    "timestamp": "2024-05-01T00:00:00.390000Z",
    "sequence": 13,
    "scenario_id": "scenario-081-stop_run_sweep",
    "agent_id": "agent-stop_run_sweep",
    "order_id": "scenario-081-stop_run_sweep-agent-stop_run_sweep-13",
    "action": "new",
    "side": "buy",
    "price": 65188.383649999996,
    "quantity": 0.06,
    "remaining_quantity": 0.06
  },
  {
    "event_id": "9c0a9a7c74b1aeef5eca145bdb2c36533898535f16816ac2af3eb304adeaa1fe",
    "schema_version": "1.0.0",
    "event_type": "agent_order",
    "source": "synthetic_agent",
    "symbol": "BTCUSDT",
    "exchange": "binance_usdm",
    "timestamp": "2024-05-01T00:00:00.420000Z",
    "sequence": 14,
    "scenario_id": "scenario-081-stop_run_sweep",
    "agent_id": "agent-stop_run_sweep",
    "order_id": "scenario-081-stop_run_sweep-agent-stop_run_sweep-14",
    "action": "new",
    "side": "buy",
    "price": 65191.637699999985,
    "quantity": 0.06,
    "remaining_quantity": 0.06
  },
  {
    "event_id": "d653f2fe295c6324d643303ba3761d6506fcd14ebff4d532febd13d4245010eb",
    "schema_version": "1.0.0",
    "event_type": "agent_order",
    "source": "synthetic_agent",
    "symbol": "BTCUSDT",
    "exchange": "binance_usdm",
    "timestamp": "2024-05-01T00:00:00.450000Z",
    "sequence": 15,
    "scenario_id": "scenario-081-stop_run_sweep",
    "agent_id": "agent-stop_run_sweep",
    "order_id": "scenario-081-stop_run_sweep-agent-stop_run_sweep-15",
    "action": "new",
    "side": "buy",
    "price": 65194.891749999995,
    "quantity": 0.06,
    "remaining_quantity": 0.06
  },
  {
    "event_id": "6ee02a63440df3803dcac289755fa0c5d11fff8e267d6f5f8044f92b6539d209",
    "schema_version": "1.0.0",
    "event_type": "agent_order",
    "source": "synthetic_agent",
    "symbol": "BTCUSDT",
    "exchange": "binance_usdm",
    "timestamp": "2024-05-01T00:00:00.480000Z",
    "sequence": 16,
    "scenario_id": "scenario-081-stop_run_sweep",
    "agent_id": "agent-stop_run_sweep",
    "order_id": "scenario-081-stop_run_sweep-agent-stop_run_sweep-16",
    "action": "new",
    "side": "buy",
    "price": 65198.145799999984,
    "quantity": 0.06,
    "remaining_quantity": 0.06
  },
  {
    "event_id": "8a79faf12479b6551d56e69871584f9a1e62186701d0d312e7e898f264fb5d76",
    "schema_version": "1.0.0",
    "event_type": "agent_order",
    "source": "synthetic_agent",
    "symbol": "BTCUSDT",
    "exchange": "binance_usdm",
    "timestamp": "2024-05-01T00:00:00.510000Z",
    "sequence": 17,
    "scenario_id": "scenario-081-stop_run_sweep",
    "agent_id": "agent-stop_run_sweep",
    "order_id": "scenario-081-stop_run_sweep-agent-stop_run_sweep-17",
    "action": "new",
    "side": "buy",
    "price": 65201.399849999994,
    "quantity": 0.06,
    "remaining_quantity": 0.06
  },
  {
    "event_id": "0eb52ba57b72d7a4d6168c44f3c9f77361ae8f00a5a8ac24ea89e136d96745eb",
    "schema_version": "1.0.0",
    "event_type": "agent_order",
    "source": "synthetic_agent",
    "symbol": "BTCUSDT",
    "exchange": "binance_usdm",
    "timestamp": "2024-05-01T00:00:00.540000Z",
    "sequence": 18,
    "scenario_id": "scenario-081-stop_run_sweep",
    "agent_id": "agent-stop_run_sweep",
    "order_id": "scenario-081-stop_run_sweep-agent-stop_run_sweep-18",
    "action": "new",
    "side": "buy",
    "price": 65204.65389999998,
    "quantity": 0.06,
    "remaining_quantity": 0.06
  },
  {
    "event_id": "d5a1df1b208569423a3bcdd36f0fdb287a5b16d236029480a2e9374bb5a3cdac",
    "schema_version": "1.0.0",
    "event_type": "agent_order",
    "source": "synthetic_agent",
    "symbol": "BTCUSDT",
    "exchange": "binance_usdm",
    "timestamp": "2024-05-01T00:00:00.570000Z",
    "sequence": 19,
    "scenario_id": "scenario-081-stop_run_sweep",
    "agent_id": "agent-stop_run_sweep",
    "order_id": "scenario-081-stop_run_sweep-agent-stop_run_sweep-19",
    "action": "new",
    "side": "buy",
    "price": 65207.90794999999,
    "quantity": 0.06,
    "remaining_quantity": 0.06
  },
  {
    "event_id": "8415fbd0d9f4f58af4f62946cde617d4bbfc0dd08332bf80715dfcb74857ef6e",
    "schema_version": "1.0.0",
    "event_type": "agent_order",
    "source": "synthetic_agent",
    "symbol": "BTCUSDT",
    "exchange": "binance_usdm",
    "timestamp": "2024-05-01T00:00:00.600000Z",
    "sequence": 20,
    "scenario_id": "scenario-081-stop_run_sweep",
    "agent_id": "agent-stop_run_sweep",
    "order_id": "scenario-081-stop_run_sweep-agent-stop_run_sweep-20",
    "action": "new",
    "side": "buy",
    "price": 65211.16199999998,
    "quantity": 0.06,
    "remaining_quantity": 0.06
  },
  {
    "event_id": "29f5e61167115788f56d0be0192922cead074564efbe97257fdfdcdfd51b1f16",
    "schema_version": "1.0.0",
    "event_type": "agent_order",
    "source": "synthetic_agent",
    "symbol": "BTCUSDT",
    "exchange": "binance_usdm",
    "timestamp": "2024-05-01T00:00:00.630000Z",
    "sequence": 21,
    "scenario_id": "scenario-081-stop_run_sweep",
    "agent_id": "agent-stop_run_sweep",
    "order_id": "scenario-081-stop_run_sweep-agent-stop_run_sweep-21",
    "action": "new",
    "side": "buy",
    "price": 65214.41604999999,
    "quantity": 0.06,
    "remaining_quantity": 0.06
  },
  {
    "event_id": "307d38bee3fd98d766c183c5fc6676160240d47f4135eb0c139ee0448e7637af",
    "schema_version": "1.0.0",
    "event_type": "agent_order",
    "source": "synthetic_agent",
    "symbol": "BTCUSDT",
    "exchange": "binance_usdm",
    "timestamp": "2024-05-01T00:00:00.660000Z",
    "sequence": 22,
    "scenario_id": "scenario-081-stop_run_sweep",
    "agent_id": "agent-stop_run_sweep",
    "order_id": "scenario-081-stop_run_sweep-agent-stop_run_sweep-22",
    "action": "new",
    "side": "buy",
    "price": 65217.6701,
    "quantity": 0.06,
    "remaining_quantity": 0.06
  },
  {
    "event_id": "8eb3ebe5d8cbde62adb85ddd2646c0186a7537ea385c6958a7df416194e7361e",
    "schema_version": "1.0.0",
    "event_type": "agent_order",
    "source": "synthetic_agent",
    "symbol": "BTCUSDT",
    "exchange": "binance_usdm",
    "timestamp": "2024-05-01T00:00:00.690000Z",
    "sequence": 23,
    "scenario_id": "scenario-081-stop_run_sweep",
    "agent_id": "agent-stop_run_sweep",
    "order_id": "scenario-081-stop_run_sweep-agent-stop_run_sweep-23",
    "action": "new",
    "side": "buy",
    "price": 65220.92414999999,
    "quantity": 0.06,
    "remaining_quantity": 0.06
  },
  {
    "event_id": "7e1ce078d08482c03dcad9094cc4fed482159d6cf228afc35a3ce64a98f299ea",
    "schema_version": "1.0.0",
    "event_type": "agent_order",
    "source": "synthetic_agent",
    "symbol": "BTCUSDT",
    "exchange": "binance_usdm",
    "timestamp": "2024-05-01T00:00:00.720000Z",
    "sequence": 24,
    "scenario_id": "scenario-081-stop_run_sweep",
    "agent_id": "agent-stop_run_sweep",
    "order_id": "scenario-081-stop_run_sweep-agent-stop_run_sweep-24",
    "action": "new",
    "side": "buy",
    "price": 65224.1782,
    "quantity": 0.06,
    "remaining_quantity": 0.06
  },
  {
    "event_id": "9867e8c1b99790a501608ec6533476b7175205533eb020a46f0deec1f132fed0",
    "schema_version": "1.0.0",
    "event_type": "agent_order",
    "source": "synthetic_agent",
    "symbol": "BTCUSDT",
    "exchange": "binance_usdm",
    "timestamp": "2024-05-01T00:00:00.750000Z",
    "sequence": 25,
    "scenario_id": "scenario-081-stop_run_sweep",
    "agent_id": "agent-stop_run_sweep",
    "order_id": "scenario-081-stop_run_sweep-agent-stop_run_sweep-25",
    "action": "new",
    "side": "buy",
    "price": 65227.43224999999,
    "quantity": 0.06,
    "remaining_quantity": 0.06
  },
  {
    "event_id": "0754ca9d56dd6681ef3b5fc4e3e2515fc4350fca00716106f1e35f7643d85548",
    "schema_version": "1.0.0",
    "event_type": "agent_order",
    "source": "synthetic_agent",
    "symbol": "BTCUSDT",
    "exchange": "binance_usdm",
    "timestamp": "2024-05-01T00:00:00.780000Z",
    "sequence": 26,
    "scenario_id": "scenario-081-stop_run_sweep",
    "agent_id": "agent-stop_run_sweep",
    "order_id": "scenario-081-stop_run_sweep-agent-stop_run_sweep-26",
    "action": "new",
    "side": "buy",
    "price": 65230.6863,
    "quantity": 0.06,
    "remaining_quantity": 0.06
  },
  {
    "event_id": "c5d8dda29ef6d9c93d096d212bd38b899e45ed1b6658146d92a0c46fed19cbe2",
    "schema_version": "1.0.0",
    "event_type": "agent_order",
    "source": "synthetic_agent",
    "symbol": "BTCUSDT",
    "exchange": "binance_usdm",
    "timestamp": "2024-05-01T00:00:00.810000Z",
    "sequence": 27,
    "scenario_id": "scenario-081-stop_run_sweep",
    "agent_id": "agent-stop_run_sweep",
    "order_id": "scenario-081-stop_run_sweep-agent-stop_run_sweep-27",
    "action": "new",
    "side": "buy",
    "price": 65233.94034999999,
    "quantity": 0.06,
    "remaining_quantity": 0.06
  },
  {
    "event_id": "5700b2ece5ba53cbc093822efa097b510d71be3d31ac9c83ab95d1b875be03d2",
    "schema_version": "1.0.0",
    "event_type": "agent_order",
    "source": "synthetic_agent",
    "symbol": "BTCUSDT",
    "exchange": "binance_usdm",
    "timestamp": "2024-05-01T00:00:00.840000Z",
    "sequence": 28,
    "scenario_id": "scenario-081-stop_run_sweep",
    "agent_id": "agent-stop_run_sweep",
    "order_id": "scenario-081-stop_run_sweep-agent-stop_run_sweep-28",
    "action": "new",
    "side": "buy",
    "price": 65237.1944,
    "quantity": 0.06,
    "remaining_quantity": 0.06
  },
  {
    "event_id": "699cf34e4274b54643ff181cad6bce7f0a4c66c9164a342ad770a155cca2369f",
    "schema_version": "1.0.0",
    "event_type": "agent_order",
    "source": "synthetic_agent",
    "symbol": "BTCUSDT",
    "exchange": "binance_usdm",
    "timestamp": "2024-05-01T00:00:00.870000Z",
    "sequence": 29,
    "scenario_id": "scenario-081-stop_run_sweep",
    "agent_id": "agent-stop_run_sweep",
    "order_id": "scenario-081-stop_run_sweep-agent-stop_run_sweep-29",
    "action": "new",
    "side": "buy",
    "price": 65240.44844999999,
    "quantity": 0.06,
    "remaining_quantity": 0.06
  }
]