[
  {
    "event_id": "16e5e4f9045d35acf8dd9952df926177e2e0efe60dbf96abad939480a62e0c30",
    "schema_version": "1.0.0",
    "event_type": "agent_order",
    "source": "synthetic_agent",
    "symbol": "BTCUSDT",
    "exchange": "binance_usdm",
    "timestamp": "2024-05-01T00:00:00Z",
    "sequence": 0,
    "scenario_id": "scenario-373-twap_execution",
    "agent_id": "agent-twap_execution",
    "order_id": "scenario-373-twap_execution-agent-twap_execution-0",
    "action": "new",
    "side": "buy",
    "price": 65340.313500000004,
    "quantity": 0.005,
    "remaining_quantity": 0.005
  },
  {
    "event_id": "7205e8798f93e63ddb1ff58248514ce20faa854b5b22e1d53eeb875bdb7cd6a0",
    "schema_version": "1.0.0",
    "event_type": "agent_order",
    "source": "synthetic_agent",
    "symbol": "BTCUSDT",
    "exchange": "binance_usdm",
    "timestamp": "2024-05-01T00:00:01Z",
    "sequence": 1,
    "scenario_id": "scenario-373-twap_execution",
    "agent_id": "agent-twap_execution",
    "order_id": "scenario-373-twap_execution-agent-twap_execution-1",
    "action": "new",
    "side": "buy",
    "price": 65340.313500000004,
    "quantity": 0.005,
    "remaining_quantity": 0.005
  },
  {
    "event_id": "13dfef45793e641170bc0500cc0a2cb706ddc324b9e7c18f680f9384da841532",
    "schema_version": "1.0.0",
    "event_type": "agent_order",
    "source": "synthetic_agent",
    "symbol": "BTCUSDT",
    "exchange": "binance_usdm",
    "timestamp": "2024-05-01T00:00:02Z",
    "sequence": 2,
    "scenario_id": "scenario-373-twap_execution",
    "agent_id": "agent-twap_execution",
    "order_id": "scenario-373-twap_execution-agent-twap_execution-2",
    "action": "new",
    "side": "buy",
    "price": 65340.313500000004,
    "quantity": 0.005,
    "remaining_quantity": 0.005
  },
  {
    "event_id": "8c006a9a6095b85ab6c9675785992b9e573d95225152a527eba50ca4d38ae171",
    "schema_version": "1.0.0",
    "event_type": "agent_order",
    "source": "synthetic_agent",
    "symbol": "BTCUSDT",
    "exchange": "binance_usdm",
    "timestamp": "2024-05-01T00:00:03Z",
    "sequence": 3,
    "scenario_id": "scenario-373-twap_execution",
    "agent_id": "agent-twap_execution",
    "order_id": "scenario-373-twap_execution-agent-twap_execution-3",
    "action": "new",
    "side": "buy",
    "price": 65340.313500000004,
    "quantity": 0.005,
    "remaining_quantity": 0.005
  },
  {
    "event_id": "04319e36e4939bc4979ff45aa2e4a0a018a4b281fffd2a706edd1f3646ab8901",
    "schema_version": "1.0.0",
    "event_type": "agent_order",
    "source": "synthetic_agent",
    "symbol": "BTCUSDT",
    "exchange": "binance_usdm",
    "timestamp": "2024-05-01T00:00:04Z",
    "sequence": 4,
    "scenario_id": "scenario-373-twap_execution",
    "agent_id": "agent-twap_execution",
    "order_id": "scenario-373-twap_execution-agent-twap_execution-4",
    "action": "new",
    "side": "buy",
    "price": 65340.313500000004,
    "quantity": 0.005,
    "remaining_quantity": 0.005
  },
  {
    "event_id": "d695894af1fcc0c96cb414fcc25987f74e149ff6cc95d9c2b3d61c4167d44d00",
    "schema_version": "1.0.0",
    "event_type": "agent_order",
    "source": "synthetic_agent",
    "symbol": "BTCUSDT",
    "exchange": "binance_usdm",
    "timestamp": "2024-05-01T00:00:05Z",
    "sequence": 5,
    "scenario_id": "scenario-373-twap_execution",
    "agent_id": "agent-twap_execution",
    "order_id": "scenario-373-twap_execution-agent-twap_execution-5",
    "action": "new",
    "side": "buy",
    "price": 65340.313500000004,
    "quantity": 0.005,
    "remaining_quantity": 0.005
  },
  {
    "event_id": "6c251f88f940c125deb92af7f1133299c1d2c546ffc1237e6916c0af74e30a0d",
    "schema_version": "1.0.0",
    "event_type": "agent_order",
    "source": "synthetic_agent",
    "symbol": "BTCUSDT",
    "exchange": "binance_usdm",
    "timestamp": "2024-05-01T00:00:06Z",
    "sequence": 6,
    "scenario_id": "scenario-373-twap_execution",
    "agent_id": "agent-twap_execution",
    "order_id": "scenario-373-twap_execution-agent-twap_execution-6",
    "action": "new",
    "side": "buy",
    "price": 65340.313500000004,
    "quantity": 0.005,
    "remaining_quantity": 0.005
  },
  {
    "event_id": "deebff648c6e3241d18fb77603a5bd41031b8166d95d830fd5e73cac68d725e5",
    "schema_version": "1.0.0",
    "event_type": "agent_order",
    "source": "synthetic_agent",
    "symbol": "BTCUSDT",
    "exchange": "binance_usdm",
    "timestamp": "2024-05-01T00:00:07Z",
    "sequence": 7,
    "scenario_id": "scenario-373-twap_execution",
    "agent_id": "agent-twap_execution",
    "order_id": "scenario-373-twap_execution-agent-twap_execution-7",
    "action": "new",
    "side": "buy",
    "price": 65340.313500000004,
    "quantity": 0.005,
    "remaining_quantity": 0.005
  },
  {
    "event_id": "a3dbe4de862535e2f88775edce0b58a8e3ce45c606de0f7076296b19bc89d9b2",
    "schema_version": "1.0.0",
    "event_type": "agent_order",
    "source": "synthetic_agent",
    "symbol": "BTCUSDT",
    "exchange": "binance_usdm",
    "timestamp": "2024-05-01T00:00:08Z",
    "sequence": 8,
    "scenario_id": "scenario-373-twap_execution",
    "agent_id": "agent-twap_execution",
    "order_id": "scenario-373-twap_execution-agent-twap_execution-8",
    "action": "new",
    "side": "buy",
    "price": 65340.313500000004,
    "quantity": 0.005,
    "remaining_quantity": 0.005
  },
  {
    "event_id": "782fcfd924a310d06110d334dea0a8215758371424967c733f3017268ccd4d0c",
    "schema_version": "1.0.0",
    "event_type": "agent_order",
    "source": "synthetic_agent",
    "symbol": "BTCUSDT",
    "exchange": "binance_usdm",
    "timestamp": "2024-05-01T00:00:09Z",
    "sequence": 9,
    "scenario_id": "scenario-373-twap_execution",
    "agent_id": "agent-twap_execution",
    "order_id": "scenario-373-twap_execution-agent-twap_execution-9",
    "action": "new",
    "side": "buy",
    "price": 65340.313500000004,
    "quantity": 0.005,
    "remaining_quantity": 0.005
  },
  {
    "event_id": "05ded738f82028f8f4d5550e94bcbce9676888e6b543187b688369794974fb39",
    "schema_version": "1.0.0",
    "event_type": "agent_order",
    "source": "synthetic_agent",
    "symbol": "BTCUSDT",
    "exchange": "binance_usdm",
    "timestamp": "2024-05-01T00:00:10Z",
    "sequence": 10,
    "scenario_id": "scenario-373-twap_execution",
    "agent_id": "agent-twap_execution",
    "order_id": "scenario-373-twap_execution-agent-twap_execution-10",
    "action": "new",
    "side": "buy",
    "price": 65340.313500000004,
    "quantity": 0.005,
    "remaining_quantity": 0.005
  },
  {
    "event_id": "527a9262e65d5824f73dfc1c827586e39ef2c111c1b81b85a39adfb5c908d022",
    "schema_version": "1.0.0",
    "event_type": "agent_order",
    "source": "synthetic_agent",
    "symbol": "BTCUSDT",
    "exchange": "binance_usdm",
    "timestamp": "2024-05-01T00:00:11Z",
    "sequence": 11,
    "scenario_id": "scenario-373-twap_execution",
    "agent_id": "agent-twap_execution",
    "order_id": "scenario-373-twap_execution-agent-twap_execution-11",
    "action": "new",
    "side": "buy",
    "price": 65340.313500000004,
    "quantity": 0.005,
    "remaining_quantity": 0.005
  },
  {
    "event_id": "b037a6a70cafa8b825f114f43e1b72c940174c7e32de887cc0e12adff7445c86",
    "schema_version": "1.0.0",
    "event_type": "agent_order",
    "source": "synthetic_agent",
    "symbol": "BTCUSDT",
    "exchange": "binance_usdm",
    "timestamp": "2024-05-01T00:00:12Z",
    "sequence": 12,
    "scenario_id": "scenario-373-twap_execution",
    "agent_id": "agent-twap_execution",
    "order_id": "scenario-373-twap_execution-agent-twap_execution-12",
    "action": "new",
    "side": "buy",
    "price": 65340.313500000004,
    "quantity": 0.005,
    "remaining_quantity": 0.005
  },
  {
    "event_id": "99a40b89eff07b66d5365046a16aa9e5503e653eebf4121ab88908004c8cb133",
    "schema_version": "1.0.0",
    "event_type": "agent_order",
    "source": "synthetic_agent",
    "symbol": "BTCUSDT",
    "exchange": "binance_usdm",
    "timestamp": "2024-05-01T00:00:13Z",
    "sequence": 13,
    "scenario_id": "scenario-373-twap_execution",
    "agent_id": "agent-twap_execution",
    "order_id": "scenario-373-twap_execution-agent-twap_execution-13",
    "action": "new",
    "side": "buy",
    "price": 65340.313500000004,
    "quantity": 0.005,
    "remaining_quantity": 0.005
  },
  {
    "event_id": "e750dfe66f9c5c8e37db00d4ef0583b5aeefeb64a2dfb6c82980e101376906dd",
    "schema_version": "1.0.0",
    "event_type": "agent_order",
    "source": "synthetic_agent",
    "symbol": "BTCUSDT",
    "exchange": "binance_usdm",
    "timestamp": "2024-05-01T00:00:14Z",
    "sequence": 14,
    "scenario_id": "scenario-373-twap_execution",
    "agent_id": "agent-twap_execution",
    "order_id": "scenario-373-twap_execution-agent-twap_execution-14",
    "action": "new",
    "side": "buy",
    "price": 65340.313500000004,
    "quantity": 0.005,
    "remaining_quantity": 0.005
  },
  {
    "event_id": "215fd1afab275d394e4c6b4187016161d70cc8a02f28306c6c7f4cb955ec1365",
    "schema_version": "1.0.0",
    "event_type": "agent_order",
    "source": "synthetic_agent",
    "symbol": "BTCUSDT",
    "exchange": "binance_usdm",
    "timestamp": "2024-05-01T00:00:15Z",
    "sequence": 15,
    "scenario_id": "scenario-373-twap_execution",
    "agent_id": "agent-twap_execution",
    "order_id": "scenario-373-twap_execution-agent-twap_execution-15",
    "action": "new",
    "side": "buy",
    "price": 65340.313500000004,
    "quantity": 0.005,
    "remaining_quantity": 0.005
  },
  {
    "event_id": "47e80edcadcb1f479745e480bf74f545979afbb39a0033b3bca57ca09c448513",
    "schema_version": "1.0.0",
    "event_type": "agent_order",
    "source": "synthetic_agent",
    "symbol": "BTCUSDT",
    "exchange": "binance_usdm",
    "timestamp": "2024-05-01T00:00:16Z",
    "sequence": 16,
    "scenario_id": "scenario-373-twap_execution",
    "agent_id": "agent-twap_execution",
    "order_id": "scenario-373-twap_execution-agent-twap_execution-16",
    "action": "new",
    "side": "buy",
    "price": 65340.313500000004,
    "quantity": 0.005,
    "remaining_quantity": 0.005
  },
  {
    "event_id": "b164b94b0ac34a70f6b477820fb1ee0f693cfd5e6e9f87cf3b771484237c6b47",
    "schema_version": "1.0.0",
    "event_type": "agent_order",
    "source": "synthetic_agent",
    "symbol": "BTCUSDT",
    "exchange": "binance_usdm",
    "timestamp": "2024-05-01T00:00:17Z",
    "sequence": 17,
    "scenario_id": "scenario-373-twap_execution",
    "agent_id": "agent-twap_execution",
    "order_id": "scenario-373-twap_execution-agent-twap_execution-17",
    "action": "new",
    "side": "buy",
    "price": 65340.313500000004,
    "quantity": 0.005,
    "remaining_quantity": 0.005
  },
  {
    "event_id": "458f3f8948cee5ac4a5228672fa4e884eb7b5e6d0f42bed1d779e652ab9abd61",
    "schema_version": "1.0.0",
    "event_type": "agent_order",
    "source": "synthetic_agent",
    "symbol": "BTCUSDT",
    "exchange": "binance_usdm",
    "timestamp": "2024-05-01T00:00:18Z",
    "sequence": 18,
    "scenario_id": "scenario-373-twap_execution",
    "agent_id": "agent-twap_execution",
    "order_id": "scenario-373-twap_execution-agent-twap_execution-18",
    "action": "new",
    "side": "buy",
    "price": 65340.313500000004,
    "quantity": 0.005,
    "remaining_quantity": 0.005
  },
  {
    "event_id": "7724b7f53cdc152c828f422a897d8ee24a5fe216e70dfd065434266a8610bf95",
    "schema_version": "1.0.0",
    "event_type": "agent_order",
    "source": "synthetic_agent",
    "symbol": "BTCUSDT",
    "exchange": "binance_usdm",
    "timestamp": "2024-05-01T00:00:19Z",
    "sequence": 19,
    "scenario_id": "scenario-373-twap_execution",
    "agent_id": "agent-twap_execution",
    "order_id": "scenario-373-twap_execution-agent-twap_execution-19",
    "action": "new",
    "side": "buy",
    "price": 65340.313500000004,
    "quantity": 0.005,
    "remaining_quantity": 0.005
  },
  {
    "event_id": "496809dce7aff097eca5c01d625d19d63de6b6279de77b7c415f0b300683ba7f",
    "schema_version": "1.0.0",
    "event_type": "agent_order",
    "source": "synthetic_agent",
    "symbol": "BTCUSDT",
    "exchange": "binance_usdm",
    "timestamp": "2024-05-01T00:00:20Z",
    "sequence": 20,
    "scenario_id": "scenario-373-twap_execution",
    "agent_id": "agent-twap_execution",
    "order_id": "scenario-373-twap_execution-agent-twap_execution-20",
    "action": "new",
    "side": "buy",
    "price": 65340.313500000004,
    "quantity": 0.005,
    "remaining_quantity": 0.005
  },
  {
    "event_id": "fe3a9de70728e6d1e56ade7b693d78bb89f2e1de2a668f19460929c30597d141",
    "schema_version": "1.0.0",
    "event_type": "agent_order",
    "source": "synthetic_agent",
    "symbol": "BTCUSDT",
    "exchange": "binance_usdm",
    "timestamp": "2024-05-01T00:00:21Z",
    "sequence": 21,
    "scenario_id": "scenario-373-twap_execution",
    "agent_id": "agent-twap_execution",
    "order_id": "scenario-373-twap_execution-agent-twap_execution-21",
    "action": "new",
    "side": "buy",
    "price": 65340.313500000004,
    "quantity": 0.005,
    "remaining_quantity": 0.005
  },
  {
    "event_id": "01e5bd4cc72f5563355cec23cfce5bb99f1b42c476528ac4736ff5fb3f1ce3b5",
    "schema_version": "1.0.0",
    "event_type": "agent_order",
    "source": "synthetic_agent",
    "symbol": "BTCUSDT",
    "exchange": "binance_usdm",
    "timestamp": "2024-05-01T00:00:22Z",
    "sequence": 22,
    "scenario_id": "scenario-373-twap_execution",
    "agent_id": "agent-twap_execution",
    "order_id": "scenario-373-twap_execution-agent-twap_execution-22",
    "action": "new",
    "side": "buy",
    "price": 65340.313500000004,
    "quantity": 0.005,
    "remaining_quantity": 0.005
  },
  {
    "event_id": "ae28c2d7b525ee27928bb7e25ad966e7bb93596e0502393fe8d6474db2e68957",
    "schema_version": "1.0.0",
    "event_type": "agent_order",
    "source": "synthetic_agent",
    "symbol": "BTCUSDT",
    "exchange": "binance_usdm",
    "timestamp": "2024-05-01T00:00:23Z",
    "sequence": 23,
    "scenario_id": "scenario-373-twap_execution",
    "agent_id": "agent-twap_execution",
    "order_id": "scenario-373-twap_execution-agent-twap_execution-23",
    "action": "new",
    "side": "buy",
    "price": 65340.313500000004,
    "quantity": 0.005,
    "remaining_quantity": 0.005
  },
  {
    "event_id": "82b50a78b38ee5e25ea49de56c0a774c53626faea4a690723e4590a00106b18b",
    "schema_version": "1.0.0",
    "event_type": "agent_order",
    "source": "synthetic_agent",
    "symbol": "BTCUSDT",
    "exchange": "binance_usdm",
    "timestamp": "2024-05-01T00:00:24Z",
    "sequence": 24,
    "scenario_id": "scenario-373-twap_execution",
    "agent_id": "agent-twap_execution",
    "order_id": "scenario-373-twap_execution-agent-twap_execution-24",
    "action": "new",
    "side": "buy",
    "price": 65340.313500000004,
    "quantity": 0.005,
    "remaining_quantity": 0.005
  },
  {
    "event_id": "838ce168888e7ce3aea4ab57f88efd4f0b8689b60ce8c6092ec187fefa949b05",
    "schema_version": "1.0.0",
    "event_type": "agent_order",
    "source": "synthetic_agent",
    "symbol": "BTCUSDT",
    "exchange": "binance_usdm",
    "timestamp": "2024-05-01T00:00:25Z",
    "sequence": 25,
    "scenario_id": "scenario-373-twap_execution",
    "agent_id": "agent-twap_execution",
    "order_id": "scenario-373-twap_execution-agent-twap_execution-25",
    "action": "new",
    "side": "buy",
    "price": 65340.313500000004,
    "quantity": 0.005,
    "remaining_quantity": 0.005
  },
  {
    "event_id": "ad763010075fae5e47704d39d5eda37015e4cfd01e7082ce1e2a6a7e2a9536d5",
    "schema_version": "1.0.0",
    "event_type": "agent_order",
    "source": "synthetic_agent",
    "symbol": "BTCUSDT",
    "exchange": "binance_usdm",
    "timestamp": "2024-05-01T00:00:26Z",
    "sequence": 26,
    "scenario_id": "scenario-373-twap_execution",
    "agent_id": "agent-twap_execution",
    "order_id": "scenario-373-twap_execution-agent-twap_execution-26",
    "action": "new",
    "side": "buy",
    "price": 65340.313500000004,
    "quantity": 0.005,
    "remaining_quantity": 0.005
  },
  {
    "event_id": "678eedb53db8a12b1374880a440cbe8f8f6dc9ababdf7f8a953b0be49ca69816",
    "schema_version": "1.0.0",
    "event_type": "agent_order",
    "source": "synthetic_agent",
    "symbol": "BTCUSDT",
    "exchange": "binance_usdm",
    "timestamp": "2024-05-01T00:00:27Z",
    "sequence": 27,
    "scenario_id": "scenario-373-twap_execution",
    "agent_id": "agent-twap_execution",
    "order_id": "scenario-373-twap_execution-agent-twap_execution-27",
    "action": "new",
    "side": "buy",
    "price": 65340.313500000004,
    "quantity": 0.005,
    "remaining_quantity": 0.005
  },
  {
    "event_id": "100a527fa089125c27bbf111006d225d019e2a2d7610083786ef3246f27c3df9",
    "schema_version": "1.0.0",
    "event_type": "agent_order",
    "source": "synthetic_agent",
    "symbol": "BTCUSDT",
    "exchange": "binance_usdm",
    "timestamp": "2024-05-01T00:00:28Z",
    "sequence": 28,
    "scenario_id": "scenario-373-twap_execution",
    "agent_id": "agent-twap_execution",
    "order_id": "scenario-373-twap_execution-agent-twap_execution-28",
    "action": "new",
    "side": "buy",
    "price": 65340.313500000004,
    "quantity": 0.005,
    "remaining_quantity": 0.005
  },
  {
    "event_id": "ddc7d6cc0f30b987c598c31ac5c2c9bfd335e201bb6e1d259ae6ee6931e8461e",
    "schema_version": "1.0.0",
    "event_type": "agent_order",
    "source": "synthetic_agent",
    "symbol": "BTCUSDT",
    "exchange": "binance_usdm",
    "timestamp": "2024-05-01T00:00:29Z",
    "sequence": 29,
    "scenario_id": "scenario-373-twap_execution",
    "agent_id": "agent-twap_execution",
    "order_id": "scenario-373-twap_execution-agent-twap_execution-29",
    "action": "new",
    "side": "buy",
    "price": 65340.313500000004,
    "quantity": 0.005,
    "remaining_quantity": 0.005
  }
]