[
  {
    "event_id": "a5e3a69942bf492c40fca6e658589dbfc6d44c437b32d2c7d11e661691a8c226",
    "schema_version": "1.0.0",
    "event_type": "agent_order",
    "source": "synthetic_agent",
    "symbol": "BTCUSDT",
    "exchange": "binance_usdm",
    "timestamp": "2024-05-01T00:00:00Z",
    "sequence": 0,
    "scenario_id": "scenario-101-momentum_ignition",
    "agent_id": "agent-momentum_ignition",
    "order_id": "scenario-101-momentum_ignition-agent-momentum_ignition-0",
    "action": "new",
    "side": "buy",
    "price": 65166.100999999995,
    "quantity": 0.08,
    "remaining_quantity": 0.08
  },
  {
    "event_id": "71e67f670e378ebb8a1a2f0769b89a5538c111d75b5281c51228770f73e7c730",
    "schema_version": "1.0.0",
    "event_type": "agent_order",
    "source": "synthetic_agent",
    "symbol": "BTCUSDT",
    "exchange": "binance_usdm",
    "timestamp": "2024-05-01T00:00:00.080000Z",
    "sequence": 1,
    "scenario_id": "scenario-101-momentum_ignition",
    "agent_id": "agent-momentum_ignition",
    "order_id": "scenario-101-momentum_ignition-agent-momentum_ignition-1",
    "action": "new",
    "side": "buy",
    "price": 65167.40301999998,
    "quantity": 0.08,
    "remaining_quantity": 0.08
  },
  {
    "event_id": "511e55782560092321c66c1aadd04769d367329ad46a97fd994fd78398ccb637",
    "schema_version": "1.0.0",
    "event_type": "agent_order",
    "source": "synthetic_agent",
    "symbol": "BTCUSDT",
    "exchange": "binance_usdm",
    "timestamp": "2024-05-01T00:00:00.160000Z",
    "sequence": 2,
    "scenario_id": "scenario-101-momentum_ignition",
    "agent_id": "agent-momentum_ignition",
    "order_id": "scenario-101-momentum_ignition-agent-momentum_ignition-2",
    "action": "new",
    "side": "buy",
    "price": 65168.70503999999,
    "quantity": 0.08,
    "remaining_quantity": 0.08
  },
  {
    "event_id": "2120b1419f40d66957c041c1aafa883e8b4a1a4bc0288e4a4e95824fdec726d4",
    "schema_version": "1.0.0",
    "event_type": "agent_order",
    "source": "synthetic_agent",
    "symbol": "BTCUSDT",
    "exchange": "binance_usdm",
    "timestamp": "2024-05-01T00:00:00.240000Z",
    "sequence": 3,
    "scenario_id": "scenario-101-momentum_ignition",
    "agent_id": "agent-momentum_ignition",
    "order_id": "scenario-101-momentum_ignition-agent-momentum_ignition-3",
    "action": "new",
    "side": "buy",
    "price": 65170.00705999999,
    "quantity": 0.08,
    "remaining_quantity": 0.08
  },
  {
    "event_id": "c79d3befe035bf476b667c20f56cc660e7a951790325477fee6342d20ee0a0c5",
    "schema_version": "1.0.0",
    "event_type": "agent_order",
    "source": "synthetic_agent",
    "symbol": "BTCUSDT",
    "exchange": "binance_usdm",
    "timestamp": "2024-05-01T00:00:00.320000Z",
    "sequence": 4,
    "scenario_id": "scenario-101-momentum_ignition",
    "agent_id": "agent-momentum_ignition",
    "order_id": "scenario-101-momentum_ignition-agent-momentum_ignition-4",
    "action": "new",
    "side": "buy",
    "price": 65171.30908,
    "quantity": 0.08,
    "remaining_quantity": 0.08
  },
  {
    "event_id": "0e754153eb8a9a8d4232608bd630b7da6509da48a1522c294f0faed09f4f4bab",
    "schema_version": "1.0.0",
    "event_type": "agent_order",
    "source": "synthetic_agent",
    "symbol": "BTCUSDT",
    "exchange": "binance_usdm",
    "timestamp": "2024-05-01T00:00:00.400000Z",
    "sequence": 5,
    "scenario_id": "scenario-101-momentum_ignition",
    "agent_id": "agent-momentum_ignition",
    "order_id": "scenario-101-momentum_ignition-agent-momentum_ignition-5",
    "action": "new",
    "side": "buy",
    "price": 65172.611099999995,
    "quantity": 0.08,
    "remaining_quantity": 0.08
  },
  {
    "event_id": "1f3c58958e439d483ab39396c147cb1efe86e76552fcdf940a9ad7a4c7acb8be",
    "schema_version": "1.0.0",
    "event_type": "agent_order",
    "source": "synthetic_agent",
    "symbol": "BTCUSDT",
    "exchange": "binance_usdm",
    "timestamp": "2024-05-01T00:00:00.480000Z",
    "sequence": 6,
    "scenario_id": "scenario-101-momentum_ignition",
    "agent_id": "agent-momentum_ignition",
    "order_id": "scenario-101-momentum_ignition-agent-momentum_ignition-6",
    "action": "new",
    "side": "buy",
    "price": 65173.91311999998,
    "quantity": 0.08,
    "remaining_quantity": 0.08
  },
  {
    "event_id": "1894e8018e125c4102f66a037dc51f9517e6a43a7e32e4d4b83f2395057cc9eb",
    "schema_version": "1.0.0",
    "event_type": "agent_order",
    "source": "synthetic_agent",
    "symbol": "BTCUSDT",
    "exchange": "binance_usdm",
    "timestamp": "2024-05-01T00:00:00.560000Z",
    "sequence": 7,
    "scenario_id": "scenario-101-momentum_ignition",
    "agent_id": "agent-momentum_ignition",
    "order_id": "scenario-101-momentum_ignition-agent-momentum_ignition-7",
    "action": "new",
    "side": "buy",
    "price": 65175.21513999999,
    "quantity": 0.08,
    "remaining_quantity": 0.08
  },
  {
    "event_id": "695e9df129c7b109932495b22638c2a975e97f742c006c9e9d36125c5163f459",
    "schema_version": "1.0.0",
    "event_type": "agent_order",
    "source": "synthetic_agent",
    "symbol": "BTCUSDT",
    "exchange": "binance_usdm",
    "timestamp": "2024-05-01T00:00:00.640000Z",
    "sequence": 8,
    "scenario_id": "scenario-101-momentum_ignition",
    "agent_id": "agent-momentum_ignition",
    "order_id": "scenario-101-momentum_ignition-agent-momentum_ignition-8",
    "action": "new",
    "side": "buy",
    "price": 65176.51715999999,
    "quantity": 0.08,
    "remaining_quantity": 0.08
  },
  {
    "event_id": "b95901ba8eca706cb70f35c8ec84dc6fc770ac4acc542b4479123d0b44fd5d9e",
    "schema_version": "1.0.0",
    "event_type": "agent_order",
    "source": "synthetic_agent",
    "symbol": "BTCUSDT",
    "exchange": "binance_usdm",
    "timestamp": "2024-05-01T00:00:00.720000Z",
    "sequence": 9,
    "scenario_id": "scenario-101-momentum_ignition",
    "agent_id": "agent-momentum_ignition",
    "order_id": "scenario-101-momentum_ignition-agent-momentum_ignition-9",
    "action": "new",
    "side": "buy",
    "price": 65177.81918,
    "quantity": 0.08,
    "remaining_quantity": 0.08
  },
  {
    "event_id": "b7977ad3c51636556cce770301ea261de82304732012f5ff58f691f69e5ebf3a",
    "schema_version": "1.0.0",
    "event_type": "agent_order",
    "source": "synthetic_agent",
    "symbol": "BTCUSDT",
    "exchange": "binance_usdm",
    "timestamp": "2024-05-01T00:00:00.800000Z",
    "sequence": 10,
    "scenario_id": "scenario-101-momentum_ignition",
    "agent_id": "agent-momentum_ignition",
    "order_id": "scenario-101-momentum_ignition-agent-momentum_ignition-10",
    "action": "new",
    "side": "buy",
    "price": 65179.121199999994,
    "quantity": 0.08,
    "remaining_quantity": 0.08
  },
  {
    "event_id": "79bec34e41b9dcd3d317c43b1715eb359657393eefb0c13acef61cffd79c042b",
    "schema_version": "1.0.0",
    "event_type": "agent_order",
    "source": "synthetic_agent",
    "symbol": "BTCUSDT",
    "exchange": "binance_usdm",
    "timestamp": "2024-05-01T00:00:00.880000Z",
    "sequence": 11,
    "scenario_id": "scenario-101-momentum_ignition",
    "agent_id": "agent-momentum_ignition",
    "order_id": "scenario-101-momentum_ignition-agent-momentum_ignition-11",
    "action": "new",
    "side": "buy",
    "price": 65180.42322,
    "quantity": 0.08,
    "remaining_quantity": 0.08
  },
  {
    "event_id": "0654699976dbb7970997e537a2a058f8d58eb9b68744d9cdb8cd321f4b9ef745",
    "schema_version": "1.0.0",
    "event_type": "agent_order",
    "source": "synthetic_agent",
    "symbol": "BTCUSDT",
    "exchange": "binance_usdm",
    "timestamp": "2024-05-01T00:00:00.960000Z",
    "sequence": 12,
    "scenario_id": "scenario-101-momentum_ignition",
    "agent_id": "agent-momentum_ignition",
    "order_id": "scenario-101-momentum_ignition-agent-momentum_ignition-12",
    "action": "new",
    "side": "buy",
    "price": 65181.72523999999,
    "quantity": 0.08,
    "remaining_quantity": 0.08
  },
  {
    "event_id": "3f8d4cf06bcc8035b9a87822947c41eef3a6c0b3e892dcad00a139437518b10f",
    "schema_version": "1.0.0",
    "event_type": "agent_order",
    "source": "synthetic_agent",
    "symbol": "BTCUSDT",
    "exchange": "binance_usdm",
    "timestamp": "2024-05-01T00:00:01.040000Z",
    "sequence": 13,
    "scenario_id": "scenario-101-momentum_ignition",
    "agent_id": "agent-momentum_ignition",
    "order_id": "scenario-101-momentum_ignition-agent-momentum_ignition-13",
    "action": "new",
    "side": "buy",
    "price": 65183.02725999999,
    "quantity": 0.08,
    "remaining_quantity": 0.08
  },
  {
    "event_id": "6b5228eebeaf8dc74792b2c2799d64c64843a76d74cc0e9a2359f6077287b633",
    "schema_version": "1.0.0",
    "event_type": "agent_order",
    "source": "synthetic_agent",
    "symbol": "BTCUSDT",
    "exchange": "binance_usdm",
    "timestamp": "2024-05-01T00:00:01.120000Z",
    "sequence": 14,
    "scenario_id": "scenario-101-momentum_ignition",
    "agent_id": "agent-momentum_ignition",
    "order_id": "scenario-101-momentum_ignition-agent-momentum_ignition-14",
    "action": "new",
    "side": "buy",
    "price": 65184.32928,
    "quantity": 0.08,
    "remaining_quantity": 0.08
  },
  {
    "event_id": "72a5ab0aca2a1048d9177f3597983e682095c06578f2f580da094bf9431befc6",
    "schema_version": "1.0.0",
    "event_type": "agent_order",
    "source": "synthetic_agent",
    "symbol": "BTCUSDT",
    "exchange": "binance_usdm",
    "timestamp": "2024-05-01T00:00:01.200000Z",
    "sequence": 15,
    "scenario_id": "scenario-101-momentum_ignition",
    "agent_id": "agent-momentum_ignition",
    "order_id": "scenario-101-momentum_ignition-agent-momentum_ignition-15",
    "action": "new",
    "side": "buy",
    "price": 65185.631299999994,
    "quantity": 0.08,
    "remaining_quantity": 0.08
  },
  {
    "event_id": "d68c3aca14159410e38eeec4a49b63b3f5ac3714cdb47ce71c1ab3350b3320ea",
    "schema_version": "1.0.0",
    "event_type": "agent_order",
    "source": "synthetic_agent",
    "symbol": "BTCUSDT",
    "exchange": "binance_usdm",
    "timestamp": "2024-05-01T00:00:01.280000Z",
    "sequence": 16,
    "scenario_id": "scenario-101-momentum_ignition",
    "agent_id": "agent-momentum_ignition",
    "order_id": "scenario-101-momentum_ignition-agent-momentum_ignition-16",
    "action": "new",
    "side": "buy",
    "price": 65186.93332,
    "quantity": 0.08,
    "remaining_quantity": 0.08
  },
  {
    "event_id": "ad34d3a89723749e790eee4a7ebcd9fcdb0913b0e2f12d555da8ea80a3236257",
    "schema_version": "1.0.0",
    "event_type": "agent_order",
    "source": "synthetic_agent",
    "symbol": "BTCUSDT",
    "exchange": "binance_usdm",
    "timestamp": "2024-05-01T00:00:01.360000Z",
    "sequence": 17,
    "scenario_id": "scenario-101-momentum_ignition",
    "agent_id": "agent-momentum_ignition",
    "order_id": "scenario-101-momentum_ignition-agent-momentum_ignition-17",
    "action": "new",
    "side": "buy",
    "price": 65188.23533999999,
    "quantity": 0.08,
    "remaining_quantity": 0.08
  },
  {
    "event_id": "8befa04cad3384b328daf89b750cf8a9ad7e92af61c8e3324b74cceec68fc1d8",
    "schema_version": "1.0.0",
    "event_type": "agent_order",
    "source": "synthetic_agent",
    "symbol": "BTCUSDT",
    "exchange": "binance_usdm",
    "timestamp": "2024-05-01T00:00:01.440000Z",
    "sequence": 18,
    "scenario_id": "scenario-101-momentum_ignition",
    "agent_id": "agent-momentum_ignition",
    "order_id": "scenario-101-momentum_ignition-agent-momentum_ignition-18",
    "action": "new",
    "side": "buy",
    "price": 65189.53735999999,
    "quantity": 0.08,
    "remaining_quantity": 0.08
  },
  {
    "event_id": "181a42b94ffa9361381a13e9c167f15e90fd4c55ff36ec137d5b4f625d3fe39c",
    "schema_version": "1.0.0",
    "event_type": "agent_order",
    "source": "synthetic_agent",
    "symbol": "BTCUSDT",
    "exchange": "binance_usdm",
    "timestamp": "2024-05-01T00:00:01.520000Z",
    "sequence": 19,
    "scenario_id": "scenario-101-momentum_ignition",
    "agent_id": "agent-momentum_ignition",
    "order_id": "scenario-101-momentum_ignition-agent-momentum_ignition-19",
    "action": "new",
    "side": "buy",
    "price": 65190.83938,
    "quantity": 0.08,
    "remaining_quantity": 0.08
  },
  {
    "event_id": "4004f70db7b0631d2e40a51bf03cc103de8f4cb1bdf5f05190e012a252b97fff",
    "schema_version": "1.0.0",
    "event_type": "agent_order",
    "source": "synthetic_agent",
    "symbol": "BTCUSDT",
    "exchange": "binance_usdm",
    "timestamp": "2024-05-01T00:00:01.600000Z",
    "sequence": 20,
    "scenario_id": "scenario-101-momentum_ignition",
    "agent_id": "agent-momentum_ignition",
    "order_id": "scenario-101-momentum_ignition-agent-momentum_ignition-20",
    "action": "new",
    "side": "buy",
    "price": 65192.14139999999,
    "quantity": 0.08,
    "remaining_quantity": 0.08
  },
  {
    "event_id": "79a9bae1bfdaff16c2058e883d9c45c04ec5a0083be410c8c74c73066b7395f0",
    "schema_version": "1.0.0",
    "event_type": "agent_order",
    "source": "synthetic_agent",
    "symbol": "BTCUSDT",
    "exchange": "binance_usdm",
    "timestamp": "2024-05-01T00:00:01.680000Z",
    "sequence": 21,
    "scenario_id": "scenario-101-momentum_ignition",
    "agent_id": "agent-momentum_ignition",
    "order_id": "scenario-101-momentum_ignition-agent-momentum_ignition-21",
    "action": "new",
    "side": "buy",
    "price": 65193.443419999996,
    "quantity": 0.08,
    "remaining_quantity": 0.08
  },
  {
    "event_id": "8d8c9e9ab50b2151e9703037ecd69460040fbbf798dbafed68ca8fe8b050d618",
    "schema_version": "1.0.0",
    "event_type": "agent_order",
    "source": "synthetic_agent",
    "symbol": "BTCUSDT",
    "exchange": "binance_usdm",
    "timestamp": "2024-05-01T00:00:01.760000Z",
    "sequence": 22,
    "scenario_id": "scenario-101-momentum_ignition",
    "agent_id": "agent-momentum_ignition",
    "order_id": "scenario-101-momentum_ignition-agent-momentum_ignition-22",
    "action": "new",
    "side": "buy",
    "price": 65194.74543999999,
    "quantity": 0.08,
    "remaining_quantity": 0.08
  },
  {
    "event_id": "52a4df0c51cedbec596defc3d1406c1c773e0c5fda4b61e24f2ece59f35ae207",
    "schema_version": "1.0.0",
    "event_type": "agent_order",
    "source": "synthetic_agent",
    "symbol": "BTCUSDT",
    "exchange": "binance_usdm",
    "timestamp": "2024-05-01T00:00:01.840000Z",
    "sequence": 23,
    "scenario_id": "scenario-101-momentum_ignition",
    "agent_id": "agent-momentum_ignition",
    "order_id": "scenario-101-momentum_ignition-agent-momentum_ignition-23",
    "action": "new",
    "side": "buy",
    "price": 65196.04745999999,
    "quantity": 0.08,
    "remaining_quantity": 0.08
  },
  {
    "event_id": "99794204c3373a27dedebf6dc47a3131af6212c5adc078924ebeac05bc33bc7f",
    "schema_version": "1.0.0",
    "event_type": "agent_order",
    "source": "synthetic_agent",
    "symbol": "BTCUSDT",
    "exchange": "binance_usdm",
    "timestamp": "2024-05-01T00:00:01.920000Z",
    "sequence": 24,
    "scenario_id": "scenario-101-momentum_ignition",
    "agent_id": "agent-momentum_ignition",
    "order_id": "scenario-101-momentum_ignition-agent-momentum_ignition-24",
    "action": "new",
    "side": "buy",
    "price": 65197.34948,
    "quantity": 0.08,
    "remaining_quantity": 0.08
  },
  {
    "event_id": "c66f1497322f606d315ec7d172fab4bec6e3082c6788836b2eaea918fd790d28",
    "schema_version": "1.0.0",
    "event_type": "agent_order",
    "source": "synthetic_agent",
    "symbol": "BTCUSDT",
    "exchange": "binance_usdm",
    "timestamp": "2024-05-01T00:00:02Z",
    "sequence": 25,
    "scenario_id": "scenario-101-momentum_ignition",
    "agent_id": "agent-momentum_ignition",
    "order_id": "scenario-101-momentum_ignition-agent-momentum_ignition-25",
    "action": "new",
    "side": "buy",
    "price": 65198.65149999999,
    "quantity": 0.08,
    "remaining_quantity": 0.08
  },
  {
    "event_id": "30e4372c82b92d670c120276408f8eba454cc02c30147f2425a8ce119dc8ef5a",
    "schema_version": "1.0.0",
    "event_type": "agent_order",
    "source": "synthetic_agent",
    "symbol": "BTCUSDT",
    "exchange": "binance_usdm",
    "timestamp": "2024-05-01T00:00:02.080000Z",
    "sequence": 26,
    "scenario_id": "scenario-101-momentum_ignition",
    "agent_id": "agent-momentum_ignition",
    "order_id": "scenario-101-momentum_ignition-agent-momentum_ignition-26",
    "action": "new",
    "side": "buy",
    "price": 65199.953519999995,
    "quantity": 0.08,
    "remaining_quantity": 0.08
  },
  {
    "event_id": "72fc6b69ab0f2551567c366eaec70778fcfc936ae543efbcfba4edda6c0059cd",
    "schema_version": "1.0.0",
    "event_type": "agent_order",
    "source": "synthetic_agent",
    "symbol": "BTCUSDT",
    "exchange": "binance_usdm",
    "timestamp": "2024-05-01T00:00:02.160000Z",
    "sequence": 27,
    "scenario_id": "scenario-101-momentum_ignition",
    "agent_id": "agent-momentum_ignition",
    "order_id": "scenario-101-momentum_ignition-agent-momentum_ignition-27",
    "action": "new",
    "side": "buy",
    "price": 65201.25553999999,
    "quantity": 0.08,
    "remaining_quantity": 0.08
  },
  {
    "event_id": "e152ae531ba2f03286fa97bf5f69047a4abb7e0cb976466aed42d84755a16fed",
    "schema_version": "1.0.0",
    "event_type": "agent_order",
    "source": "synthetic_agent",
    "symbol": "BTCUSDT",
    "exchange": "binance_usdm",
    "timestamp": "2024-05-01T00:00:02.240000Z",
    "sequence": 28,
    "scenario_id": "scenario-101-momentum_ignition",
    "agent_id": "agent-momentum_ignition",
    "order_id": "scenario-101-momentum_ignition-agent-momentum_ignition-28",
    "action": "new",
    "side": "buy",
    "price": 65202.55755999999,
    "quantity": 0.08,
    "remaining_quantity": 0.08
  },
  {
    "event_id": "78e6e9a33880bf66edc9fea38e3a899c1f9f947708bf089916aef56f54b25436",
    "schema_version": "1.0.0",
    "event_type": "agent_order",
    "source": "synthetic_agent",
    "symbol": "BTCUSDT",
    "exchange": "binance_usdm",
    "timestamp": "2024-05-01T00:00:02.320000Z",
    "sequence": 29,
    "scenario_id": "scenario-101-momentum_ignition",
    "agent_id": "agent-momentum_ignition",
    "order_id": "scenario-101-momentum_ignition-agent-momentum_ignition-29",
    "action": "new",
    "side": "buy",
    "price": 65203.85958,
    "quantity": 0.08,
    "remaining_quantity": 0.08
  }
]