[
  {
    "event_id": "b3bb7e8b3daa7addec2c00fc1801725aab22f0f7c935e764ee65feb0653f1dbe",
    "schema_version": "1.0.0",
    "event_type": "agent_order",
    "source": "synthetic_agent",
    "symbol": "BTCUSDT",
    "exchange": "binance_usdm",
    "timestamp": "2024-05-01T00:00:00Z",
    "sequence": 0,
    "scenario_id": "scenario-349-twap_execution",
    "agent_id": "agent-twap_execution",
    "order_id": "scenario-349-twap_execution-agent-twap_execution-0",
    "action": "new",
    "side": "buy",
    "price": 65316.325500000006,
    "quantity": 0.005,
    "remaining_quantity": 0.005
  },
  {
    "event_id": "05d36168396c7d7016ade985f073587dbc4b8b71b5c18927b5b3be0b4637f000",
    "schema_version": "1.0.0",
    "event_type": "agent_order",
    "source": "synthetic_agent",
    "symbol": "BTCUSDT",
    "exchange": "binance_usdm",
    "timestamp": "2024-05-01T00:00:01Z",
    "sequence": 1,
    "scenario_id": "scenario-349-twap_execution",
    "agent_id": "agent-twap_execution",
    "order_id": "scenario-349-twap_execution-agent-twap_execution-1",
    "action": "new",
    "side": "buy",
    "price": 65316.325500000006,
    "quantity": 0.005,
    "remaining_quantity": 0.005
  },
  {
    "event_id": "9b1701294e54dc256c1bc8e37fda0d8e55143108ac9a25260e028b521717a029",
    "schema_version": "1.0.0",
    "event_type": "agent_order",
    "source": "synthetic_agent",
    "symbol": "BTCUSDT",
    "exchange": "binance_usdm",
    "timestamp": "2024-05-01T00:00:02Z",
    "sequence": 2,
    "scenario_id": "scenario-349-twap_execution",
    "agent_id": "agent-twap_execution",
    "order_id": "scenario-349-twap_execution-agent-twap_execution-2",
    "action": "new",
    "side": "buy",
    "price": 65316.325500000006,
    "quantity": 0.005,
    "remaining_quantity": 0.005
  },
  {
    "event_id": "f689f9fcd25edf9afb4ab76e8cd3b80b8c60f598523861882d08a6d44c7be027",
    "schema_version": "1.0.0",
    "event_type": "agent_order",
    "source": "synthetic_agent",
    "symbol": "BTCUSDT",
    "exchange": "binance_usdm",
    "timestamp": "2024-05-01T00:00:03Z",
    "sequence": 3,
    "scenario_id": "scenario-349-twap_execution",
    "agent_id": "agent-twap_execution",
    "order_id": "scenario-349-twap_execution-agent-twap_execution-3",
    "action": "new",
    "side": "buy",
    "price": 65316.325500000006,
    "quantity": 0.005,
    "remaining_quantity": 0.005
  },
  {
    "event_id": "26ac24b33c9cbdd9f606af5e67a061535be9274a9db8c62cff9e784a91e92613",
    "schema_version": "1.0.0",
    "event_type": "agent_order",
    "source": "synthetic_agent",
    "symbol": "BTCUSDT",
    "exchange": "binance_usdm",
    "timestamp": "2024-05-01T00:00:04Z",
    "sequence": 4,
    "scenario_id": "scenario-349-twap_execution",
    "agent_id": "agent-twap_execution",
    "order_id": "scenario-349-twap_execution-agent-twap_execution-4",
    "action": "new",
    "side": "buy",
    "price": 65316.325500000006,
    "quantity": 0.005,
    "remaining_quantity": 0.005
  },
  {
    "event_id": "f4dbaf66b7fd7bef3aac3f9f254b7b152b2000b3c9eb127c9339427519e2fe82",
    "schema_version": "1.0.0",
    "event_type": "agent_order",
    "source": "synthetic_agent",
    "symbol": "BTCUSDT",
    "exchange": "binance_usdm",
    "timestamp": "2024-05-01T00:00:05Z",
    "sequence": 5,
    "scenario_id": "scenario-349-twap_execution",
    "agent_id": "agent-twap_execution",
    "order_id": "scenario-349-twap_execution-agent-twap_execution-5",
    "action": "new",
    "side": "buy",
    "price": 65316.325500000006,
    "quantity": 0.005,
    "remaining_quantity": 0.005
  },
  {
    "event_id": "3724d7a01aedce354882babf0d416315057fb6b18d20e5222240978fcd48c273",
    "schema_version": "1.0.0",
    "event_type": "agent_order",
    "source": "synthetic_agent",
    "symbol": "BTCUSDT",
    "exchange": "binance_usdm",
    "timestamp": "2024-05-01T00:00:06Z",
    "sequence": 6,
    "scenario_id": "scenario-349-twap_execution",
    "agent_id": "agent-twap_execution",
    "order_id": "scenario-349-twap_execution-agent-twap_execution-6",
    "action": "new",
    "side": "buy",
    "price": 65316.325500000006,
    "quantity": 0.005,
    "remaining_quantity": 0.005
  },
  {
    "event_id": "ebd0c9a46f409af1ab50163aa730690c187da0c16e325eb7ae85ff72d823ec56",
    "schema_version": "1.0.0",
    "event_type": "agent_order",
    "source": "synthetic_agent",
    "symbol": "BTCUSDT",
    "exchange": "binance_usdm",
    "timestamp": "2024-05-01T00:00:07Z",
    "sequence": 7,
    "scenario_id": "scenario-349-twap_execution",
    "agent_id": "agent-twap_execution",
    "order_id": "scenario-349-twap_execution-agent-twap_execution-7",
    "action": "new",
    "side": "buy",
    "price": 65316.325500000006,
    "quantity": 0.005,
    "remaining_quantity": 0.005
  },
  {
    "event_id": "36501d354f4ae511097da0a5f6b19033754b39747045c64e76d1f015d48fe154",
    "schema_version": "1.0.0",
    "event_type": "agent_order",
    "source": "synthetic_agent",
    "symbol": "BTCUSDT",
    "exchange": "binance_usdm",
    "timestamp": "2024-05-01T00:00:08Z",
    "sequence": 8,
    "scenario_id": "scenario-349-twap_execution",
    "agent_id": "agent-twap_execution",
    "order_id": "scenario-349-twap_execution-agent-twap_execution-8",
    "action": "new",
    "side": "buy",
    "price": 65316.325500000006,
    "quantity": 0.005,
    "remaining_quantity": 0.005
  },
  {
    "event_id": "132f6286698463e2e22cc742d464143a8a110be3aabfe5f9d728212316859355",
    "schema_version": "1.0.0",
    "event_type": "agent_order",
    "source": "synthetic_agent",
    "symbol": "BTCUSDT",
    "exchange": "binance_usdm",
    "timestamp": "2024-05-01T00:00:09Z",
    "sequence": 9,
    "scenario_id": "scenario-349-twap_execution",
    "agent_id": "agent-twap_execution",
    "order_id": "scenario-349-twap_execution-agent-twap_execution-9",
    "action": "new",
    "side": "buy",
    "price": 65316.325500000006,
    "quantity": 0.005,
    "remaining_quantity": 0.005
  },
  {
    "event_id": "0c1243186bcbcf9dd1ef6d44589b9b338c3d72d99270e8251847f5505cf31da7",
    "schema_version": "1.0.0",
    "event_type": "agent_order",
    "source": "synthetic_agent",
    "symbol": "BTCUSDT",
    "exchange": "binance_usdm",
    "timestamp": "2024-05-01T00:00:10Z",
    "sequence": 10,
    "scenario_id": "scenario-349-twap_execution",
    "agent_id": "agent-twap_execution",
    "order_id": "scenario-349-twap_execution-agent-twap_execution-10",
    "action": "new",
    "side": "buy",
    "price": 65316.325500000006,
    "quantity": 0.005,
    "remaining_quantity": 0.005
  },
  {
    "event_id": "16c7a956217eaafd9b73b43d9d98b9ced47142ab6b4c77d25ea5af30305e2225",
    "schema_version": "1.0.0",
    "event_type": "agent_order",
    "source": "synthetic_agent",
    "symbol": "BTCUSDT",
    "exchange": "binance_usdm",
    "timestamp": "2024-05-01T00:00:11Z",
    "sequence": 11,
    "scenario_id": "scenario-349-twap_execution",
    "agent_id": "agent-twap_execution",
    "order_id": "scenario-349-twap_execution-agent-twap_execution-11",
    "action": "new",
    "side": "buy",
    "price": 65316.325500000006,
    "quantity": 0.005,
    "remaining_quantity": 0.005
  },
  {
    "event_id": "7d3252f8c630cc71488e54478608c6075af66574d4a26a31ded5f2c37987dadd",
    "schema_version": "1.0.0",
    "event_type": "agent_order",
    "source": "synthetic_agent",
    "symbol": "BTCUSDT",
    "exchange": "binance_usdm",
    "timestamp": "2024-05-01T00:00:12Z",
    "sequence": 12,
    "scenario_id": "scenario-349-twap_execution",
    "agent_id": "agent-twap_execution",
    "order_id": "scenario-349-twap_execution-agent-twap_execution-12",
    "action": "new",
    "side": "buy",
    "price": 65316.325500000006,
    "quantity": 0.005,
    "remaining_quantity": 0.005
  },
  {
    "event_id": "e9b84b9633fde80b95a374f5dd5239b0abcbe0cd8c829546bfaa0b09ecb7d00a",
    "schema_version": "1.0.0",
    "event_type": "agent_order",
    "source": "synthetic_agent",
    "symbol": "BTCUSDT",
    "exchange": "binance_usdm",
    "timestamp": "2024-05-01T00:00:13Z",
    "sequence": 13,
    "scenario_id": "scenario-349-twap_execution",
    "agent_id": "agent-twap_execution",
    "order_id": "scenario-349-twap_execution-agent-twap_execution-13",
    "action": "new",
    "side": "buy",
    "price": 65316.325500000006,
    "quantity": 0.005,
    "remaining_quantity": 0.005
  },
  {
    "event_id": "45e62ed57577fe9fd3de328b74e45619f6d057f6ed87122c0ec789c67666b9cb",
    "schema_version": "1.0.0",
    "event_type": "agent_order",
    "source": "synthetic_agent",
    "symbol": "BTCUSDT",
    "exchange": "binance_usdm",
    "timestamp": "2024-05-01T00:00:14Z",
    "sequence": 14,
    "scenario_id": "scenario-349-twap_execution",
    "agent_id": "agent-twap_execution",
    "order_id": "scenario-349-twap_execution-agent-twap_execution-14",
    "action": "new",
    "side": "buy",
    "price": 65316.325500000006,
    "quantity": 0.005,
    "remaining_quantity": 0.005
  },
  {
    "event_id": "e006dd888b79a8eb541ade907fc95bcdc24d5af13b1a9b4140dffa18e8d9f68f",
    "schema_version": "1.0.0",
    "event_type": "agent_order",
    "source": "synthetic_agent",
    "symbol": "BTCUSDT",
    "exchange": "binance_usdm",
    "timestamp": "2024-05-01T00:00:15Z",
    "sequence": 15,
    "scenario_id": "scenario-349-twap_execution",
    "agent_id": "agent-twap_execution",
    "order_id": "scenario-349-twap_execution-agent-twap_execution-15",
    "action": "new",
    "side": "buy",
    "price": 65316.325500000006,
    "quantity": 0.005,
    "remaining_quantity": 0.005
  },
  {
    "event_id": "95d91b7129d0c973576dbb4249f596b08b48c8016be32951634bdb68a1fab0be",
    "schema_version": "1.0.0",
    "event_type": "agent_order",
    "source": "synthetic_agent",
    "symbol": "BTCUSDT",
    "exchange": "binance_usdm",
    "timestamp": "2024-05-01T00:00:16Z",
    "sequence": 16,
    "scenario_id": "scenario-349-twap_execution",
    "agent_id": "agent-twap_execution",
    "order_id": "scenario-349-twap_execution-agent-twap_execution-16",
    "action": "new",
    "side": "buy",
    "price": 65316.325500000006,
    "quantity": 0.005,
    "remaining_quantity": 0.005
  },
  {
    "event_id": "2ed5ac21cfd6c6e4cc610e6069946a73612d66e8e60daaa1d9061601f3ca247d",
    "schema_version": "1.0.0",
    "event_type": "agent_order",
    "source": "synthetic_agent",
    "symbol": "BTCUSDT",
    "exchange": "binance_usdm",
    "timestamp": "2024-05-01T00:00:17Z",
    "sequence": 17,
    "scenario_id": "scenario-349-twap_execution",
    "agent_id": "agent-twap_execution",
    "order_id": "scenario-349-twap_execution-agent-twap_execution-17",
    "action": "new",
    "side": "buy",
    "price": 65316.325500000006,
    "quantity": 0.005,
    "remaining_quantity": 0.005
  },
  {
    "event_id": "69f0e1ab3990cff2964e6bf570a0c89dd3d6b6bfccf257d8e2deae1a2bc9fd64",
    "schema_version": "1.0.0",
    "event_type": "agent_order",
    "source": "synthetic_agent",
    "symbol": "BTCUSDT",
    "exchange": "binance_usdm",
    "timestamp": "2024-05-01T00:00:18Z",
    "sequence": 18,
    "scenario_id": "scenario-349-twap_execution",
    "agent_id": "agent-twap_execution",
    "order_id": "scenario-349-twap_execution-agent-twap_execution-18",
    "action": "new",
    "side": "buy",
    "price": 65316.325500000006,
    "quantity": 0.005,
    "remaining_quantity": 0.005
  },
  {
    "event_id": "32f587b8438e1795a8b81b0b9be759f80b6e6348ef7171f1c3506ecc64d38d52",
    "schema_version": "1.0.0",
    "event_type": "agent_order",
    "source": "synthetic_agent",
    "symbol": "BTCUSDT",
    "exchange": "binance_usdm",
    "timestamp": "2024-05-01T00:00:19Z",
    "sequence": 19,
    "scenario_id": "scenario-349-twap_execution",
    "agent_id": "agent-twap_execution",
    "order_id": "scenario-349-twap_execution-agent-twap_execution-19",
    "action": "new",
    "side": "buy",
    "price": 65316.325500000006,
    "quantity": 0.005,
    "remaining_quantity": 0.005
  },
  {
    "event_id": "9ff168dc913159d0958ca62f1f0d52236b7484002ad0890f0ccecf602e2513c0",
    "schema_version": "1.0.0",
    "event_type": "agent_order",
    "source": "synthetic_agent",
    "symbol": "BTCUSDT",
    "exchange": "binance_usdm",
    "timestamp": "2024-05-01T00:00:20Z",
    "sequence": 20,
    "scenario_id": "scenario-349-twap_execution",
    "agent_id": "agent-twap_execution",
    "order_id": "scenario-349-twap_execution-agent-twap_execution-20",
    "action": "new",
    "side": "buy",
    "price": 65316.325500000006,
    "quantity": 0.005,
    "remaining_quantity": 0.005
  },
  {
    "event_id": "73f78ff7ee365163acdfb6a007945b538242cd344c229fbcb13e640f6a3e0a11",
    "schema_version": "1.0.0",
    "event_type": "agent_order",
    "source": "synthetic_agent",
    "symbol": "BTCUSDT",
    "exchange": "binance_usdm",
    "timestamp": "2024-05-01T00:00:21Z",
    "sequence": 21,
    "scenario_id": "scenario-349-twap_execution",
    "agent_id": "agent-twap_execution",
    "order_id": "scenario-349-twap_execution-agent-twap_execution-21",
    "action": "new",
    "side": "buy",
    "price": 65316.325500000006,
    "quantity": 0.005,
    "remaining_quantity": 0.005
  },
  {
    "event_id": "4355d40ff2733ffa4f0113b9f9daa195c2df8a6dedc909534e690e819e7af89d",
    "schema_version": "1.0.0",
    "event_type": "agent_order",
    "source": "synthetic_agent",
    "symbol": "BTCUSDT",
    "exchange": "binance_usdm",
    "timestamp": "2024-05-01T00:00:22Z",
    "sequence": 22,
    "scenario_id": "scenario-349-twap_execution",
    "agent_id": "agent-twap_execution",
    "order_id": "scenario-349-twap_execution-agent-twap_execution-22",
    "action": "new",
    "side": "buy",
    "price": 65316.325500000006,
    "quantity": 0.005,
    "remaining_quantity": 0.005
  },
  {
    "event_id": "623730db15f08b9355a73eb7d2f78484eeee626733e7da3c11b3081748681e20",
    "schema_version": "1.0.0",
    "event_type": "agent_order",
    "source": "synthetic_agent",
    "symbol": "BTCUSDT",
    "exchange": "binance_usdm",
    "timestamp": "2024-05-01T00:00:23Z",
    "sequence": 23,
    "scenario_id": "scenario-349-twap_execution",
    "agent_id": "agent-twap_execution",
    "order_id": "scenario-349-twap_execution-agent-twap_execution-23",
    "action": "new",
    "side": "buy",
    "price": 65316.325500000006,
    "quantity": 0.005,
    "remaining_quantity": 0.005
  },
  {
    "event_id": "333135ae552a6fc7fd154d82c3ebad0cd170b01ac3a04e3ed87d13b8a6047ad8",
    "schema_version": "1.0.0",
    "event_type": "agent_order",
    "source": "synthetic_agent",
    "symbol": "BTCUSDT",
    "exchange": "binance_usdm",
    "timestamp": "2024-05-01T00:00:24Z",
    "sequence": 24,
    "scenario_id": "scenario-349-twap_execution",
    "agent_id": "agent-twap_execution",
    "order_id": "scenario-349-twap_execution-agent-twap_execution-24",
    "action": "new",
    "side": "buy",
    "price": 65316.325500000006,
    "quantity": 0.005,
    "remaining_quantity": 0.005
  },
  {
    "event_id": "0f7569e2eef5297a907807f38ebefb5c281daaa495ee8b7dc1d6754960516ffd",
    "schema_version": "1.0.0",
    "event_type": "agent_order",
    "source": "synthetic_agent",
    "symbol": "BTCUSDT",
    "exchange": "binance_usdm",
    "timestamp": "2024-05-01T00:00:25Z",
    "sequence": 25,
    "scenario_id": "scenario-349-twap_execution",
    "agent_id": "agent-twap_execution",
    "order_id": "scenario-349-twap_execution-agent-twap_execution-25",
    "action": "new",
    "side": "buy",
    "price": 65316.325500000006,
    "quantity": 0.005,
    "remaining_quantity": 0.005
  },
  {
    "event_id": "48bf3d41921c04c4e8ac82c991316943e7700d0dc92f136eb9c5ec59088664d4",
    "schema_version": "1.0.0",
    "event_type": "agent_order",
    "source": "synthetic_agent",
    "symbol": "BTCUSDT",
    "exchange": "binance_usdm",
    "timestamp": "2024-05-01T00:00:26Z",
    "sequence": 26,
    "scenario_id": "scenario-349-twap_execution",
    "agent_id": "agent-twap_execution",
    "order_id": "scenario-349-twap_execution-agent-twap_execution-26",
    "action": "new",
    "side": "buy",
    "price": 65316.325500000006,
    "quantity": 0.005,
    "remaining_quantity": 0.005
  },
  {
    "event_id": "830a685a396a484dd7a8e14821a11f2a97791f5190434a83b999e3520eb86cf0",
    "schema_version": "1.0.0",
    "event_type": "agent_order",
    "source": "synthetic_agent",
    "symbol": "BTCUSDT",
    "exchange": "binance_usdm",
    "timestamp": "2024-05-01T00:00:27Z",
    "sequence": 27,
    "scenario_id": "scenario-349-twap_execution",
    "agent_id": "agent-twap_execution",
    "order_id": "scenario-349-twap_execution-agent-twap_execution-27",
    "action": "new",
    "side": "buy",
    "price": 65316.325500000006,
    "quantity": 0.005,
    "remaining_quantity": 0.005
  },
  {
    "event_id": "6cecb81df57ded1ceb5970372c580a273fe37ece06fa4c9fa38e066ec66d8c73",
    "schema_version": "1.0.0",
    "event_type": "agent_order",
    "source": "synthetic_agent",
    "symbol": "BTCUSDT",
    "exchange": "binance_usdm",
    "timestamp": "2024-05-01T00:00:28Z",
    "sequence": 28,
    "scenario_id": "scenario-349-twap_execution",
    "agent_id": "agent-twap_execution",
    "order_id": "scenario-349-twap_execution-agent-twap_execution-28",
    "action": "new",
    "side": "buy",
    "price": 65316.325500000006,
    "quantity": 0.005,
    "remaining_quantity": 0.005
  },
  {
    "event_id": "5b49f1309fe017762143654de1647fc12b3caf8584566fb47294b9797c6d14f5",
    "schema_version": "1.0.0",
    "event_type": "agent_order",
    "source": "synthetic_agent",
    "symbol": "BTCUSDT",
    "exchange": "binance_usdm",
    "timestamp": "2024-05-01T00:00:29Z",
    "sequence": 29,
    "scenario_id": "scenario-349-twap_execution",
    "agent_id": "agent-twap_execution",
    "order_id": "scenario-349-twap_execution-agent-twap_execution-29",
    "action": "new",
    "side": "buy",
    "price": 65316.325500000006,
    "quantity": 0.005,
    "remaining_quantity": 0.005
  }
]