[
  {
    "event_id": "37243510e57ae3707712264389465c7274d834cf4c7f3b361914e949bd287bb2",
    "schema_version": "1.0.0",
    "event_type": "agent_order",
    "source": "synthetic_agent",
    "symbol": "BTCUSDT",
    "exchange": "binance_usdm",
    "timestamp": "2024-05-01T00:00:00Z",
    "sequence": 0,
    "scenario_id": "scenario-044-latency_edge",
    "agent_id": "agent-latency_edge",
    "order_id": "scenario-044-latency_edge-agent-latency_edge-0",
    "action": "new",
    "side": "buy",
    "price": 65083.026399999995,
    "quantity": 0.006,
    "remaining_quantity": 0.006
  },
  {
    "event_id": "2ce7a001cab3bfd6e1f26dd9612af9895382d03fb60b07104f6dd3c31c841fa0",
    "schema_version": "1.0.0",
    "event_type": "agent_order",
    "source": "synthetic_agent",
    "symbol": "BTCUSDT",
    "exchange": "binance_usdm",
    "timestamp": "2024-05-01T00:00:00.008000Z",
    "sequence": 1,
    "scenario_id": "scenario-044-latency_edge",
    "agent_id": "agent-latency_edge",
    "order_id": "scenario-044-latency_edge-agent-latency_edge-1",
    "action": "new",
    "side": "buy",
    "price": 65083.026399999995,
    "quantity": 0.006,
    "remaining_quantity": 0.006
  },
  {
    "event_id": "4ac1d94387e62915cec47813d59398568d01a2cf0e83e08c81c18a75fccb75fb",
    "schema_version": "1.0.0",
    "event_type": "agent_order",
    "source": "synthetic_agent",
    "symbol": "BTCUSDT",
    "exchange": "binance_usdm",
    "timestamp": "2024-05-01T00:00:00.016000Z",
    "sequence": 2,
    "scenario_id": "scenario-044-latency_edge",
    "agent_id": "agent-latency_edge",
    "order_id": "scenario-044-latency_edge-agent-latency_edge-2",
    "action": "new",
    "side": "sell",
    "price": 65004.9736,
    "quantity": 0.006,
    "remaining_quantity": 0.006
  },
  {
    "event_id": "3b55070d8b263fdac0d56979006012ee013c1c87cba9c0c1dd49ae3af48c8b2e",
    "schema_version": "1.0.0",
    "event_type": "agent_order",
    "source": "synthetic_agent",
    "symbol": "BTCUSDT",
    "exchange": "binance_usdm",
    "timestamp": "2024-05-01T00:00:00.024000Z",
    "sequence": 3,
    "scenario_id": "scenario-044-latency_edge",
    "agent_id": "agent-latency_edge",
    "order_id": "scenario-044-latency_edge-agent-latency_edge-3",
    "action": "new",
    "side": "sell",
    "price": 65004.9736,
    "quantity": 0.006,
    "remaining_quantity": 0.006
  },
  {
    "event_id": "46fde9326dd0f2194b233ef553be178c783b68c57d8271ca90fd7cee2cc4af74",
    "schema_version": "1.0.0",
    "event_type": "agent_order",
    "source": "synthetic_agent",
    "symbol": "BTCUSDT",
    "exchange": "binance_usdm",
    "timestamp": "2024-05-01T00:00:00.032000Z",
    "sequence": 4,
    "scenario_id": "scenario-044-latency_edge",
    "agent_id": "agent-latency_edge",
    "order_id": "scenario-044-latency_edge-agent-latency_edge-4",
    "action": "new",
    "side": "buy",
    "price": 65083.026399999995,
    "quantity": 0.006,
    "remaining_quantity": 0.006
  },
  {
    "event_id": "666bd3db1f27eda48120aff00e9c84ea72a52de5f6eaa9a296484c62acb29038",
    "schema_version": "1.0.0",
    "event_type": "agent_order",
    "source": "synthetic_agent",
    "symbol": "BTCUSDT",
    "exchange": "binance_usdm",
    "timestamp": "2024-05-01T00:00:00.040000Z",
    "sequence": 5,
    "scenario_id": "scenario-044-latency_edge",
    "agent_id": "agent-latency_edge",
    "order_id": "scenario-044-latency_edge-agent-latency_edge-5",
    "action": "new",
    "side": "buy",
    "price": 65083.026399999995,
    "quantity": 0.006,
    "remaining_quantity": 0.006
  },
  {
    "event_id": "7d5a0002efbe41d9e3beba9bec709989c31855afe9859fd3286c00c4a94784bb",
    "schema_version": "1.0.0",
    "event_type": "agent_order",
    "source": "synthetic_agent",
    "symbol": "BTCUSDT",
    "exchange": "binance_usdm",
    "timestamp": "2024-05-01T00:00:00.048000Z",
    "sequence": 6,
    "scenario_id": "scenario-044-latency_edge",
    "agent_id": "agent-latency_edge",
    "order_id": "scenario-044-latency_edge-agent-latency_edge-6",
    "action": "new",
    "side": "sell",
    "price": 65004.9736,
    "quantity": 0.006,
    "remaining_quantity": 0.006
  },
  {
    "event_id": "276f69e85da24548d0ed3d66439664e45217b99338f8a1e21896f332d06cdf46",
    "schema_version": "1.0.0",
    "event_type": "agent_order",
    "source": "synthetic_agent",
    "symbol": "BTCUSDT",
    "exchange": "binance_usdm",
    "timestamp": "2024-05-01T00:00:00.056000Z",
    "sequence": 7,
    "scenario_id": "scenario-044-latency_edge",
    "agent_id": "agent-latency_edge",
    "order_id": "scenario-044-latency_edge-agent-latency_edge-7",
    "action": "new",
    "side": "sell",
    "price": 65004.9736,
    "quantity": 0.006,
    "remaining_quantity": 0.006
  },
  {
    "event_id": "ce3121e51124b320e4c1edc654b5163f2471894c76a73fc3dc7a4f4e95513c2c",
    "schema_version": "1.0.0",
    "event_type": "agent_order",
    "source": "synthetic_agent",
    "symbol": "BTCUSDT",
    "exchange": "binance_usdm",
    "timestamp": "2024-05-01T00:00:00.064000Z",
    "sequence": 8,
    "scenario_id": "scenario-044-latency_edge",
    "agent_id": "agent-latency_edge",
    "order_id": "scenario-044-latency_edge-agent-latency_edge-8",
    "action": "new",
    "side": "buy",
    "price": 65083.026399999995,
    "quantity": 0.006,
    "remaining_quantity": 0.006
  },
  {
    "event_id": "136a1cd855394a37f7cee85a83a389ea8ead8bbdf51b1093eb14907f0b2b8879",
    "schema_version": "1.0.0",
    "event_type": "agent_order",
    "source": "synthetic_agent",
    "symbol": "BTCUSDT",
    "exchange": "binance_usdm",
    "timestamp": "2024-05-01T00:00:00.072000Z",
    "sequence": 9,
    "scenario_id": "scenario-044-latency_edge",
    "agent_id": "agent-latency_edge",
    "order_id": "scenario-044-latency_edge-agent-latency_edge-9",
    "action": "new",
    "side": "buy",
    "price": 65083.026399999995,
    "quantity": 0.006,
    "remaining_quantity": 0.006
  },
  {
    "event_id": "d501d9af76123be5196bc693dd553f14b1a58eb1f21f0a4ab09088d291c89ab4",
    "schema_version": "1.0.0",
    "event_type": "agent_order",
    "source": "synthetic_agent",
    "symbol": "BTCUSDT",
    "exchange": "binance_usdm",
    "timestamp": "2024-05-01T00:00:00.080000Z",
    "sequence": 10,
    "scenario_id": "scenario-044-latency_edge",
    "agent_id": "agent-latency_edge",
    "order_id": "scenario-044-latency_edge-agent-latency_edge-10",
    "action": "new",
    "side": "sell",
    "price": 65004.9736,
    "quantity": 0.006,
    "remaining_quantity": 0.006
  },
  {
    "event_id": "c1de4c80de7a631a39728996a9e0cf95cc4231fbad160b00157ba20d805f3e34",
    "schema_version": "1.0.0",
    "event_type": "agent_order",
    "source": "synthetic_agent",
    "symbol": "BTCUSDT",
    "exchange": "binance_usdm",
    "timestamp": "2024-05-01T00:00:00.088000Z",
    "sequence": 11,
    "scenario_id": "scenario-044-latency_edge",
    "agent_id": "agent-latency_edge",
    "order_id": "scenario-044-latency_edge-agent-latency_edge-11",
    "action": "new",
    "side": "sell",
    "price": 65004.9736,
    "quantity": 0.006,
    "remaining_quantity": 0.006
  },
  {
    "event_id": "37b7cf48fba8d52889d358da717215a6231ee2356721819fcc3d6da1d7c96cfc",
    "schema_version": "1.0.0",
    "event_type": "agent_order",
    "source": "synthetic_agent",
    "symbol": "BTCUSDT",
    "exchange": "binance_usdm",
    "timestamp": "2024-05-01T00:00:00.096000Z",
    "sequence": 12,
    "scenario_id": "scenario-044-latency_edge",
    "agent_id": "agent-latency_edge",
    "order_id": "scenario-044-latency_edge-agent-latency_edge-12",
    "action": "new",
    "side": "buy",
    "price": 65083.026399999995,
    "quantity": 0.006,
    "remaining_quantity": 0.006
  },
  {
    "event_id": "0b7d551abeceb3c02a4307ff832db8deea12066f89518158200c71970762f89f",
    "schema_version": "1.0.0",
    "event_type": "agent_order",
    "source": "synthetic_agent",
    "symbol": "BTCUSDT",
    "exchange": "binance_usdm",
    "timestamp": "2024-05-01T00:00:00.104000Z",
    "sequence": 13,
    "scenario_id": "scenario-044-latency_edge",
    "agent_id": "agent-latency_edge",
    "order_id": "scenario-044-latency_edge-agent-latency_edge-13",
    "action": "new",
    "side": "buy",
    "price": 65083.026399999995,
    "quantity": 0.006,
    "remaining_quantity": 0.006
  },
  {
    "event_id": "86827632f290a3c7b83f574098e224e68c07f0a70b6d554cd24610a462411882",
    "schema_version": "1.0.0",
    "event_type": "agent_order",
    "source": "synthetic_agent",
    "symbol": "BTCUSDT",
    "exchange": "binance_usdm",
    "timestamp": "2024-05-01T00:00:00.112000Z",
    "sequence": 14,
    "scenario_id": "scenario-044-latency_edge",
    "agent_id": "agent-latency_edge",
    "order_id": "scenario-044-latency_edge-agent-latency_edge-14",
    "action": "new",
    "side": "sell",
    "price": 65004.9736,
    "quantity": 0.006,
    "remaining_quantity": 0.006
  },
  {
    "event_id": "fde12547f764120c06579c7618243b39c1012f79fb049c105d03a985fcfd32b0",
    "schema_version": "1.0.0",
    "event_type": "agent_order",
    "source": "synthetic_agent",
    "symbol": "BTCUSDT",
    "exchange": "binance_usdm",
    "timestamp": "2024-05-01T00:00:00.120000Z",
    "sequence": 15,
    "scenario_id": "scenario-044-latency_edge",
    "agent_id": "agent-latency_edge",
    "order_id": "scenario-044-latency_edge-agent-latency_edge-15",
    "action": "new",
    "side": "sell",
    "price": 65004.9736,
    "quantity": 0.006,
    "remaining_quantity": 0.006
  },
  {
    "event_id": "88abb42bf1f334c4366fb61cd7e1084b25a2b1f14878c81bc1206f208b02b16a",
    "schema_version": "1.0.0",
    "event_type": "agent_order",
    "source": "synthetic_agent",
    "symbol": "BTCUSDT",
    "exchange": "binance_usdm",
    "timestamp": "2024-05-01T00:00:00.128000Z",
    "sequence": 16,
    "scenario_id": "scenario-044-latency_edge",
    "agent_id": "agent-latency_edge",
    "order_id": "scenario-044-latency_edge-agent-latency_edge-16",
    "action": "new",
    "side": "buy",
    "price": 65083.026399999995,
    "quantity": 0.006,
    "remaining_quantity": 0.006
  },
  {
    "event_id": "f884e8165106482d22181227262253639d65a5e1cfc46ab3c06b799ec8da2ec6",
    "schema_version": "1.0.0",
    "event_type": "agent_order",
    "source": "synthetic_agent",
    "symbol": "BTCUSDT",
    "exchange": "binance_usdm",
    "timestamp": "2024-05-01T00:00:00.136000Z",
    "sequence": 17,
    "scenario_id": "scenario-044-latency_edge",
    "agent_id": "agent-latency_edge",
    "order_id": "scenario-044-latency_edge-agent-latency_edge-17",
    "action": "new",
    "side": "buy",
    "price": 65083.026399999995,
    "quantity": 0.006,
    "remaining_quantity": 0.006
  },
  {
    "event_id": "0ca4ad5587a50eca38f8498e10cb0003609d9d90f88dc71658536cb6fc602d97",
    "schema_version": "1.0.0",
    "event_type": "agent_order",
    "source": "synthetic_agent",
    "symbol": "BTCUSDT",
    "exchange": "binance_usdm",
    "timestamp": "2024-05-01T00:00:00.144000Z",
    "sequence": 18,
    "scenario_id": "scenario-044-latency_edge",
    "agent_id": "agent-latency_edge",
    "order_id": "scenario-044-latency_edge-agent-latency_edge-18",
    "action": "new",
    "side": "sell",
    "price": 65004.9736,
    "quantity": 0.006,
    "remaining_quantity": 0.006
  },
  {
    "event_id": "f577d8f9019d6be93b365f919957a64ad4eabb3f45f3bcc44289fa2d57121c98",
    "schema_version": "1.0.0",
    "event_type": "agent_order",
    "source": "synthetic_agent",
    "symbol": "BTCUSDT",
    "exchange": "binance_usdm",
    "timestamp": "2024-05-01T00:00:00.152000Z",
    "sequence": 19,
    "scenario_id": "scenario-044-latency_edge",
    "agent_id": "agent-latency_edge",
    "order_id": "scenario-044-latency_edge-agent-latency_edge-19",
    "action": "new",
    "side": "sell",
    "price": 65004.9736,
    "quantity": 0.006,
    "remaining_quantity": 0.006
  },
  {
    "event_id": "8b2040ad6023ab6f43c6a82e3d76bb549a005648478c144de6017c4953255e80",
    "schema_version": "1.0.0",
    "event_type": "agent_order",
    "source": "synthetic_agent",
    "symbol": "BTCUSDT",
    "exchange": "binance_usdm",
    "timestamp": "2024-05-01T00:00:00.160000Z",
    "sequence": 20,
    "scenario_id": "scenario-044-latency_edge",
    "agent_id": "agent-latency_edge",
    "order_id": "scenario-044-latency_edge-agent-latency_edge-20",
    "action": "new",
    "side": "buy",
    "price": 65083.026399999995,
    "quantity": 0.006,
    "remaining_quantity": 0.006
  },
  {
    "event_id": "d565bdeee2678e4225235aefa7a83711c4e5d2c0a17a6c15d583eabb01123777",
    "schema_version": "1.0.0",
    "event_type": "agent_order",
    "source": "synthetic_agent",
    "symbol": "BTCUSDT",
    "exchange": "binance_usdm",
    "timestamp": "2024-05-01T00:00:00.168000Z",
    "sequence": 21,
    "scenario_id": "scenario-044-latency_edge",
    "agent_id": "agent-latency_edge",
    "order_id": "scenario-044-latency_edge-agent-latency_edge-21",
    "action": "new",
    "side": "buy",
    "price": 65083.026399999995,
    "quantity": 0.006,
    "remaining_quantity": 0.006
  },
  {
    "event_id": "f6300f991c2ac324fdf128b0967db697978008ca4016155acb644c1e190622f2",
    "schema_version": "1.0.0",
    "event_type": "agent_order",
    "source": "synthetic_agent",
    "symbol": "BTCUSDT",
    "exchange": "binance_usdm",
    "timestamp": "2024-05-01T00:00:00.176000Z",
    "sequence": 22,
    "scenario_id": "scenario-044-latency_edge",
    "agent_id": "agent-latency_edge",
    "order_id": "scenario-044-latency_edge-agent-latency_edge-22",
    "action": "new",
    "side": "sell",
    "price": 65004.9736,
    "quantity": 0.006,
    "remaining_quantity": 0.006
  },
  {
    "event_id": "11f542776e3eaadcc61d45acd41c478b1c2da631215da07fecebeaacdd374e4a",
    "schema_version": "1.0.0",
    "event_type": "agent_order",
    "source": "synthetic_agent",
    "symbol": "BTCUSDT",
    "exchange": "binance_usdm",
    "timestamp": "2024-05-01T00:00:00.184000Z",
    "sequence": 23,
    "scenario_id": "scenario-044-latency_edge",
    "agent_id": "agent-latency_edge",
    "order_id": "scenario-044-latency_edge-agent-latency_edge-23",
    "action": "new",
    "side": "sell",
    "price": 65004.9736,
    "quantity": 0.006,
    "remaining_quantity": 0.006
  },
  {
    "event_id": "2cc2b2e87f94836de994d85e3c1684fbcb243441da14d1e21de8ac7c76637463",
    "schema_version": "1.0.0",
    "event_type": "agent_order",
    "source": "synthetic_agent",
    "symbol": "BTCUSDT",
    "exchange": "binance_usdm",
    "timestamp": "2024-05-01T00:00:00.192000Z",
    "sequence": 24,
    "scenario_id": "scenario-044-latency_edge",
    "agent_id": "agent-latency_edge",
    "order_id": "scenario-044-latency_edge-agent-latency_edge-24",
    "action": "new",
    "side": "buy",
    "price": 65083.026399999995,
    "quantity": 0.006,
    "remaining_quantity": 0.006
  },
  {
    "event_id": "75e423642764854aa4bdcaba4e9a9c9a80d4ef2648d2a02e760b25a967abf28e",
    "schema_version": "1.0.0",
    "event_type": "agent_order",
    "source": "synthetic_agent",
    "symbol": "BTCUSDT",
    "exchange": "binance_usdm",
    "timestamp": "2024-05-01T00:00:00.200000Z",
    "sequence": 25,
    "scenario_id": "scenario-044-latency_edge",
    "agent_id": "agent-latency_edge",
    "order_id": "scenario-044-latency_edge-agent-latency_edge-25",
    "action": "new",
    "side": "buy",
    "price": 65083.026399999995,
    "quantity": 0.006,
    "remaining_quantity": 0.006
  },
  {
    "event_id": "2fcec480a2f5c831baf931139f0d5ab180415be168509254705948e1b9e80149",
    "schema_version": "1.0.0",
    "event_type": "agent_order",
    "source": "synthetic_agent",
    "symbol": "BTCUSDT",
    "exchange": "binance_usdm",
    "timestamp": "2024-05-01T00:00:00.208000Z",
    "sequence": 26,
    "scenario_id": "scenario-044-latency_edge",
    "agent_id": "agent-latency_edge",
    "order_id": "scenario-044-latency_edge-agent-latency_edge-26",
    "action": "new",
    "side": "sell",
    "price": 65004.9736,
    "quantity": 0.006,
    "remaining_quantity": 0.006
  },
  {
    "event_id": "b633241dfcb3d70e2c91fca0e3cd39a05d52bdad2503edb0883384c13e96ebeb",
    "schema_version": "1.0.0",
    "event_type": "agent_order",
    "source": "synthetic_agent",
    "symbol": "BTCUSDT",
    "exchange": "binance_usdm",
    "timestamp": "2024-05-01T00:00:00.216000Z",
    "sequence": 27,
    "scenario_id": "scenario-044-latency_edge",
    "agent_id": "agent-latency_edge",
    "order_id": "scenario-044-latency_edge-agent-latency_edge-27",
    "action": "new",
    "side": "sell",
    "price": 65004.9736,
    "quantity": 0.006,
    "remaining_quantity": 0.006
  },
  {
    "event_id": "127600ef0cd2876360b77e11815a09bfb61d2952369f6b0f8552be93837888ed",
    "schema_version": "1.0.0",
    "event_type": "agent_order",
    "source": "synthetic_agent",
    "symbol": "BTCUSDT",
    "exchange": "binance_usdm",
    "timestamp": "2024-05-01T00:00:00.224000Z",
    "sequence": 28,
    "scenario_id": "scenario-044-latency_edge",
    "agent_id": "agent-latency_edge",
    "order_id": "scenario-044-latency_edge-agent-latency_edge-28",
    "action": "new",
    "side": "buy",
    "price": 65083.026399999995,
    "quantity": 0.006,
    "remaining_quantity": 0.006
  },
  {
    "event_id": "939308804410480b247c2faa16ba4d01e09c982b4c64bf59d1469015c6b8a0de",
    "schema_version": "1.0.0",
    "event_type": "agent_order",
    "source": "synthetic_agent",
    "symbol": "BTCUSDT",
    "exchange": "binance_usdm",
    "timestamp": "2024-05-01T00:00:00.232000Z",
    "sequence": 29,
    "scenario_id": "scenario-044-latency_edge",
    "agent_id": "agent-latency_edge",
    "order_id": "scenario-044-latency_edge-agent-latency_edge-29",
    "action": "new",
    "side": "buy",
    "price": 65083.026399999995,
    "quantity": 0.006,
    "remaining_quantity": 0.006
  }
]