[
  {
    "event_id": "374575c446a155bf4327647186be8423b1aff03b782353b81e6a3f6575609a12",
    "schema_version": "1.0.0",
    "event_type": "agent_order",
    "source": "synthetic_agent",
    "symbol": "BTCUSDT",
    "exchange": "binance_usdm",
    "timestamp": "2024-05-01T00:00:00Z",
    "sequence": 0,
    "scenario_id": "scenario-276-passive_market_maker",
    "agent_id": "agent-passive_market_maker",
    "order_id": "scenario-276-passive_market_maker-agent-passive_market_maker-0",
    "action": "new",
    "side": "buy",
    "price": 65210.724,
    "quantity": 0.01,
    "remaining_quantity": 0.01
  },
  {
    "event_id": "dacb67e644026628e271e311eb1fbbf4f90a19c53c68e3f20428120da5ce0d6f",
    "schema_version": "1.0.0",
    "event_type": "agent_order",
    "source": "synthetic_agent",
    "symbol": "BTCUSDT",
    "exchange": "binance_usdm",
    "timestamp": "2024-05-01T00:00:00.100000Z",
    "sequence": 1,
    "scenario_id": "scenario-276-passive_market_maker",
    "agent_id": "agent-passive_market_maker",
    "order_id": "scenario-276-passive_market_maker-agent-passive_market_maker-1",
    "action": "new",
    "side": "sell",
    "price": 65341.27599999999,
    "quantity": 0.01,
    "remaining_quantity": 0.01
  },
  {
    "event_id": "4882ec449d882fbc0320f87be480519b3c15857ba0a924b65091ebc2e24540c9",
    "schema_version": "1.0.0",
    "event_type": "agent_order",
    "source": "synthetic_agent",
    "symbol": "BTCUSDT",
    "exchange": "binance_usdm",
    "timestamp": "2024-05-01T00:00:00.200000Z",
    "sequence": 2,
    "scenario_id": "scenario-276-passive_market_maker",
    "agent_id": "agent-passive_market_maker",
    "order_id": "scenario-276-passive_market_maker-agent-passive_market_maker-2",
    "action": "new",
    "side": "buy",
    "price": 65210.724,
    "quantity": 0.01,
    "remaining_quantity": 0.01
  },
  {
    "event_id": "8e2aa319219a2abf8a6602bb7cc602e7d7443a73757e910d1a7405bca81ee6f8",
    "schema_version": "1.0.0",
    "event_type": "agent_order",
    "source": "synthetic_agent",
    "symbol": "BTCUSDT",
    "exchange": "binance_usdm",
    "timestamp": "2024-05-01T00:00:00.300000Z",
    "sequence": 3,
    "scenario_id": "scenario-276-passive_market_maker",
    "agent_id": "agent-passive_market_maker",
    "order_id": "scenario-276-passive_market_maker-agent-passive_market_maker-3",
    "action": "new",
    "side": "sell",
    "price": 65341.27599999999,
    "quantity": 0.01,
    "remaining_quantity": 0.01
  },
  {
    "event_id": "6f1fa3b95e775cdbfb140e103aae06b992b058bb609a09685819be914d55f666",
    "schema_version": "1.0.0",
    "event_type": "agent_order",
    "source": "synthetic_agent",
    "symbol": "BTCUSDT",
    "exchange": "binance_usdm",
    "timestamp": "2024-05-01T00:00:00.400000Z",
    "sequence": 4,
    "scenario_id": "scenario-276-passive_market_maker",
    "agent_id": "agent-passive_market_maker",
    "order_id": "scenario-276-passive_market_maker-agent-passive_market_maker-4",
    "action": "new",
    "side": "buy",
    "price": 65210.724,
    "quantity": 0.01,
    "remaining_quantity": 0.01
  },
  {
    "event_id": "b4b56319da4897dbe14da88bd67b5a5a32aca30a760b5139b305f8df216ab1af",
    "schema_version": "1.0.0",
    "event_type": "agent_order",
    "source": "synthetic_agent",
    "symbol": "BTCUSDT",
    "exchange": "binance_usdm",
    "timestamp": "2024-05-01T00:00:00.500000Z",
    "sequence": 5,
    "scenario_id": "scenario-276-passive_market_maker",
    "agent_id": "agent-passive_market_maker",
    "order_id": "scenario-276-passive_market_maker-agent-passive_market_maker-5",
    "action": "new",
    "side": "sell",
    "price": 65341.27599999999,
    "quantity": 0.01,
    "remaining_quantity": 0.01
  },
  {
    "event_id": "28000eaee74126bdf840c8f3f2bf365bd31a2ab57a894a109dd42243c56ca7c9",
    "schema_version": "1.0.0",
    "event_type": "agent_order",
    "source": "synthetic_agent",
    "symbol": "BTCUSDT",
    "exchange": "binance_usdm",
    "timestamp": "2024-05-01T00:00:00.600000Z",
    "sequence": 6,
    "scenario_id": "scenario-276-passive_market_maker",
    "agent_id": "agent-passive_market_maker",
    "order_id": "scenario-276-passive_market_maker-agent-passive_market_maker-6",
    "action": "new",
    "side": "buy",
    "price": 65210.724,
    "quantity": 0.01,
    "remaining_quantity": 0.01
  },
  {
    "event_id": "ed4c7682fe4942c9824fd56ca67fc47514367cec6f5831ec00410c900bc35e61",
    "schema_version": "1.0.0",
    "event_type": "agent_order",
    "source": "synthetic_agent",
    "symbol": "BTCUSDT",
    "exchange": "binance_usdm",
    "timestamp": "2024-05-01T00:00:00.700000Z",
    "sequence": 7,
    "scenario_id": "scenario-276-passive_market_maker",
    "agent_id": "agent-passive_market_maker",
    "order_id": "scenario-276-passive_market_maker-agent-passive_market_maker-7",
    "action": "new",
    "side": "sell",
    "price": 65341.27599999999,
    "quantity": 0.01,
    "remaining_quantity": 0.01
  },
  {
    "event_id": "62ccb4ae6ac2c2628388bafaa5cb5c10b210135cb2461e0f33d119357a9e0e94",
    "schema_version": "1.0.0",
    "event_type": "agent_order",
    "source": "synthetic_agent",
    "symbol": "BTCUSDT",
    "exchange": "binance_usdm",
    "timestamp": "2024-05-01T00:00:00.800000Z",
    "sequence": 8,
    "scenario_id": "scenario-276-passive_market_maker",
    "agent_id": "agent-passive_market_maker",
    "order_id": "scenario-276-passive_market_maker-agent-passive_market_maker-8",
    "action": "new",
    "side": "buy",
    "price": 65210.724,
    "quantity": 0.01,
    "remaining_quantity": 0.01
  },
  {
    "event_id": "11ca2e8a8a002b91aa3baf50a54f2b3cb4ea183b86f923bb8eb630973cdbd3fa",
    "schema_version": "1.0.0",
    "event_type": "agent_order",
    "source": "synthetic_agent",
    "symbol": "BTCUSDT",
    "exchange": "binance_usdm",
    "timestamp": "2024-05-01T00:00:00.900000Z",
    "sequence": 9,
    "scenario_id": "scenario-276-passive_market_maker",
    "agent_id": "agent-passive_market_maker",
    "order_id": "scenario-276-passive_market_maker-agent-passive_market_maker-9",
    "action": "new",
    "side": "sell",
    "price": 65341.27599999999,
    "quantity": 0.01,
    "remaining_quantity": 0.01
  },
  {
    "event_id": "456f2cfeea879a8eb1c1bae64cda52889b508211cb4abc61fecfada8f99c43ea",
    "schema_version": "1.0.0",
    "event_type": "agent_order",
    "source": "synthetic_agent",
    "symbol": "BTCUSDT",
    "exchange": "binance_usdm",
    "timestamp": "2024-05-01T00:00:01Z",
    "sequence": 10,
    "scenario_id": "scenario-276-passive_market_maker",
    "agent_id": "agent-passive_market_maker",
    "order_id": "scenario-276-passive_market_maker-agent-passive_market_maker-10",
    "action": "new",
    "side": "buy",
    "price": 65210.724,
    "quantity": 0.01,
    "remaining_quantity": 0.01
  },
  {
    "event_id": "feee5e751f2efb0525e8649126157bbe865eec0d44a3a893f6aabc6deaf85ced",
    "schema_version": "1.0.0",
    "event_type": "agent_order",
    "source": "synthetic_agent",
    "symbol": "BTCUSDT",
    "exchange": "binance_usdm",
    "timestamp": "2024-05-01T00:00:01.100000Z",
    "sequence": 11,
    "scenario_id": "scenario-276-passive_market_maker",
    "agent_id": "agent-passive_market_maker",
    "order_id": "scenario-276-passive_market_maker-agent-passive_market_maker-11",
    "action": "new",
    "side": "sell",
    "price": 65341.27599999999,
    "quantity": 0.01,
    "remaining_quantity": 0.01
  },
  {
    "event_id": "b1efec782697bb32791480b61dcaf2f08b4fa67c3389810218b453edd78409a6",
    "schema_version": "1.0.0",
    "event_type": "agent_order",
    "source": "synthetic_agent",
    "symbol": "BTCUSDT",
    "exchange": "binance_usdm",
    "timestamp": "2024-05-01T00:00:01.200000Z",
    "sequence": 12,
    "scenario_id": "scenario-276-passive_market_maker",
    "agent_id": "agent-passive_market_maker",
    "order_id": "scenario-276-passive_market_maker-agent-passive_market_maker-12",
    "action": "new",
    "side": "buy",
    "price": 65210.724,
    "quantity": 0.01,
    "remaining_quantity": 0.01
  },
  {
    "event_id": "1feb5b625e28ac9930e57a5e02116fd4268ea6f650e42472aa2bbbf18f50f387",
    "schema_version": "1.0.0",
    "event_type": "agent_order",
    "source": "synthetic_agent",
    "symbol": "BTCUSDT",
    "exchange": "binance_usdm",
    "timestamp": "2024-05-01T00:00:01.300000Z",
    "sequence": 13,
    "scenario_id": "scenario-276-passive_market_maker",
    "agent_id": "agent-passive_market_maker",
    "order_id": "scenario-276-passive_market_maker-agent-passive_market_maker-13",
    "action": "new",
    "side": "sell",
    "price": 65341.27599999999,
    "quantity": 0.01,
    "remaining_quantity": 0.01
  },
  {
    "event_id": "70e811de46339133c51b45e771d7b8c24463ed03d734f89ad634b3f1e5fe30a4",
    "schema_version": "1.0.0",
    "event_type": "agent_order",
    "source": "synthetic_agent",
    "symbol": "BTCUSDT",
    "exchange": "binance_usdm",
    "timestamp": "2024-05-01T00:00:01.400000Z",
    "sequence": 14,
    "scenario_id": "scenario-276-passive_market_maker",
    "agent_id": "agent-passive_market_maker",
    "order_id": "scenario-276-passive_market_maker-agent-passive_market_maker-14",
    "action": "new",
    "side": "buy",
    "price": 65210.724,
    "quantity": 0.01,
    "remaining_quantity": 0.01
  },
  {
    "event_id": "59d29643df2bfe7f18dedf43d79b2044eeaa3139764519a45bb6741e90548562",
    "schema_version": "1.0.0",
    "event_type": "agent_order",
    "source": "synthetic_agent",
    "symbol": "BTCUSDT",
    "exchange": "binance_usdm",
    "timestamp": "2024-05-01T00:00:01.500000Z",
    "sequence": 15,
    "scenario_id": "scenario-276-passive_market_maker",
    "agent_id": "agent-passive_market_maker",
    "order_id": "scenario-276-passive_market_maker-agent-passive_market_maker-15",
    "action": "new",
    "side": "sell",
    "price": 65341.27599999999,
    "quantity": 0.01,
    "remaining_quantity": 0.01
  },
  {
    "event_id": "632c4aecc6433dc58546f04ba90674ee026543a806812514e385fd029e9f4e70",
    "schema_version": "1.0.0",
    "event_type": "agent_order",
    "source": "synthetic_agent",
    "symbol": "BTCUSDT",
    "exchange": "binance_usdm",
    "timestamp": "2024-05-01T00:00:01.600000Z",
    "sequence": 16,
    "scenario_id": "scenario-276-passive_market_maker",
    "agent_id": "agent-passive_market_maker",
    "order_id": "scenario-276-passive_market_maker-agent-passive_market_maker-16",
    "action": "new",
    "side": "buy",
    "price": 65210.724,
    "quantity": 0.01,
    "remaining_quantity": 0.01
  },
  {
    "event_id": "df4aaf8435cccfdba9bc2adb7d06dabfacbebbe0b77267082199ebe64be8e903",
    "schema_version": "1.0.0",
    "event_type": "agent_order",
    "source": "synthetic_agent",
    "symbol": "BTCUSDT",
    "exchange": "binance_usdm",
    "timestamp": "2024-05-01T00:00:01.700000Z",
    "sequence": 17,
    "scenario_id": "scenario-276-passive_market_maker",
    "agent_id": "agent-passive_market_maker",
    "order_id": "scenario-276-passive_market_maker-agent-passive_market_maker-17",
    "action": "new",
    "side": "sell",
    "price": 65341.27599999999,
    "quantity": 0.01,
    "remaining_quantity": 0.01
  },
  {
    "event_id": "f63a7c240bb615a0ba6c375e42351e387dd56b830e72494d14f769924d29aceb",
    "schema_version": "1.0.0",
    "event_type": "agent_order",
    "source": "synthetic_agent",
    "symbol": "BTCUSDT",
    "exchange": "binance_usdm",
    "timestamp": "2024-05-01T00:00:01.800000Z",
    "sequence": 18,
    "scenario_id": "scenario-276-passive_market_maker",
    "agent_id": "agent-passive_market_maker",
    "order_id": "scenario-276-passive_market_maker-agent-passive_market_maker-18",
    "action": "new",
    "side": "buy",
    "price": 65210.724,
    "quantity": 0.01,
    "remaining_quantity": 0.01
  },
  {
    "event_id": "09de3febdffd61469fa331923a846e1927a58d7d8c9703df937e38d1c69138bf",
    "schema_version": "1.0.0",
    "event_type": "agent_order",
    "source": "synthetic_agent",
    "symbol": "BTCUSDT",
    "exchange": "binance_usdm",
    "timestamp": "2024-05-01T00:00:01.900000Z",
    "sequence": 19,
    "scenario_id": "scenario-276-passive_market_maker",
    "agent_id": "agent-passive_market_maker",
    "order_id": "scenario-276-passive_market_maker-agent-passive_market_maker-19",
    "action": "new",
    "side": "sell",
    "price": 65341.27599999999,
    "quantity": 0.01,
    "remaining_quantity": 0.01
  },
  {
    "event_id": "e3907c4314f9c68a2409fedff01caae0467afdb7be64eefe13a628eb863ccb2a",
    "schema_version": "1.0.0",
    "event_type": "agent_order",
    "source": "synthetic_agent",
    "symbol": "BTCUSDT",
    "exchange": "binance_usdm",
    "timestamp": "2024-05-01T00:00:02Z",
    "sequence": 20,
    "scenario_id": "scenario-276-passive_market_maker",
    "agent_id": "agent-passive_market_maker",
    "order_id": "scenario-276-passive_market_maker-agent-passive_market_maker-20",
    "action": "new",
    "side": "buy",
    "price": 65210.724,
    "quantity": 0.01,
    "remaining_quantity": 0.01
  },
  {
    "event_id": "df72125caa816a7ba662e46e0daaf7ae76d51c8766ad0b9157b8abef778f18da",
    "schema_version": "1.0.0",
    "event_type": "agent_order",
    "source": "synthetic_agent",
    "symbol": "BTCUSDT",
    "exchange": "binance_usdm",
    "timestamp": "2024-05-01T00:00:02.100000Z",
    "sequence": 21,
    "scenario_id": "scenario-276-passive_market_maker",
    "agent_id": "agent-passive_market_maker",
    "order_id": "scenario-276-passive_market_maker-agent-passive_market_maker-21",
    "action": "new",
    "side": "sell",
    "price": 65341.27599999999,
    "quantity": 0.01,
    "remaining_quantity": 0.01
  },
  {
    "event_id": "e31203037c56b853088e2e3b451ea1ecd14dd272dc552ec0fdc0e6fe6a9728ce",
    "schema_version": "1.0.0",
    "event_type": "agent_order",
    "source": "synthetic_agent",
    "symbol": "BTCUSDT",
    "exchange": "binance_usdm",
    "timestamp": "2024-05-01T00:00:02.200000Z",
    "sequence": 22,
    "scenario_id": "scenario-276-passive_market_maker",
    "agent_id": "agent-passive_market_maker",
    "order_id": "scenario-276-passive_market_maker-agent-passive_market_maker-22",
    "action": "new",
    "side": "buy",
    "price": 65210.724,
    "quantity": 0.01,
    "remaining_quantity": 0.01
  },
  {
    "event_id": "a925b7e68934e55dda4d28dda6a950c6bc9bab158bb403d037fa19f7848bdc90",
    "schema_version": "1.0.0",
    "event_type": "agent_order",
    "source": "synthetic_agent",
    "symbol": "BTCUSDT",
    "exchange": "binance_usdm",
    "timestamp": "2024-05-01T00:00:02.300000Z",
    "sequence": 23,
    "scenario_id": "scenario-276-passive_market_maker",
    "agent_id": "agent-passive_market_maker",
    "order_id": "scenario-276-passive_market_maker-agent-passive_market_maker-23",
    "action": "new",
    "side": "sell",
    "price": 65341.27599999999,
    "quantity": 0.01,
    "remaining_quantity": 0.01
  },
  {
    "event_id": "d4453400bdbfe39f2cfe5a33bba631b778bf18db668219ffb20a681009a88cb0",
    "schema_version": "1.0.0",
    "event_type": "agent_order",
    "source": "synthetic_agent",
    "symbol": "BTCUSDT",
    "exchange": "binance_usdm",
    "timestamp": "2024-05-01T00:00:02.400000Z",
    "sequence": 24,
    "scenario_id": "scenario-276-passive_market_maker",
    "agent_id": "agent-passive_market_maker",
    "order_id": "scenario-276-passive_market_maker-agent-passive_market_maker-24",
    "action": "new",
    "side": "buy",
    "price": 65210.724,
    "quantity": 0.01,
    "remaining_quantity": 0.01
  },
  {
    "event_id": "633d3047e7763b2fcdc7573fc011cdd0533971e825c37998e212b1505ca9d035",
    "schema_version": "1.0.0",
    "event_type": "agent_order",
    "source": "synthetic_agent",
    "symbol": "BTCUSDT",
    "exchange": "binance_usdm",
    "timestamp": "2024-05-01T00:00:02.500000Z",
    "sequence": 25,
    "scenario_id": "scenario-276-passive_market_maker",
    "agent_id": "agent-passive_market_maker",
    "order_id": "scenario-276-passive_market_maker-agent-passive_market_maker-25",
    "action": "new",
    "side": "sell",
    "price": 65341.27599999999,
    "quantity": 0.01,
    "remaining_quantity": 0.01
  },
  {
    "event_id": "c8b29c0bd249e2aff861a8719409b803ce782de2ad696a3d52e630d111813719",
    "schema_version": "1.0.0",
    "event_type": "agent_order",
    "source": "synthetic_agent",
    "symbol": "BTCUSDT",
    "exchange": "binance_usdm",
    "timestamp": "2024-05-01T00:00:02.600000Z",
    "sequence": 26,
    "scenario_id": "scenario-276-passive_market_maker",
    "agent_id": "agent-passive_market_maker",
    "order_id": "scenario-276-passive_market_maker-agent-passive_market_maker-26",
    "action": "new",
    "side": "buy",
    "price": 65210.724,
    "quantity": 0.01,
    "remaining_quantity": 0.01
  },
  {
    "event_id": "e69888b47a541fc0e73bde6bb67c7cb3e91e153e8be0e0b549e187b3d88e504d",
    "schema_version": "1.0.0",
    "event_type": "agent_order",
    "source": "synthetic_agent",
    "symbol": "BTCUSDT",
    "exchange": "binance_usdm",
    "timestamp": "2024-05-01T00:00:02.700000Z",
    "sequence": 27,
    "scenario_id": "scenario-276-passive_market_maker",
    "agent_id": "agent-passive_market_maker",
    "order_id": "scenario-276-passive_market_maker-agent-passive_market_maker-27",
    "action": "new",
    "side": "sell",
    "price": 65341.27599999999,
    "quantity": 0.01,
    "remaining_quantity": 0.01
  },
  {
    "event_id": "847f026bec475a6b0010b3fc80fae555321ba798fe92c4f90c6bb5e65d2a7f28",
    "schema_version": "1.0.0",
    "event_type": "agent_order",
    "source": "synthetic_agent",
    "symbol": "BTCUSDT",
    "exchange": "binance_usdm",
    "timestamp": "2024-05-01T00:00:02.800000Z",
    "sequence": 28,
    "scenario_id": "scenario-276-passive_market_maker",
    "agent_id": "agent-passive_market_maker",
    "order_id": "scenario-276-passive_market_maker-agent-passive_market_maker-28",
    "action": "new",
    "side": "buy",
    "price": 65210.724,
    "quantity": 0.01,
    "remaining_quantity": 0.01
  },
  {
    "event_id": "0dbbb4dede6bfb485be550addf8bba9b4ada019b33cf6a4e0d28267cccced706",
    "schema_version": "1.0.0",
    "event_type": "agent_order",
    "source": "synthetic_agent",
    "symbol": "BTCUSDT",
    "exchange": "binance_usdm",
    "timestamp": "2024-05-01T00:00:02.900000Z",
    "sequence": 29,
    "scenario_id": "scenario-276-passive_market_maker",
    "agent_id": "agent-passive_market_maker",
    "order_id": "scenario-276-passive_market_maker-agent-passive_market_maker-29",
    "action": "new",
    "side": "sell",
    "price": 65341.27599999999,
    "quantity": 0.01,
    "remaining_quantity": 0.01
  }
]