[
  {
    "event_id": "bf0efc9eb8efcd5e1fd9087609e36a801cea8431bedfb1c4750f5713f97f22ba",
    "schema_version": "1.0.0",
    "event_type": "agent_order",
    "source": "synthetic_agent",
    "symbol": "BTCUSDT",
    "exchange": "binance_usdm",
    "timestamp": "2024-05-01T00:00:00Z",
    "sequence": 0,
    "scenario_id": "scenario-141-stop_run_sweep",
    "agent_id": "agent-stop_run_sweep",
    "order_id": "scenario-141-stop_run_sweep-agent-stop_run_sweep-0",
    "action": "new",
    "side": "buy",
    "price": 65206.140999999996,
    "quantity": 0.06,
    "remaining_quantity": 0.06
  },
  {
    "event_id": "b6601a98ec4db8e18b82f4a80923735edbf31e724e6dbe6a5f59dc825b558f01",
    "schema_version": "1.0.0",
    "event_type": "agent_order",
    "source": "synthetic_agent",
    "symbol": "BTCUSDT",
    "exchange": "binance_usdm",
    "timestamp": "2024-05-01T00:00:00.030000Z",
    "sequence": 1,
    "scenario_id": "scenario-141-stop_run_sweep",
    "agent_id": "agent-stop_run_sweep",
    "order_id": "scenario-141-stop_run_sweep-agent-stop_run_sweep-1",
    "action": "new",
    "side": "buy",
    "price": 65209.398049999996,
    "quantity": 0.06,
    "remaining_quantity": 0.06
  },
  {
    "event_id": "87bb4ca95dde2b1613762e6785d1d366d5cda5950f759873bfeace45b1faae13",
    "schema_version": "1.0.0",
    "event_type": "agent_order",
    "source": "synthetic_agent",
    "symbol": "BTCUSDT",
    "exchange": "binance_usdm",
    "timestamp": "2024-05-01T00:00:00.060000Z",
    "sequence": 2,
    "scenario_id": "scenario-141-stop_run_sweep",
    "agent_id": "agent-stop_run_sweep",
    "order_id": "scenario-141-stop_run_sweep-agent-stop_run_sweep-2",
    "action": "new",
    "side": "buy",
    "price": 65212.65509999999,
    "quantity": 0.06,
    "remaining_quantity": 0.06
  },
  {
    "event_id": "065935a385a589a701b3162baf8cf94002434f06ca15f39a7648bd0f33574d39",
    "schema_version": "1.0.0",
    "event_type": "agent_order",
    "source": "synthetic_agent",
    "symbol": "BTCUSDT",
    "exchange": "binance_usdm",
    "timestamp": "2024-05-01T00:00:00.090000Z",
    "sequence": 3,
    "scenario_id": "scenario-141-stop_run_sweep",
    "agent_id": "agent-stop_run_sweep",
    "order_id": "scenario-141-stop_run_sweep-agent-stop_run_sweep-3",
    "action": "new",
    "side": "buy",
    "price": 65215.91215,
    "quantity": 0.06,
    "remaining_quantity": 0.06
  },
  {
    "event_id": "ed8bfed2868922c6f25ae91c76f80396042eecd3e584be31bfadea96e3872807",
    "schema_version": "1.0.0",
    "event_type": "agent_order",
    "source": "synthetic_agent",
    "symbol": "BTCUSDT",
    "exchange": "binance_usdm",
    "timestamp": "2024-05-01T00:00:00.120000Z",
    "sequence": 4,
    "scenario_id": "scenario-141-stop_run_sweep",
    "agent_id": "agent-stop_run_sweep",
    "order_id": "scenario-141-stop_run_sweep-agent-stop_run_sweep-4",
    "action": "new",
    "side": "buy",
    "price": 65219.16919999999,
    "quantity": 0.06,
    "remaining_quantity": 0.06
  },
  {
    "event_id": "20b83933dbcad4a974fd4e8756e49f6637487a867758bdb0a15056659f6bb70e",
    "schema_version": "1.0.0",
    "event_type": "agent_order",
    "source": "synthetic_agent",
    "symbol": "BTCUSDT",
    "exchange": "binance_usdm",
    "timestamp": "2024-05-01T00:00:00.150000Z",
    "sequence": 5,
    "scenario_id": "scenario-141-stop_run_sweep",
    "agent_id": "agent-stop_run_sweep",
    "order_id": "scenario-141-stop_run_sweep-agent-stop_run_sweep-5",
    "action": "new",
    "side": "buy",
    "price": 65222.42625,
    "quantity": 0.06,
    "remaining_quantity": 0.06
  },
  {
    "event_id": "fd3f631780f90c5a082524c5994dbb86c8afa8e07f4b57ae76050be0f6da0855",
    "schema_version": "1.0.0",
    "event_type": "agent_order",
    "source": "synthetic_agent",
    "symbol": "BTCUSDT",
    "exchange": "binance_usdm",
    "timestamp": "2024-05-01T00:00:00.180000Z",
    "sequence": 6,
    "scenario_id": "scenario-141-stop_run_sweep",
    "agent_id": "agent-stop_run_sweep",
    "order_id": "scenario-141-stop_run_sweep-agent-stop_run_sweep-6",
    "action": "new",
    "side": "buy",
    "price": 65225.68329999999,
    "quantity": 0.06,
    "remaining_quantity": 0.06
  },
  {
    "event_id": "270a8a131519d0bcad2bb4ecfa7970bb0daed2f5f0cfdcecddb9ed5bc7a8473f",
    "schema_version": "1.0.0",
    "event_type": "agent_order",
    "source": "synthetic_agent",
    "symbol": "BTCUSDT",
    "exchange": "binance_usdm",
    "timestamp": "2024-05-01T00:00:00.210000Z",
    "sequence": 7,
    "scenario_id": "scenario-141-stop_run_sweep",
    "agent_id": "agent-stop_run_sweep",
    "order_id": "scenario-141-stop_run_sweep-agent-stop_run_sweep-7",
    "action": "new",
    "side": "buy",
    "price": 65228.94035,
    "quantity": 0.06,
    "remaining_quantity": 0.06
  },
  {
    "event_id": "9ebdd86c828ac9072623fbfe3ba0e8ae6a9bd60501dfd24ccc52f71eb509b07b",
    "schema_version": "1.0.0",
    "event_type": "agent_order",
    "source": "synthetic_agent",
    "symbol": "BTCUSDT",
    "exchange": "binance_usdm",
    "timestamp": "2024-05-01T00:00:00.240000Z",
    "sequence": 8,
    "scenario_id": "scenario-141-stop_run_sweep",
    "agent_id": "agent-stop_run_sweep",
    "order_id": "scenario-141-stop_run_sweep-agent-stop_run_sweep-8",
    "action": "new",
    "side": "buy",
    "price": 65232.19739999999,
    "quantity": 0.06,
    "remaining_quantity": 0.06
  },
  {
    "event_id": "ac7e8b35188f1b0d71cfe518488d9b07ce1406d22f5d776de50d85ec29c9320b",
    "schema_version": "1.0.0",
    "event_type": "agent_order",
    "source": "synthetic_agent",
    "symbol": "BTCUSDT",
    "exchange": "binance_usdm",
    "timestamp": "2024-05-01T00:00:00.270000Z",
    "sequence": 9,
    "scenario_id": "scenario-141-stop_run_sweep",
    "agent_id": "agent-stop_run_sweep",
    "order_id": "scenario-141-stop_run_sweep-agent-stop_run_sweep-9",
    "action": "new",
    "side": "buy",
    "price": 65235.45445,
    "quantity": 0.06,
    "remaining_quantity": 0.06
  },
  {
    "event_id": "bfacd6ae645c9b023d058a51a1d1b9e0100bf504cf03f4bac1dcdc5867588924",
    "schema_version": "1.0.0",
    "event_type": "agent_order",
    "source": "synthetic_agent",
    "symbol": "BTCUSDT",
    "exchange": "binance_usdm",
    "timestamp": "2024-05-01T00:00:00.300000Z",
    "sequence": 10,
    "scenario_id": "scenario-141-stop_run_sweep",
    "agent_id": "agent-stop_run_sweep",
    "order_id": "scenario-141-stop_run_sweep-agent-stop_run_sweep-10",
    "action": "new",
    "side": "buy",
    "price": 65238.71149999999,
    "quantity": 0.06,
    "remaining_quantity": 0.06
  },
  {
    "event_id": "ad329ece4448becf71bec802bb09fa82367aae9ebcae5c379a782cb2d52c2305",
    "schema_version": "1.0.0",
    "event_type": "agent_order",
    "source": "synthetic_agent",
    "symbol": "BTCUSDT",
    "exchange": "binance_usdm",
    "timestamp": "2024-05-01T00:00:00.330000Z",
    "sequence": 11,
    "scenario_id": "scenario-141-stop_run_sweep",
    "agent_id": "agent-stop_run_sweep",
    "order_id": "scenario-141-stop_run_sweep-agent-stop_run_sweep-11",
    "action": "new",
    "side": "buy",
    "price": 65241.96855,
    "quantity": 0.06,
    "remaining_quantity": 0.06
  },
  {
    "event_id": "b02d06b5dc9eb4c9877dc1abfa27b35cbf65f1ced63826ca1fa7c10b8106ef11",
    "schema_version": "1.0.0",
    "event_type": "agent_order",
    "source": "synthetic_agent",
    "symbol": "BTCUSDT",
    "exchange": "binance_usdm",
    "timestamp": "2024-05-01T00:00:00.360000Z",
    "sequence": 12,
    "scenario_id": "scenario-141-stop_run_sweep",
    "agent_id": "agent-stop_run_sweep",
    "order_id": "scenario-141-stop_run_sweep-agent-stop_run_sweep-12",
    "action": "new",
    "side": "buy",
    "price": 65245.22559999999,
    "quantity": 0.06,
    "remaining_quantity": 0.06
  },
  {
    "event_id": "c5e27a8edc9dfa50c3487f5d55476d3debcaafca503b5b13c4994f6476f794ca",
    "schema_version": "1.0.0",
    "event_type": "agent_order",
    "source": "synthetic_agent",
    "symbol": "BTCUSDT",
    "exchange": "binance_usdm",
    "timestamp": "2024-05-01T00:00:00.390000Z",
    "sequence": 13,
    "scenario_id": "scenario-141-stop_run_sweep",
    "agent_id": "agent-stop_run_sweep",
    "order_id": "scenario-141-stop_run_sweep-agent-stop_run_sweep-13",
    "action": "new",
    "side": "buy",
    "price": 65248.48265,
    "quantity": 0.06,
    "remaining_quantity": 0.06
  },
  {
    "event_id": "e4e46be0c0ee6cf3fd4ff69fa41d10c2420b01587cbf0a9875f97312dc61756e",
    "schema_version": "1.0.0",
    "event_type": "agent_order",
    "source": "synthetic_agent",
    "symbol": "BTCUSDT",
    "exchange": "binance_usdm",
    "timestamp": "2024-05-01T00:00:00.420000Z",
    "sequence": 14,
    "scenario_id": "scenario-141-stop_run_sweep",
    "agent_id": "agent-stop_run_sweep",
    "order_id": "scenario-141-stop_run_sweep-agent-stop_run_sweep-14",
    "action": "new",
    "side": "buy",
    "price": 65251.73969999999,
    "quantity": 0.06,
    "remaining_quantity": 0.06
  },
  {
    "event_id": "0b6c07aa8156253d1a2e82814cab0a4704997a0e0e3c9b58f6b5d04537f50991",
    "schema_version": "1.0.0",
    "event_type": "agent_order",
    "source": "synthetic_agent",
    "symbol": "BTCUSDT",
    "exchange": "binance_usdm",
    "timestamp": "2024-05-01T00:00:00.450000Z",
    "sequence": 15,
    "scenario_id": "scenario-141-stop_run_sweep",
    "agent_id": "agent-stop_run_sweep",
    "order_id": "scenario-141-stop_run_sweep-agent-stop_run_sweep-15",
    "action": "new",
    "side": "buy",
    "price": 65254.99674999999,
    "quantity": 0.06,
    "remaining_quantity": 0.06
  },
  {
    "event_id": "53deba33e0e03a886d836f892e2479f695f3cf1847c0d911403fb5149eb5fe66",
    "schema_version": "1.0.0",
    "event_type": "agent_order",
    "source": "synthetic_agent",
    "symbol": "BTCUSDT",
    "exchange": "binance_usdm",
    "timestamp": "2024-05-01T00:00:00.480000Z",
    "sequence": 16,
    "scenario_id": "scenario-141-stop_run_sweep",
    "agent_id": "agent-stop_run_sweep",
    "order_id": "scenario-141-stop_run_sweep-agent-stop_run_sweep-16",
    "action": "new",
    "side": "buy",
    "price": 65258.253799999984,
    "quantity": 0.06,
    "remaining_quantity": 0.06
  },
  {
    "event_id": "f1879a899b38f5aaf4712a5ceb6978d31c5b05d117f5d3dccce993f0d9a6ae5c",
    "schema_version": "1.0.0",
    "event_type": "agent_order",
    "source": "synthetic_agent",
    "symbol": "BTCUSDT",
    "exchange": "binance_usdm",
    "timestamp": "2024-05-01T00:00:00.510000Z",
    "sequence": 17,
    "scenario_id": "scenario-141-stop_run_sweep",
    "agent_id": "agent-stop_run_sweep",
    "order_id": "scenario-141-stop_run_sweep-agent-stop_run_sweep-17",
    "action": "new",
    "side": "buy",
    "price": 65261.51084999999,
    "quantity": 0.06,
    "remaining_quantity": 0.06
  },
  {
    "event_id": "0b4768915d880ba74511513a85cab934672e0f81bd66d02cadaa118ed0e7b857",
    "schema_version": "1.0.0",
    "event_type": "agent_order",
    "source": "synthetic_agent",
    "symbol": "BTCUSDT",
    "exchange": "binance_usdm",
    "timestamp": "2024-05-01T00:00:00.540000Z",
    "sequence": 18,
    "scenario_id": "scenario-141-stop_run_sweep",
    "agent_id": "agent-stop_run_sweep",
    "order_id": "scenario-141-stop_run_sweep-agent-stop_run_sweep-18",
    "action": "new",
    "side": "buy",
    "price": 65264.767899999984,
    "quantity": 0.06,
    "remaining_quantity": 0.06
  },
  {
    "event_id": "0745f22a0ca0fa331c5b0809962db350033d309da632198d52fc5cebe2bddf64",
    "schema_version": "1.0.0",
    "event_type": "agent_order",
    "source": "synthetic_agent",
    "symbol": "BTCUSDT",
    "exchange": "binance_usdm",
    "timestamp": "2024-05-01T00:00:00.570000Z",
    "sequence": 19,
    "scenario_id": "scenario-141-stop_run_sweep",
    "agent_id": "agent-stop_run_sweep",
    "order_id": "scenario-141-stop_run_sweep-agent-stop_run_sweep-19",
    "action": "new",
    "side": "buy",
    "price": 65268.02494999999,
    "quantity": 0.06,
    "remaining_quantity": 0.06
  },
  {
    "event_id": "550e267a4cf6b08992360162944664d30f35f147e57785b9d4176b8c4d4bc30c",
    "schema_version": "1.0.0",
    "event_type": "agent_order",
    "source": "synthetic_agent",
    "symbol": "BTCUSDT",
    "exchange": "binance_usdm",
    "timestamp": "2024-05-01T00:00:00.600000Z",
    "sequence": 20,
    "scenario_id": "scenario-141-stop_run_sweep",
    "agent_id": "agent-stop_run_sweep",
    "order_id": "scenario-141-stop_run_sweep-agent-stop_run_sweep-20",
    "action": "new",
    "side": "buy",
    "price": 65271.281999999985,
    "quantity": 0.06,
    "remaining_quantity": 0.06
  },
  {
    "event_id": "4576ae292dffbfdbba0e1c2f5c58d29e326e8b4c73501b6aebc0e422b465820f",
    "schema_version": "1.0.0",
    "event_type": "agent_order",
    "source": "synthetic_agent",
    "symbol": "BTCUSDT",
    "exchange": "binance_usdm",
    "timestamp": "2024-05-01T00:00:00.630000Z",
    "sequence": 21,
    "scenario_id": "scenario-141-stop_run_sweep",
    "agent_id": "agent-stop_run_sweep",
    "order_id": "scenario-141-stop_run_sweep-agent-stop_run_sweep-21",
    "action": "new",
    "side": "buy",
    "price": 65274.53904999999,
    "quantity": 0.06,
    "remaining_quantity": 0.06
  },
  {
    "event_id": "e14aa0a5e491f098dbaef9997a4e7b4c787c2c2425a783029bdc1389301c402b",
    "schema_version": "1.0.0",
    "event_type": "agent_order",
    "source": "synthetic_agent",
    "symbol": "BTCUSDT",
    "exchange": "binance_usdm",
    "timestamp": "2024-05-01T00:00:00.660000Z",
    "sequence": 22,
    "scenario_id": "scenario-141-stop_run_sweep",
    "agent_id": "agent-stop_run_sweep",
    "order_id": "scenario-141-stop_run_sweep-agent-stop_run_sweep-22",
    "action": "new",
    "side": "buy",
    "price": 65277.7961,
    "quantity": 0.06,
    "remaining_quantity": 0.06
  },
  {
    "event_id": "81351bd5c9a67833828d429b03e407638ebb523e8d301380ba8e8ebae2c6e0e5",
    "schema_version": "1.0.0",
    "event_type": "agent_order",
    "source": "synthetic_agent",
    "symbol": "BTCUSDT",
    "exchange": "binance_usdm",
    "timestamp": "2024-05-01T00:00:00.690000Z",
    "sequence": 23,
    "scenario_id": "scenario-141-stop_run_sweep",
    "agent_id": "agent-stop_run_sweep",
    "order_id": "scenario-141-stop_run_sweep-agent-stop_run_sweep-23",
    "action": "new",
    "side": "buy",
    "price": 65281.05314999999,
    "quantity": 0.06,
    "remaining_quantity": 0.06
  },
  {
    "event_id": "0a268468d0a9a0bfaa2184e6e10795a5ddc5c3f5200eb2999c04fe5f3951a074",
    "schema_version": "1.0.0",
    "event_type": "agent_order",
    "source": "synthetic_agent",
    "symbol": "BTCUSDT",
    "exchange": "binance_usdm",
    "timestamp": "2024-05-01T00:00:00.720000Z",
    "sequence": 24,
    "scenario_id": "scenario-141-stop_run_sweep",
    "agent_id": "agent-stop_run_sweep",
    "order_id": "scenario-141-stop_run_sweep-agent-stop_run_sweep-24",
    "action": "new",
    "side": "buy",
    "price": 65284.3102,
    "quantity": 0.06,
    "remaining_quantity": 0.06
  },
  {
    "event_id": "e3d79557d951142776e60dfdad7aabc292622a219ff687e5e8944a180b149653",
    "schema_version": "1.0.0",
    "event_type": "agent_order",
    "source": "synthetic_agent",
    "symbol": "BTCUSDT",
    "exchange": "binance_usdm",
    "timestamp": "2024-05-01T00:00:00.750000Z",
    "sequence": 25,
    "scenario_id": "scenario-141-stop_run_sweep",
    "agent_id": "agent-stop_run_sweep",
    "order_id": "scenario-141-stop_run_sweep-agent-stop_run_sweep-25",
    "action": "new",
    "side": "buy",
    "price": 65287.56724999999,
    "quantity": 0.06,
    "remaining_quantity": 0.06
  },
  {
    "event_id": "f0ac7279890c64ff327283bc1286f2ea50a465d6c186dc0bd5eba781eea9572b",
    "schema_version": "1.0.0",
    "event_type": "agent_order",
    "source": "synthetic_agent",
    "symbol": "BTCUSDT",
    "exchange": "binance_usdm",
    "timestamp": "2024-05-01T00:00:00.780000Z",
    "sequence": 26,
    "scenario_id": "scenario-141-stop_run_sweep",
    "agent_id": "agent-stop_run_sweep",
    "order_id": "scenario-141-stop_run_sweep-agent-stop_run_sweep-26",
    "action": "new",
    "side": "buy",
    "price": 65290.8243,
    "quantity": 0.06,
    "remaining_quantity": 0.06
  },
  {
    "event_id": "c7adb29d40e9977b54cbc6a3894d10df5777ac7c2a01ff3e573618fbbbf66ff0",
    "schema_version": "1.0.0",
    "event_type": "agent_order",
    "source": "synthetic_agent",
    "symbol": "BTCUSDT",
    "exchange": "binance_usdm",
    "timestamp": "2024-05-01T00:00:00.810000Z",
    "sequence": 27,
    "scenario_id": "scenario-141-stop_run_sweep",
    "agent_id": "agent-stop_run_sweep",
    "order_id": "scenario-141-stop_run_sweep-agent-stop_run_sweep-27",
    "action": "new",
    "side": "buy",
    "price": 65294.08134999999,
    "quantity": 0.06,
    "remaining_quantity": 0.06
  },
  {
    "event_id": "d7615beb10b5061cbdb66c213cb79e85055994825b43985f1a67ec7c119cfeaa",
    "schema_version": "1.0.0",
    "event_type": "agent_order",
    "source": "synthetic_agent",
    "symbol": "BTCUSDT",
    "exchange": "binance_usdm",
    "timestamp": "2024-05-01T00:00:00.840000Z",
    "sequence": 28,
    "scenario_id": "scenario-141-stop_run_sweep",
    "agent_id": "agent-stop_run_sweep",
    "order_id": "scenario-141-stop_run_sweep-agent-stop_run_sweep-28",
    "action": "new",
    "side": "buy",
    "price": 65297.3384,
    "quantity": 0.06,
    "remaining_quantity": 0.06
  },
  {
    "event_id": "cdb42b79c81cb918da5a2c40cd1f2480a1beec4e2ab3d386edead1d710473587",
    "schema_version": "1.0.0",
    "event_type": "agent_order",
    "source": "synthetic_agent",
    "symbol": "BTCUSDT",
    "exchange": "binance_usdm",
    "timestamp": "2024-05-01T00:00:00.870000Z",
    "sequence": 29,
    "scenario_id": "scenario-141-stop_run_sweep",
    "agent_id": "agent-stop_run_sweep",
    "order_id": "scenario-141-stop_run_sweep-agent-stop_run_sweep-29",
    "action": "new",
    "side": "buy",
    "price": 65300.595449999986,
    "quantity": 0.06,
    "remaining_quantity": 0.06
  }
]