[
  {
    "event_id": "d3fb6d2158da7d31f15f0ec0e6c549c68e88133e6aa6f05dac0bd6bddfe9fee4",
    "schema_version": "1.0.0",
    "event_type": "agent_order",
    "source": "synthetic_agent",
    "symbol": "BTCUSDT",
    "exchange": "binance_usdm",
    "timestamp": "2024-05-01T00:00:00Z",
    "sequence": 0,
    "scenario_id": "scenario-249-stop_run_sweep",
    "agent_id": "agent-stop_run_sweep",
    "order_id": "scenario-249-stop_run_sweep-agent-stop_run_sweep-0",
    "action": "new",
    "side": "buy",
    "price": 65314.248999999996,
    "quantity": 0.06,
    "remaining_quantity": 0.06
  },
  {
    "event_id": "9e01c835d1898b363dac572612bdd6963176424899814ae6d12c6ed5e2aa8ce3",
    "schema_version": "1.0.0",
    "event_type": "agent_order",
    "source": "synthetic_agent",
    "symbol": "BTCUSDT",
    "exchange": "binance_usdm",
    "timestamp": "2024-05-01T00:00:00.030000Z",
    "sequence": 1,
    "scenario_id": "scenario-249-stop_run_sweep",
    "agent_id": "agent-stop_run_sweep",
    "order_id": "scenario-249-stop_run_sweep-agent-stop_run_sweep-1",
    "action": "new",
    "side": "buy",
    "price": 65317.51145,
    "quantity": 0.06,
    "remaining_quantity": 0.06
  },
  {
    "event_id": "edb31ad855eebf4d7161c1829cbfbebc424022087c38d359875a79302f6e3113",
    "schema_version": "1.0.0",
    "event_type": "agent_order",
    "source": "synthetic_agent",
    "symbol": "BTCUSDT",
    "exchange": "binance_usdm",
    "timestamp": "2024-05-01T00:00:00.060000Z",
    "sequence": 2,
    "scenario_id": "scenario-249-stop_run_sweep",
    "agent_id": "agent-stop_run_sweep",
    "order_id": "scenario-249-stop_run_sweep-agent-stop_run_sweep-2",
    "action": "new",
    "side": "buy",
    "price": 65320.77389999999,
    "quantity": 0.06,
    "remaining_quantity": 0.06
  },
  {
    "event_id": "ef7c9ce0fbb5111ea7a7a464b12f417ec96120691a5a4f5cfcd14277500b6807",
    "schema_version": "1.0.0",
    "event_type": "agent_order",
    "source": "synthetic_agent",
    "symbol": "BTCUSDT",
    "exchange": "binance_usdm",
    "timestamp": "2024-05-01T00:00:00.090000Z",
    "sequence": 3,
    "scenario_id": "scenario-249-stop_run_sweep",
    "agent_id": "agent-stop_run_sweep",
    "order_id": "scenario-249-stop_run_sweep-agent-stop_run_sweep-3",
    "action": "new",
    "side": "buy",
    "price": 65324.03635,
    "quantity": 0.06,
    "remaining_quantity": 0.06
  },
  {
    "event_id": "6411a379994747aace28d51c5fa1eb7a636ec8de8fd2743e08fc38b0ab31de0e",
    "schema_version": "1.0.0",
    "event_type": "agent_order",
    "source": "synthetic_agent",
    "symbol": "BTCUSDT",
    "exchange": "binance_usdm",
    "timestamp": "2024-05-01T00:00:00.120000Z",
    "sequence": 4,
    "scenario_id": "scenario-249-stop_run_sweep",
    "agent_id": "agent-stop_run_sweep",
    "order_id": "scenario-249-stop_run_sweep-agent-stop_run_sweep-4",
    "action": "new",
    "side": "buy",
    "price": 65327.29879999999,
    "quantity": 0.06,
    "remaining_quantity": 0.06
  },
  {
    "event_id": "b75993633753b86150fa514837363cfcffc845c2ac2bad48bef0bc852654c752",
    "schema_version": "1.0.0",
    "event_type": "agent_order",
    "source": "synthetic_agent",
    "symbol": "BTCUSDT",
    "exchange": "binance_usdm",
    "timestamp": "2024-05-01T00:00:00.150000Z",
    "sequence": 5,
    "scenario_id": "scenario-249-stop_run_sweep",
    "agent_id": "agent-stop_run_sweep",
    "order_id": "scenario-249-stop_run_sweep-agent-stop_run_sweep-5",
    "action": "new",
    "side": "buy",
    "price": 65330.56125,
    "quantity": 0.06,
    "remaining_quantity": 0.06
  },
  {
    "event_id": "3f50fd57c87184429ba607436365aec1a48952eaaffa9d020287064bd9d781b9",
    "schema_version": "1.0.0",
    "event_type": "agent_order",
    "source": "synthetic_agent",
    "symbol": "BTCUSDT",
    "exchange": "binance_usdm",
    "timestamp": "2024-05-01T00:00:00.180000Z",
    "sequence": 6,
    "scenario_id": "scenario-249-stop_run_sweep",
    "agent_id": "agent-stop_run_sweep",
    "order_id": "scenario-249-stop_run_sweep-agent-stop_run_sweep-6",
    "action": "new",
    "side": "buy",
    "price": 65333.82369999999,
    "quantity": 0.06,
    "remaining_quantity": 0.06
  },
  {
    "event_id": "9af69b23948e6f1b2b0f527ecb6e5660d24b9acd02b214f26369121ce0f2bff1",
    "schema_version": "1.0.0",
    "event_type": "agent_order",
    "source": "synthetic_agent",
    "symbol": "BTCUSDT",
    "exchange": "binance_usdm",
    "timestamp": "2024-05-01T00:00:00.210000Z",
    "sequence": 7,
    "scenario_id": "scenario-249-stop_run_sweep",
    "agent_id": "agent-stop_run_sweep",
    "order_id": "scenario-249-stop_run_sweep-agent-stop_run_sweep-7",
    "action": "new",
    "side": "buy",
    "price": 65337.086149999996,
    "quantity": 0.06,
    "remaining_quantity": 0.06
  },
  {
    "event_id": "8975bde4b0e29b9c00058d71dcdf47ca37c8d32a45f3c6cc40d6f2dfd9ce7c30",
    "schema_version": "1.0.0",
    "event_type": "agent_order",
    "source": "synthetic_agent",
    "symbol": "BTCUSDT",
    "exchange": "binance_usdm",
    "timestamp": "2024-05-01T00:00:00.240000Z",
    "sequence": 8,
    "scenario_id": "scenario-249-stop_run_sweep",
    "agent_id": "agent-stop_run_sweep",
    "order_id": "scenario-249-stop_run_sweep-agent-stop_run_sweep-8",
    "action": "new",
    "side": "buy",
    "price": 65340.34859999999,
    "quantity": 0.06,
    "remaining_quantity": 0.06
  },
  {
    "event_id": "fc06e2ea0bdb5c231aeb0d5eeb08a9f944a07a2b9b77a3ff81da8a0afe752c76",
    "schema_version": "1.0.0",
    "event_type": "agent_order",
    "source": "synthetic_agent",
    "symbol": "BTCUSDT",
    "exchange": "binance_usdm",
    "timestamp": "2024-05-01T00:00:00.270000Z",
    "sequence": 9,
    "scenario_id": "scenario-249-stop_run_sweep",
    "agent_id": "agent-stop_run_sweep",
    "order_id": "scenario-249-stop_run_sweep-agent-stop_run_sweep-9",
    "action": "new",
    "side": "buy",
    "price": 65343.61105,
    "quantity": 0.06,
    "remaining_quantity": 0.06
  },
  {
    "event_id": "cb435f5783b765022bd3e06a31ac0d015d47b3cd55ffb147ee70e3f93710ada4",
    "schema_version": "1.0.0",
    "event_type": "agent_order",
    "source": "synthetic_agent",
    "symbol": "BTCUSDT",
    "exchange": "binance_usdm",
    "timestamp": "2024-05-01T00:00:00.300000Z",
    "sequence": 10,
    "scenario_id": "scenario-249-stop_run_sweep",
    "agent_id": "agent-stop_run_sweep",
    "order_id": "scenario-249-stop_run_sweep-agent-stop_run_sweep-10",
    "action": "new",
    "side": "buy",
    "price": 65346.87349999999,
    "quantity": 0.06,
    "remaining_quantity": 0.06
  },
  {
    "event_id": "d8256a9abe44d8163b49f537d7742efa44f5824543b69e0f651225f413b58b10",
    "schema_version": "1.0.0",
    "event_type": "agent_order",
    "source": "synthetic_agent",
    "symbol": "BTCUSDT",
    "exchange": "binance_usdm",
    "timestamp": "2024-05-01T00:00:00.330000Z",
    "sequence": 11,
    "scenario_id": "scenario-249-stop_run_sweep",
    "agent_id": "agent-stop_run_sweep",
    "order_id": "scenario-249-stop_run_sweep-agent-stop_run_sweep-11",
    "action": "new",
    "side": "buy",
    "price": 65350.135949999996,
    "quantity": 0.06,
    "remaining_quantity": 0.06
  },
  {
    "event_id": "980da099fa510957993e9629e9c6e353f872aeb05ec3ee1bf487409c5905bf40",
    "schema_version": "1.0.0",
    "event_type": "agent_order",
    "source": "synthetic_agent",
    "symbol": "BTCUSDT",
    "exchange": "binance_usdm",
    "timestamp": "2024-05-01T00:00:00.360000Z",
    "sequence": 12,
    "scenario_id": "scenario-249-stop_run_sweep",
    "agent_id": "agent-stop_run_sweep",
    "order_id": "scenario-249-stop_run_sweep-agent-stop_run_sweep-12",
    "action": "new",
    "side": "buy",
    "price": 65353.39839999999,
    "quantity": 0.06,
    "remaining_quantity": 0.06
  },
  {
    "event_id": "fcfe37eba66b2a282325aa06137b806f07e4c5fa7b9e48c6ece2359c399c8403",
    "schema_version": "1.0.0",
    "event_type": "agent_order",
    "source": "synthetic_agent",
    "symbol": "BTCUSDT",
    "exchange": "binance_usdm",
    "timestamp": "2024-05-01T00:00:00.390000Z",
    "sequence": 13,
    "scenario_id": "scenario-249-stop_run_sweep",
    "agent_id": "agent-stop_run_sweep",
    "order_id": "scenario-249-stop_run_sweep-agent-stop_run_sweep-13",
    "action": "new",
    "side": "buy",
    "price": 65356.66084999999,
    "quantity": 0.06,
    "remaining_quantity": 0.06
  },
  {
    "event_id": "0ea41017e86d9d687d3675898b0e270fd714cff0ec60279999b19ddff0dfd031",
    "schema_version": "1.0.0",
    "event_type": "agent_order",
    "source": "synthetic_agent",
    "symbol": "BTCUSDT",
    "exchange": "binance_usdm",
    "timestamp": "2024-05-01T00:00:00.420000Z",
    "sequence": 14,
    "scenario_id": "scenario-249-stop_run_sweep",
    "agent_id": "agent-stop_run_sweep",
    "order_id": "scenario-249-stop_run_sweep-agent-stop_run_sweep-14",
    "action": "new",
    "side": "buy",
    "price": 65359.92329999999,
    "quantity": 0.06,
    "remaining_quantity": 0.06
  },
  {
    "event_id": "cf5e061085f8f25548dc8d12023a3d4e5e5e0603d8e1895160ba7a3abdacaea2",
    "schema_version": "1.0.0",
    "event_type": "agent_order",
    "source": "synthetic_agent",
    "symbol": "BTCUSDT",
    "exchange": "binance_usdm",
    "timestamp": "2024-05-01T00:00:00.450000Z",
    "sequence": 15,
    "scenario_id": "scenario-249-stop_run_sweep",
    "agent_id": "agent-stop_run_sweep",
    "order_id": "scenario-249-stop_run_sweep-agent-stop_run_sweep-15",
    "action": "new",
    "side": "buy",
    "price": 65363.18575,
    "quantity": 0.06,
    "remaining_quantity": 0.06
  },
  {
    "event_id": "6a2ea1a6256051d5069415d4cc828395be16533bea780c429b64371b6d278401",
    "schema_version": "1.0.0",
    "event_type": "agent_order",
    "source": "synthetic_agent",
    "symbol": "BTCUSDT",
    "exchange": "binance_usdm",
    "timestamp": "2024-05-01T00:00:00.480000Z",
    "sequence": 16,
    "scenario_id": "scenario-249-stop_run_sweep",
    "agent_id": "agent-stop_run_sweep",
    "order_id": "scenario-249-stop_run_sweep-agent-stop_run_sweep-16",
    "action": "new",
    "side": "buy",
    "price": 65366.448199999984,
    "quantity": 0.06,
    "remaining_quantity": 0.06
  },
  {
    "event_id": "a316d11a9eb1c0e98af3d7ade4c1ff787e02a36aa9b6b1fbe7b455c864199503",
    "schema_version": "1.0.0",
    "event_type": "agent_order",
    "source": "synthetic_agent",
    "symbol": "BTCUSDT",
    "exchange": "binance_usdm",
    "timestamp": "2024-05-01T00:00:00.510000Z",
    "sequence": 17,
    "scenario_id": "scenario-249-stop_run_sweep",
    "agent_id": "agent-stop_run_sweep",
    "order_id": "scenario-249-stop_run_sweep-agent-stop_run_sweep-17",
    "action": "new",
    "side": "buy",
    "price": 65369.71064999999,
    "quantity": 0.06,
    "remaining_quantity": 0.06
  },
  {
    "event_id": "091ecaeb02235ef7af4cc05a107207309246e7a6deecb1fc9cc757cebb48c160",
    "schema_version": "1.0.0",
    "event_type": "agent_order",
    "source": "synthetic_agent",
    "symbol": "BTCUSDT",
    "exchange": "binance_usdm",
    "timestamp": "2024-05-01T00:00:00.540000Z",
    "sequence": 18,
    "scenario_id": "scenario-249-stop_run_sweep",
    "agent_id": "agent-stop_run_sweep",
    "order_id": "scenario-249-stop_run_sweep-agent-stop_run_sweep-18",
    "action": "new",
    "side": "buy",
    "price": 65372.97309999999,
    "quantity": 0.06,
    "remaining_quantity": 0.06
  },
  {
    "event_id": "323efe3c9022564ec4823357288aa01125f8fab1060dbcdeee7f8ec535707c0f",
    "schema_version": "1.0.0",
    "event_type": "agent_order",
    "source": "synthetic_agent",
    "symbol": "BTCUSDT",
    "exchange": "binance_usdm",
    "timestamp": "2024-05-01T00:00:00.570000Z",
    "sequence": 19,
    "scenario_id": "scenario-249-stop_run_sweep",
    "agent_id": "agent-stop_run_sweep",
    "order_id": "scenario-249-stop_run_sweep-agent-stop_run_sweep-19",
    "action": "new",
    "side": "buy",
    "price": 65376.23554999999,
    "quantity": 0.06,
    "remaining_quantity": 0.06
  },
  {
    "event_id": "3ffbc14a6851c6205f197f89b5b7e3d23717bcd1e0443103870533a2be12ac36",
    "schema_version": "1.0.0",
    "event_type": "agent_order",
    "source": "synthetic_agent",
    "symbol": "BTCUSDT",
    "exchange": "binance_usdm",
    "timestamp": "2024-05-01T00:00:00.600000Z",
    "sequence": 20,
    "scenario_id": "scenario-249-stop_run_sweep",
    "agent_id": "agent-stop_run_sweep",
    "order_id": "scenario-249-stop_run_sweep-agent-stop_run_sweep-20",
    "action": "new",
    "side": "buy",
    "price": 65379.497999999985,
    "quantity": 0.06,
    "remaining_quantity": 0.06
  },
  {
    "event_id": "2daf0e3f2d680e4900881fa600e83f0d6fa963d54c3792d896f4a831aecb48ac",
    "schema_version": "1.0.0",
    "event_type": "agent_order",
    "source": "synthetic_agent",
    "symbol": "BTCUSDT",
    "exchange": "binance_usdm",
    "timestamp": "2024-05-01T00:00:00.630000Z",
    "sequence": 21,
    "scenario_id": "scenario-249-stop_run_sweep",
    "agent_id": "agent-stop_run_sweep",
    "order_id": "scenario-249-stop_run_sweep-agent-stop_run_sweep-21",
    "action": "new",
    "side": "buy",
    "price": 65382.760449999994,
    "quantity": 0.06,
    "remaining_quantity": 0.06
  },
  {
    "event_id": "9f6bad92dcf4070ab99a24cbe1c699e3d73d8b74cb12f7aa38ed5eb33132aaa1",
    "schema_version": "1.0.0",
    "event_type": "agent_order",
    "source": "synthetic_agent",
    "symbol": "BTCUSDT",
    "exchange": "binance_usdm",
    "timestamp": "2024-05-01T00:00:00.660000Z",
    "sequence": 22,
    "scenario_id": "scenario-249-stop_run_sweep",
    "agent_id": "agent-stop_run_sweep",
    "order_id": "scenario-249-stop_run_sweep-agent-stop_run_sweep-22",
    "action": "new",
    "side": "buy",
    "price": 65386.022899999996,
    "quantity": 0.06,
    "remaining_quantity": 0.06
  },
  {
    "event_id": "861c5d716f4051c29f47467e9225918e80aa76f639b2700f00b7053919677a27",
    "schema_version": "1.0.0",
    "event_type": "agent_order",
    "source": "synthetic_agent",
    "symbol": "BTCUSDT",
    "exchange": "binance_usdm",
    "timestamp": "2024-05-01T00:00:00.690000Z",
    "sequence": 23,
    "scenario_id": "scenario-249-stop_run_sweep",
    "agent_id": "agent-stop_run_sweep",
    "order_id": "scenario-249-stop_run_sweep-agent-stop_run_sweep-23",
    "action": "new",
    "side": "buy",
    "price": 65389.28534999999,
    "quantity": 0.06,
    "remaining_quantity": 0.06
  },
  {
    "event_id": "c74cb7ee24c4f3f16bd603c0d6087c3ecc0b2f8295c230f94d0c8c0ee40a5791",
    "schema_version": "1.0.0",
    "event_type": "agent_order",
    "source": "synthetic_agent",
    "symbol": "BTCUSDT",
    "exchange": "binance_usdm",
    "timestamp": "2024-05-01T00:00:00.720000Z",
    "sequence": 24,
    "scenario_id": "scenario-249-stop_run_sweep",
    "agent_id": "agent-stop_run_sweep",
    "order_id": "scenario-249-stop_run_sweep-agent-stop_run_sweep-24",
    "action": "new",
    "side": "buy",
    "price": 65392.5478,
    "quantity": 0.06,
    "remaining_quantity": 0.06
  },
  {
    "event_id": "23c8ae2cc3f1a53f7d32da18e377d1c63cb4f76cb902e9a0ec2f85d147617058",
    "schema_version": "1.0.0",
    "event_type": "agent_order",
    "source": "synthetic_agent",
    "symbol": "BTCUSDT",
    "exchange": "binance_usdm",
    "timestamp": "2024-05-01T00:00:00.750000Z",
    "sequence": 25,
    "scenario_id": "scenario-249-stop_run_sweep",
    "agent_id": "agent-stop_run_sweep",
    "order_id": "scenario-249-stop_run_sweep-agent-stop_run_sweep-25",
    "action": "new",
    "side": "buy",
    "price": 65395.81024999999,
    "quantity": 0.06,
    "remaining_quantity": 0.06
  },
  {
    "event_id": "23419fb7bb7341fa83aeb9af025fdd0642ff843c4a4960ae3a90a51eb5ae3d6f",
    "schema_version": "1.0.0",
    "event_type": "agent_order",
    "source": "synthetic_agent",
    "symbol": "BTCUSDT",
    "exchange": "binance_usdm",
    "timestamp": "2024-05-01T00:00:00.780000Z",
    "sequence": 26,
    "scenario_id": "scenario-249-stop_run_sweep",
    "agent_id": "agent-stop_run_sweep",
    "order_id": "scenario-249-stop_run_sweep-agent-stop_run_sweep-26",
    "action": "new",
    "side": "buy",
    "price": 65399.0727,
    "quantity": 0.06,
    "remaining_quantity": 0.06
  },
  {
    "event_id": "cf692f351bed187ecd9e17458ba0a30a65c3bddff70fb3dc97caab535e2dbb5f",
    "schema_version": "1.0.0",
    "event_type": "agent_order",
    "source": "synthetic_agent",
    "symbol": "BTCUSDT",
    "exchange": "binance_usdm",
    "timestamp": "2024-05-01T00:00:00.810000Z",
    "sequence": 27,
    "scenario_id": "scenario-249-stop_run_sweep",
    "agent_id": "agent-stop_run_sweep",
    "order_id": "scenario-249-stop_run_sweep-agent-stop_run_sweep-27",
    "action": "new",
    "side": "buy",
    "price": 65402.33514999999,
    "quantity": 0.06,
    "remaining_quantity": 0.06
  },
  {
    "event_id": "9ce0ece028ba7678ead061725f910db5fc1f98217788bb0d839b04cd890cd2dc",
    "schema_version": "1.0.0",
    "event_type": "agent_order",
    "source": "synthetic_agent",
    "symbol": "BTCUSDT",
    "exchange": "binance_usdm",
    "timestamp": "2024-05-01T00:00:00.840000Z",
    "sequence": 28,
    "scenario_id": "scenario-249-stop_run_sweep",
    "agent_id": "agent-stop_run_sweep",
    "order_id": "scenario-249-stop_run_sweep-agent-stop_run_sweep-28",
    "action": "new",
    "side": "buy",
    "price": 65405.597599999994,
    "quantity": 0.06,
    "remaining_quantity": 0.06
  },
  {
    "event_id": "08528c84cb582b1b147291753463f00f279f80e8f8ed5465a326623f4acab62f",
    "schema_version": "1.0.0",
    "event_type": "agent_order",
    "source": "synthetic_agent",
    "symbol": "BTCUSDT",
    "exchange": "binance_usdm",
    "timestamp": "2024-05-01T00:00:00.870000Z",
    "sequence": 29,
    "scenario_id": "scenario-249-stop_run_sweep",
    "agent_id": "agent-stop_run_sweep",
    "order_id": "scenario-249-stop_run_sweep-agent-stop_run_sweep-29",
    "action": "new",
    "side": "buy",
    "price": 65408.86004999999,
    "quantity": 0.06,
    "remaining_quantity": 0.06
  }
]