[
  {
    "event_id": "285f435e8f46699a8a53c7327bff666f24df983c2298d82654455bf2c6f07308",
    "schema_version": "1.0.0",
    "event_type": "agent_order",
    "source": "synthetic_agent",
    "symbol": "BTCUSDT",
    "exchange": "binance_usdm",
    "timestamp": "2024-05-01T00:00:00Z",
    "sequence": 0,
    "scenario_id": "scenario-034-runaway_inventory",
    "agent_id": "agent-runaway_inventory",
    "order_id": "scenario-034-runaway_inventory-agent-runaway_inventory-0",
    "action": "new",
    "side": "buy",
    "price": 65034.0,
    "quantity": 0.01,
    "remaining_quantity": 0.01
  },
  {
    "event_id": "8caa33363f830b89408564172a4d4d2ca2971de4c37706a9fdd7c6860e4f31e9",
    "schema_version": "1.0.0",
    "event_type": "agent_order",
    "source": "synthetic_agent",
    "symbol": "BTCUSDT",
    "exchange": "binance_usdm",
    "timestamp": "2024-05-01T00:00:00.070000Z",
    "sequence": 1,
    "scenario_id": "scenario-034-runaway_inventory",
    "agent_id": "agent-runaway_inventory",
    "order_id": "scenario-034-runaway_inventory-agent-runaway_inventory-1",
    "action": "new",
    "side": "buy",
    "price": 65035.95102,
    "quantity": 0.012,
    "remaining_quantity": 0.012
  },
  {
    "event_id": "3f8b843f3e4182bd5e259ef5f5b42d8b4ca6f9271a77c81fecc100b6b337571b",
    "schema_version": "1.0.0",
    "event_type": "agent_order",
    "source": "synthetic_agent",
    "symbol": "BTCUSDT",
    "exchange": "binance_usdm",
    "timestamp": "2024-05-01T00:00:00.140000Z",
    "sequence": 2,
    "scenario_id": "scenario-034-runaway_inventory",
    "agent_id": "agent-runaway_inventory",
    "order_id": "scenario-034-runaway_inventory-agent-runaway_inventory-2",
    "action": "new",
    "side": "buy",
    "price": 65037.90203999999,
    "quantity": 0.014,
    "remaining_quantity": 0.014
  },
  {
    "event_id": "caca447cee8b908330ad3741eb57a7854ec1b055f7056a54fe680c5c6ef1373f",
    "schema_version": "1.0.0",
    "event_type": "agent_order",
    "source": "synthetic_agent",
    "symbol": "BTCUSDT",
    "exchange": "binance_usdm",
    "timestamp": "2024-05-01T00:00:00.210000Z",
    "sequence": 3,
    "scenario_id": "scenario-034-runaway_inventory",
    "agent_id": "agent-runaway_inventory",
    "order_id": "scenario-034-runaway_inventory-agent-runaway_inventory-3",
    "action": "new",
    "side": "buy",
    "price": 65039.853059999994,
    "quantity": 0.016,
    "remaining_quantity": 0.016
  },
  {
    "event_id": "84adfa9d5401b7c81ca71157cb96e4012840841d92d13d350f0d050105a2fa51",
    "schema_version": "1.0.0",
    "event_type": "agent_order",
    "source": "synthetic_agent",
    "symbol": "BTCUSDT",
    "exchange": "binance_usdm",
    "timestamp": "2024-05-01T00:00:00.280000Z",
    "sequence": 4,
    "scenario_id": "scenario-034-runaway_inventory",
    "agent_id": "agent-runaway_inventory",
    "order_id": "scenario-034-runaway_inventory-agent-runaway_inventory-4",
    "action": "new",
    "side": "buy",
    "price": 65041.804079999994,
    "quantity": 0.018000000000000002,
    "remaining_quantity": 0.018000000000000002
  },
  {
    "event_id": "75ee3d5206579f81f70fe8e24407215cf8c0ede6c9cdf35364b8ec9c07898173",
    "schema_version": "1.0.0",
    "event_type": "agent_order",
    "source": "synthetic_agent",
    "symbol": "BTCUSDT",
    "exchange": "binance_usdm",
    "timestamp": "2024-05-01T00:00:00.350000Z",
    "sequence": 5,
    "scenario_id": "scenario-034-runaway_inventory",
    "agent_id": "agent-runaway_inventory",
    "order_id": "scenario-034-runaway_inventory-agent-runaway_inventory-5",
    "action": "new",
    "side": "buy",
    "price": 65043.75510000001,
    "quantity": 0.02,
    "remaining_quantity": 0.02
  },
  {
    "event_id": "7e9e930824a07d642ed7f8ffbee61147b2a6e9d993b3f5a6f0456234737767dd",
    "schema_version": "1.0.0",
    "event_type": "agent_order",
    "source": "synthetic_agent",
    "symbol": "BTCUSDT",
    "exchange": "binance_usdm",
    "timestamp": "2024-05-01T00:00:00.420000Z",
    "sequence": 6,
    "scenario_id": "scenario-034-runaway_inventory",
    "agent_id": "agent-runaway_inventory",
    "order_id": "scenario-034-runaway_inventory-agent-runaway_inventory-6",
    "action": "new",
    "side": "buy",
    "price": 65045.70612,
    "quantity": 0.022,
    "remaining_quantity": 0.022
  },
  {
    "event_id": "bd44ec98251f483e32789527c399409b728d5076678baf833a0c1f1caa926a09",
    "schema_version": "1.0.0",
    "event_type": "agent_order",
    "source": "synthetic_agent",
    "symbol": "BTCUSDT",
    "exchange": "binance_usdm",
    "timestamp": "2024-05-01T00:00:00.490000Z",
    "sequence": 7,
    "scenario_id": "scenario-034-runaway_inventory",
    "agent_id": "agent-runaway_inventory",
    "order_id": "scenario-034-runaway_inventory-agent-runaway_inventory-7",
    "action": "new",
    "side": "buy",
    "price": 65047.65714,
    "quantity": 0.024,
    "remaining_quantity": 0.024
  },
  {
    "event_id": "e2b1fe78c9d8375a6934f532175570c2645714605b0ea2ef4b56cd8af3d4bd59",
    "schema_version": "1.0.0",
    "event_type": "agent_order",
    "source": "synthetic_agent",
    "symbol": "BTCUSDT",
    "exchange": "binance_usdm",
    "timestamp": "2024-05-01T00:00:00.560000Z",
    "sequence": 8,
    "scenario_id": "scenario-034-runaway_inventory",
    "agent_id": "agent-runaway_inventory",
    "order_id": "scenario-034-runaway_inventory-agent-runaway_inventory-8",
    "action": "new",
    "side": "buy",
    "price": 65049.60816,
    "quantity": 0.026000000000000002,
    "remaining_quantity": 0.026000000000000002
  },
  {
    "event_id": "6cdad12af5c1b200c679ddf8e6e1dd6c17f47b3eea1e4b546c52024892fbf7f9",
    "schema_version": "1.0.0",
    "event_type": "agent_order",
    "source": "synthetic_agent",
    "symbol": "BTCUSDT",
    "exchange": "binance_usdm",
    "timestamp": "2024-05-01T00:00:00.630000Z",
    "sequence": 9,
    "scenario_id": "scenario-034-runaway_inventory",
    "agent_id": "agent-runaway_inventory",
    "order_id": "scenario-034-runaway_inventory-agent-runaway_inventory-9",
    "action": "new",
    "side": "buy",
    "price": 65051.55918,
    "quantity": 0.028000000000000004,
    "remaining_quantity": 0.028000000000000004
  },
  {
    "event_id": "5d50e55e62209c97a89c3472ba4ddf2a62c5babe8d7509be944983db2c3338f5",
    "schema_version": "1.0.0",
    "event_type": "agent_order",
    "source": "synthetic_agent",
    "symbol": "BTCUSDT",
    "exchange": "binance_usdm",
    "timestamp": "2024-05-01T00:00:00.700000Z",
    "sequence": 10,
    "scenario_id": "scenario-034-runaway_inventory",
    "agent_id": "agent-runaway_inventory",
    "order_id": "scenario-034-runaway_inventory-agent-runaway_inventory-10",
    "action": "new",
    "side": "buy",
    "price": 65053.5102,
    "quantity": 0.03,
    "remaining_quantity": 0.03
  },
  {
    "event_id": "6df8505cf96cce01535c239b7741fa3f88556d5a73737627647c29b407c05472",
    "schema_version": "1.0.0",
    "event_type": "agent_order",
    "source": "synthetic_agent",
    "symbol": "BTCUSDT",
    "exchange": "binance_usdm",
    "timestamp": "2024-05-01T00:00:00.770000Z",
    "sequence": 11,
    "scenario_id": "scenario-034-runaway_inventory",
    "agent_id": "agent-runaway_inventory",
    "order_id": "scenario-034-runaway_inventory-agent-runaway_inventory-11",
    "action": "new",
    "side": "buy",
    "price": 65055.46122,
    "quantity": 0.032,
    "remaining_quantity": 0.032
  },
  {
    "event_id": "4f66b254c3a290a62d3326a2ce3ccfc54c20f3be0b2b7c3fbf7f8ddba9b6e93d",
    "schema_version": "1.0.0",
    "event_type": "agent_order",
    "source": "synthetic_agent",
    "symbol": "BTCUSDT",
    "exchange": "binance_usdm",
    "timestamp": "2024-05-01T00:00:00.840000Z",
    "sequence": 12,
    "scenario_id": "scenario-034-runaway_inventory",
    "agent_id": "agent-runaway_inventory",
    "order_id": "scenario-034-runaway_inventory-agent-runaway_inventory-12",
    "action": "new",
    "side": "buy",
    "price": 65057.41224,
    "quantity": 0.034,
    "remaining_quantity": 0.034
  },
  {
    "event_id": "e63aa4fa2778964cae877ccb6b4c6d8d60fbc04c8951b0c6765d93e14f0da679",
    "schema_version": "1.0.0",
    "event_type": "agent_order",
    "source": "synthetic_agent",
    "symbol": "BTCUSDT",
    "exchange": "binance_usdm",
    "timestamp": "2024-05-01T00:00:00.910000Z",
    "sequence": 13,
    "scenario_id": "scenario-034-runaway_inventory",
    "agent_id": "agent-runaway_inventory",
    "order_id": "scenario-034-runaway_inventory-agent-runaway_inventory-13",
    "action": "new",
    "side": "buy",
    "price": 65059.36325999999,
    "quantity": 0.036000000000000004,
    "remaining_quantity": 0.036000000000000004
  },
  {
    "event_id": "351399b1b74edfce8bc4e31353a14edda059d5499e7fb886dc63d2c59f1f362d",
    "schema_version": "1.0.0",
    "event_type": "agent_order",
    "source": "synthetic_agent",
    "symbol": "BTCUSDT",
    "exchange": "binance_usdm",
    "timestamp": "2024-05-01T00:00:00.980000Z",
    "sequence": 14,
    "scenario_id": "scenario-034-runaway_inventory",
    "agent_id": "agent-runaway_inventory",
    "order_id": "scenario-034-runaway_inventory-agent-runaway_inventory-14",
    "action": "new",
    "side": "buy",
    "price": 65061.314280000006,
    "quantity": 0.038,
    "remaining_quantity": 0.038
  },
  {
    "event_id": "4dd425ba8be264a055f3b7aa0ce3030fb0d87f1a03a0375e04e764668afb197a",
    "schema_version": "1.0.0",
    "event_type": "agent_order",
    "source": "synthetic_agent",
    "symbol": "BTCUSDT",
    "exchange": "binance_usdm",
    "timestamp": "2024-05-01T00:00:01.050000Z",
    "sequence": 15,
    "scenario_id": "scenario-034-runaway_inventory",
    "agent_id": "agent-runaway_inventory",
    "order_id": "scenario-034-runaway_inventory-agent-runaway_inventory-15",
    "action": "new",
    "side": "buy",
    "price": 65063.26530000001,
    "quantity": 0.04,
    "remaining_quantity": 0.04
  },
  {
    "event_id": "bc6d406ade7239ef8a210dffdb03b5bf10119e3e889a60de4d769e02ba6bf35c",
    "schema_version": "1.0.0",
    "event_type": "agent_order",
    "source": "synthetic_agent",
    "symbol": "BTCUSDT",
    "exchange": "binance_usdm",
    "timestamp": "2024-05-01T00:00:01.120000Z",
    "sequence": 16,
    "scenario_id": "scenario-034-runaway_inventory",
    "agent_id": "agent-runaway_inventory",
    "order_id": "scenario-034-runaway_inventory-agent-runaway_inventory-16",
    "action": "new",
    "side": "buy",
    "price": 65065.21632,
    "quantity": 0.042,
    "remaining_quantity": 0.042
  },
  {
    "event_id": "eec415a7445fcbf6e1eb94cdb7ef7e8a40ee0500af98c4eb04573224411d4acc",
    "schema_version": "1.0.0",
    "event_type": "agent_order",
    "source": "synthetic_agent",
    "symbol": "BTCUSDT",
    "exchange": "binance_usdm",
    "timestamp": "2024-05-01T00:00:01.190000Z",
    "sequence": 17,
    "scenario_id": "scenario-034-runaway_inventory",
    "agent_id": "agent-runaway_inventory",
    "order_id": "scenario-034-runaway_inventory-agent-runaway_inventory-17",
    "action": "new",
    "side": "buy",
    "price": 65067.16734,
    "quantity": 0.044000000000000004,
    "remaining_quantity": 0.044000000000000004
  },
  {
    "event_id": "b8c4b63b7c583645bc177dd7dc48f52df855da8406c93498f0de3acff5975a87",
    "schema_version": "1.0.0",
    "event_type": "agent_order",
    "source": "synthetic_agent",
    "symbol": "BTCUSDT",
    "exchange": "binance_usdm",
    "timestamp": "2024-05-01T00:00:01.260000Z",
    "sequence": 18,
    "scenario_id": "scenario-034-runaway_inventory",
    "agent_id": "agent-runaway_inventory",
    "order_id": "scenario-034-runaway_inventory-agent-runaway_inventory-18",
    "action": "new",
    "side": "buy",
    "price": 65069.11836,
    "quantity": 0.046000000000000006,
    "remaining_quantity": 0.046000000000000006
  },
  {
    "event_id": "4cad3427a98c02b3d99c164cbb446d61e3a0b44a97522a7116adaa3110e2511e",
    "schema_version": "1.0.0",
    "event_type": "agent_order",
    "source": "synthetic_agent",
    "symbol": "BTCUSDT",
    "exchange": "binance_usdm",
    "timestamp": "2024-05-01T00:00:01.330000Z",
    "sequence": 19,
    "scenario_id": "scenario-034-runaway_inventory",
    "agent_id": "agent-runaway_inventory",
    "order_id": "scenario-034-runaway_inventory-agent-runaway_inventory-19",
    "action": "new",
    "side": "buy",
    "price": 65071.06938,
    "quantity": 0.048,
    "remaining_quantity": 0.048
  },
  {
    "event_id": "3959261d5a7ab7422ceef308e3fd988f03e6d23eefc173a7e400ddd49d790158",
    "schema_version": "1.0.0",
    "event_type": "agent_order",
    "source": "synthetic_agent",
    "symbol": "BTCUSDT",
    "exchange": "binance_usdm",
    "timestamp": "2024-05-01T00:00:01.400000Z",
    "sequence": 20,
    "scenario_id": "scenario-034-runaway_inventory",
    "agent_id": "agent-runaway_inventory",
    "order_id": "scenario-034-runaway_inventory-agent-runaway_inventory-20",
    "action": "new",
    "side": "buy",
    "price": 65073.020399999994,
    "quantity": 0.05,
    "remaining_quantity": 0.05
  },
  {
    "event_id": "e5afee2c3aa604e29e00359e3dc291d07ecbd28161f849667bea794788e355f5",
    "schema_version": "1.0.0",
    "event_type": "agent_order",
    "source": "synthetic_agent",
    "symbol": "BTCUSDT",
    "exchange": "binance_usdm",
    "timestamp": "2024-05-01T00:00:01.470000Z",
    "sequence": 21,
    "scenario_id": "scenario-034-runaway_inventory",
    "agent_id": "agent-runaway_inventory",
    "order_id": "scenario-034-runaway_inventory-agent-runaway_inventory-21",
    "action": "new",
    "side": "buy",
    "price": 65074.971419999994,
    "quantity": 0.052000000000000005,
    "remaining_quantity": 0.052000000000000005
  },
  {
    "event_id": "50733b9b93cefc48842480e5f2fe3065b739069cdd5734f890f463a02f6b7098",
    "schema_version": "1.0.0",
    "event_type": "agent_order",
    "source": "synthetic_agent",
    "symbol": "BTCUSDT",
    "exchange": "binance_usdm",
    "timestamp": "2024-05-01T00:00:01.540000Z",
    "sequence": 22,
    "scenario_id": "scenario-034-runaway_inventory",
    "agent_id": "agent-runaway_inventory",
    "order_id": "scenario-034-runaway_inventory-agent-runaway_inventory-22",
    "action": "new",
    "side": "buy",
    "price": 65076.92244000001,
    "quantity": 0.054,
    "remaining_quantity": 0.054
  },
  {
    "event_id": "09975e78c215996f2c79a26c3e794aab128ffdd13232e809e8acc458e160bbcb",
    "schema_version": "1.0.0",
    "event_type": "agent_order",
    "source": "synthetic_agent",
    "symbol": "BTCUSDT",
    "exchange": "binance_usdm",
    "timestamp": "2024-05-01T00:00:01.610000Z",
    "sequence": 23,
    "scenario_id": "scenario-034-runaway_inventory",
    "agent_id": "agent-runaway_inventory",
    "order_id": "scenario-034-runaway_inventory-agent-runaway_inventory-23",
    "action": "new",
    "side": "buy",
    "price": 65078.87346,
    "quantity": 0.056,
    "remaining_quantity": 0.056
  },
  {
    "event_id": "d8c300847d4d05ee8a6f93a6bfbfe9b3dd3c22583d004807e94907363e0f6f86",
    "schema_version": "1.0.0",
    "event_type": "agent_order",
    "source": "synthetic_agent",
    "symbol": "BTCUSDT",
    "exchange": "binance_usdm",
    "timestamp": "2024-05-01T00:00:01.680000Z",
    "sequence": 24,
    "scenario_id": "scenario-034-runaway_inventory",
    "agent_id": "agent-runaway_inventory",
    "order_id": "scenario-034-runaway_inventory-agent-runaway_inventory-24",
    "action": "new",
    "side": "buy",
    "price": 65080.82448,
    "quantity": 0.058,
    "remaining_quantity": 0.058
  },
  {
    "event_id": "2652ae3d90318ba35f8cbd785deb1998c4ed39f79b1f96d1da8bc697802be395",
    "schema_version": "1.0.0",
    "event_type": "agent_order",
    "source": "synthetic_agent",
    "symbol": "BTCUSDT",
    "exchange": "binance_usdm",
    "timestamp": "2024-05-01T00:00:01.750000Z",
    "sequence": 25,
    "scenario_id": "scenario-034-runaway_inventory",
    "agent_id": "agent-runaway_inventory",
    "order_id": "scenario-034-runaway_inventory-agent-runaway_inventory-25",
    "action": "new",
    "side": "buy",
    "price": 65082.7755,
    "quantity": 0.060000000000000005,
    "remaining_quantity": 0.060000000000000005
  },
  {
    "event_id": "2bc73f7c61c66f0a82a0c1772dfeb727e0d772eca8bd938a69d6d0668fe2d681",
    "schema_version": "1.0.0",
    "event_type": "agent_order",
    "source": "synthetic_agent",
    "symbol": "BTCUSDT",
    "exchange": "binance_usdm",
    "timestamp": "2024-05-01T00:00:01.820000Z",
    "sequence": 26,
    "scenario_id": "scenario-034-runaway_inventory",
    "agent_id": "agent-runaway_inventory",
    "order_id": "scenario-034-runaway_inventory-agent-runaway_inventory-26",
    "action": "new",
    "side": "buy",
    "price": 65084.726520000004,
    "quantity": 0.062000000000000006,
    "remaining_quantity": 0.062000000000000006
  },
  {
    "event_id": "80a7535c666640ed5cd106d8fdd482d406ee1bd4256478239fe2d5b15ed3d04c",
    "schema_version": "1.0.0",
    "event_type": "agent_order",
    "source": "synthetic_agent",
    "symbol": "BTCUSDT",
    "exchange": "binance_usdm",
    "timestamp": "2024-05-01T00:00:01.890000Z",
    "sequence": 27,
    "scenario_id": "scenario-034-runaway_inventory",
    "agent_id": "agent-runaway_inventory",
    "order_id": "scenario-034-runaway_inventory-agent-runaway_inventory-27",
    "action": "new",
    "side": "buy",
    "price": 65086.67754,
    "quantity": 0.064,
    "remaining_quantity": 0.064
  },
  {
    "event_id": "dc58087ea28e63080ceabd1def78d3d0608198f70f900a6bdb1e0cbca5e24efb",
    "schema_version": "1.0.0",
    "event_type": "agent_order",
    "source": "synthetic_agent",
    "symbol": "BTCUSDT",
    "exchange": "binance_usdm",
    "timestamp": "2024-05-01T00:00:01.960000Z",
    "sequence": 28,
    "scenario_id": "scenario-034-runaway_inventory",
    "agent_id": "agent-runaway_inventory",
    "order_id": "scenario-034-runaway_inventory-agent-runaway_inventory-28",
    "action": "new",
    "side": "buy",
    "price": 65088.62856,
    "quantity": 0.066,
    "remaining_quantity": 0.066
  },
  {
    "event_id": "d7baff212c31ce00a00b3ca3aed2e32c59c7e042bef443955aa271863c5dcd81",
    "schema_version": "1.0.0",
    "event_type": "agent_order",
    "source": "synthetic_agent",
    "symbol": "BTCUSDT",
    "exchange": "binance_usdm",
    "timestamp": "2024-05-01T00:00:02.030000Z",
    "sequence": 29,
    "scenario_id": "scenario-034-runaway_inventory",
    "agent_id": "agent-runaway_inventory",
    "order_id": "scenario-034-runaway_inventory-agent-runaway_inventory-29",
    "action": "new",
    "side": "buy",
    "price": 65090.57958,
    "quantity": 0.068,
    "remaining_quantity": 0.068
  }
]