[
  {
    "event_id": "a0bd32a061f8d815759bd2f52fd284e9cd3a22f9e810726b4fef403088361274",
    "schema_version": "1.0.0",
    "event_type": "agent_order",
    "source": "synthetic_agent",
    "symbol": "BTCUSDT",
    "exchange": "binance_usdm",
    "timestamp": "2024-05-01T00:00:00Z",
    "sequence": 0,
    "scenario_id": "scenario-296-latency_edge",
    "agent_id": "agent-latency_edge",
    "order_id": "scenario-296-latency_edge-agent-latency_edge-0",
    "action": "new",
    "side": "buy",
    "price": 65335.177599999995,
    "quantity": 0.006,
    "remaining_quantity": 0.006
  },
  {
    "event_id": "4a023000b57a0207ed44ec1fc71da46f5acc2dbbf0236a4d0a0b745f85b9510b",
    "schema_version": "1.0.0",
    "event_type": "agent_order",
    "source": "synthetic_agent",
    "symbol": "BTCUSDT",
    "exchange": "binance_usdm",
    "timestamp": "2024-05-01T00:00:00.008000Z",
    "sequence": 1,
    "scenario_id": "scenario-296-latency_edge",
    "agent_id": "agent-latency_edge",
    "order_id": "scenario-296-latency_edge-agent-latency_edge-1",
    "action": "new",
    "side": "buy",
    "price": 65335.177599999995,
    "quantity": 0.006,
    "remaining_quantity": 0.006
  },
  {
    "event_id": "fb26a9e737d7faac5ebcb22fd491c4abb515ed529367f7a7dd4f45584f7b609b",
    "schema_version": "1.0.0",
    "event_type": "agent_order",
    "source": "synthetic_agent",
    "symbol": "BTCUSDT",
    "exchange": "binance_usdm",
    "timestamp": "2024-05-01T00:00:00.016000Z",
    "sequence": 2,
    "scenario_id": "scenario-296-latency_edge",
    "agent_id": "agent-latency_edge",
    "order_id": "scenario-296-latency_edge-agent-latency_edge-2",
    "action": "new",
    "side": "sell",
    "price": 65256.8224,
    "quantity": 0.006,
    "remaining_quantity": 0.006
  },
  {
    "event_id": "972962b1dc5548dd2d75125c0e5690e9193957be5256ab4abaca964b0bde99ac",
    "schema_version": "1.0.0",
    "event_type": "agent_order",
    "source": "synthetic_agent",
    "symbol": "BTCUSDT",
    "exchange": "binance_usdm",
    "timestamp": "2024-05-01T00:00:00.024000Z",
    "sequence": 3,
    "scenario_id": "scenario-296-latency_edge",
    "agent_id": "agent-latency_edge",
    "order_id": "scenario-296-latency_edge-agent-latency_edge-3",
    "action": "new",
    "side": "sell",
    "price": 65256.8224,
    "quantity": 0.006,
    "remaining_quantity": 0.006
  },
  {
    "event_id": "5ceb2a8b3d536b1fbfaf86501cdc880ac4fe5e5f5f51d1db5bd32172d881f553",
    "schema_version": "1.0.0",
    "event_type": "agent_order",
    "source": "synthetic_agent",
    "symbol": "BTCUSDT",
    "exchange": "binance_usdm",
    "timestamp": "2024-05-01T00:00:00.032000Z",
    "sequence": 4,
    "scenario_id": "scenario-296-latency_edge",
    "agent_id": "agent-latency_edge",
    "order_id": "scenario-296-latency_edge-agent-latency_edge-4",
    "action": "new",
    "side": "buy",
    "price": 65335.177599999995,
    "quantity": 0.006,
    "remaining_quantity": 0.006
  },
  {
    "event_id": "dd674e293ca52a7ae9ecab31d2ef3dd71a24731f345ccbb17fd66cc75da2672e",
    "schema_version": "1.0.0",
    "event_type": "agent_order",
    "source": "synthetic_agent",
    "symbol": "BTCUSDT",
    "exchange": "binance_usdm",
    "timestamp": "2024-05-01T00:00:00.040000Z",
    "sequence": 5,
    "scenario_id": "scenario-296-latency_edge",
    "agent_id": "agent-latency_edge",
    "order_id": "scenario-296-latency_edge-agent-latency_edge-5",
    "action": "new",
    "side": "buy",
    "price": 65335.177599999995,
    "quantity": 0.006,
    "remaining_quantity": 0.006
  },
  {
    "event_id": "9e3ee6b0d52699b464716e1bdba15f0cdc9bd76218f84a885c28823d43dfd454",
    "schema_version": "1.0.0",
    "event_type": "agent_order",
    "source": "synthetic_agent",
    "symbol": "BTCUSDT",
    "exchange": "binance_usdm",
    "timestamp": "2024-05-01T00:00:00.048000Z",
    "sequence": 6,
    "scenario_id": "scenario-296-latency_edge",
    "agent_id": "agent-latency_edge",
    "order_id": "scenario-296-latency_edge-agent-latency_edge-6",
    "action": "new",
    "side": "sell",
    "price": 65256.8224,
    "quantity": 0.006,
    "remaining_quantity": 0.006
  },
  {
    "event_id": "221884ff91cdf79865f94604fb6763ac5a14d483ec941f64392fee40ff702a08",
    "schema_version": "1.0.0",
    "event_type": "agent_order",
    "source": "synthetic_agent",
    "symbol": "BTCUSDT",
    "exchange": "binance_usdm",
    "timestamp": "2024-05-01T00:00:00.056000Z",
    "sequence": 7,
    "scenario_id": "scenario-296-latency_edge",
    "agent_id": "agent-latency_edge",
    "order_id": "scenario-296-latency_edge-agent-latency_edge-7",
    "action": "new",
    "side": "sell",
    "price": 65256.8224,
    "quantity": 0.006,
    "remaining_quantity": 0.006
  },
  {
    "event_id": "115c39f3a3d2e521992ea3dd674779b402b064d6780b49fb9fd296ff8141c548",
    "schema_version": "1.0.0",
    "event_type": "agent_order",
    "source": "synthetic_agent",
    "symbol": "BTCUSDT",
    "exchange": "binance_usdm",
    "timestamp": "2024-05-01T00:00:00.064000Z",
    "sequence": 8,
    "scenario_id": "scenario-296-latency_edge",
    "agent_id": "agent-latency_edge",
    "order_id": "scenario-296-latency_edge-agent-latency_edge-8",
    "action": "new",
    "side": "buy",
    "price": 65335.177599999995,
    "quantity": 0.006,
    "remaining_quantity": 0.006
  },
  {
    "event_id": "9004dc9a44c5e0686f54c65d43b78be38fbe119f68a6c3d0f8bdad79b3b40aef",
    "schema_version": "1.0.0",
    "event_type": "agent_order",
    "source": "synthetic_agent",
    "symbol": "BTCUSDT",
    "exchange": "binance_usdm",
    "timestamp": "2024-05-01T00:00:00.072000Z",
    "sequence": 9,
    "scenario_id": "scenario-296-latency_edge",
    "agent_id": "agent-latency_edge",
    "order_id": "scenario-296-latency_edge-agent-latency_edge-9",
    "action": "new",
    "side": "buy",
    "price": 65335.177599999995,
    "quantity": 0.006,
    "remaining_quantity": 0.006
  },
  {
    "event_id": "ee4501b140f167cfdea6e32d52ce6b699cf732a32cb3dae4dc147ac93fd17ddb",
    "schema_version": "1.0.0",
    "event_type": "agent_order",
    "source": "synthetic_agent",
    "symbol": "BTCUSDT",
    "exchange": "binance_usdm",
    "timestamp": "2024-05-01T00:00:00.080000Z",
    "sequence": 10,
    "scenario_id": "scenario-296-latency_edge",
    "agent_id": "agent-latency_edge",
    "order_id": "scenario-296-latency_edge-agent-latency_edge-10",
    "action": "new",
    "side": "sell",
    "price": 65256.8224,
    "quantity": 0.006,
    "remaining_quantity": 0.006
  },
  {
    "event_id": "0dd75d6d74a019e84e10bc5ce7ec16d80c1daa9ed8de6a1fe39ba7c94ecf85be",
    "schema_version": "1.0.0",
    "event_type": "agent_order",
    "source": "synthetic_agent",
    "symbol": "BTCUSDT",
    "exchange": "binance_usdm",
    "timestamp": "2024-05-01T00:00:00.088000Z",
    "sequence": 11,
    "scenario_id": "scenario-296-latency_edge",
    "agent_id": "agent-latency_edge",
    "order_id": "scenario-296-latency_edge-agent-latency_edge-11",
    "action": "new",
    "side": "sell",
    "price": 65256.8224,
    "quantity": 0.006,
    "remaining_quantity": 0.006
  },
  {
    "event_id": "af45020418bba5190cd8ad37ccbe1e4b3fac43badee950b29a2116ba4287e60c",
    "schema_version": "1.0.0",
    "event_type": "agent_order",
    "source": "synthetic_agent",
    "symbol": "BTCUSDT",
    "exchange": "binance_usdm",
    "timestamp": "2024-05-01T00:00:00.096000Z",
    "sequence": 12,
    "scenario_id": "scenario-296-latency_edge",
    "agent_id": "agent-latency_edge",
    "order_id": "scenario-296-latency_edge-agent-latency_edge-12",
    "action": "new",
    "side": "buy",
    "price": 65335.177599999995,
    "quantity": 0.006,
    "remaining_quantity": 0.006
  },
  {
    "event_id": "10d8d0290ee1a78aed4732484ece94e947cc654fde70bd7d3d7031e1eae49ba2",
    "schema_version": "1.0.0",
    "event_type": "agent_order",
    "source": "synthetic_agent",
    "symbol": "BTCUSDT",
    "exchange": "binance_usdm",
    "timestamp": "2024-05-01T00:00:00.104000Z",
    "sequence": 13,
    "scenario_id": "scenario-296-latency_edge",
    "agent_id": "agent-latency_edge",
    "order_id": "scenario-296-latency_edge-agent-latency_edge-13",
    "action": "new",
    "side": "buy",
    "price": 65335.177599999995,
    "quantity": 0.006,
    "remaining_quantity": 0.006
  },
  {
    "event_id": "3d58f324f43bf923a1c7e46f796938ef39d9c65d3cd39610efbf0c70cff03ec4",
    "schema_version": "1.0.0",
    "event_type": "agent_order",
    "source": "synthetic_agent",
    "symbol": "BTCUSDT",
    "exchange": "binance_usdm",
    "timestamp": "2024-05-01T00:00:00.112000Z",
    "sequence": 14,
    "scenario_id": "scenario-296-latency_edge",
    "agent_id": "agent-latency_edge",
    "order_id": "scenario-296-latency_edge-agent-latency_edge-14",
    "action": "new",
    "side": "sell",
    "price": 65256.8224,
    "quantity": 0.006,
    "remaining_quantity": 0.006
  },
  {
    "event_id": "c5679fe5bdb17433fdbf4a10df9c8c91f0414afa7a6ab982aac0d7f09cce93bd",
    "schema_version": "1.0.0",
    "event_type": "agent_order",
    "source": "synthetic_agent",
    "symbol": "BTCUSDT",
    "exchange": "binance_usdm",
    "timestamp": "2024-05-01T00:00:00.120000Z",
    "sequence": 15,
    "scenario_id": "scenario-296-latency_edge",
    "agent_id": "agent-latency_edge",
    "order_id": "scenario-296-latency_edge-agent-latency_edge-15",
    "action": "new",
    "side": "sell",
    "price": 65256.8224,
    "quantity": 0.006,
    "remaining_quantity": 0.006
  },
  {
    "event_id": "0d272d946cf48c5f4b17d83ccde3ddf6c1bfd12f18f36233f506fa57b5505786",
    "schema_version": "1.0.0",
    "event_type": "agent_order",
    "source": "synthetic_agent",
    "symbol": "BTCUSDT",
    "exchange": "binance_usdm",
    "timestamp": "2024-05-01T00:00:00.128000Z",
    "sequence": 16,
    "scenario_id": "scenario-296-latency_edge",
    "agent_id": "agent-latency_edge",
    "order_id": "scenario-296-latency_edge-agent-latency_edge-16",
    "action": "new",
    "side": "buy",
    "price": 65335.177599999995,
    "quantity": 0.006,
    "remaining_quantity": 0.006
  },
  {
    "event_id": "038aa0b493480593b6dda00a3412c1692af15054a03a043d9b398c0adaae0f15",
    "schema_version": "1.0.0",
    "event_type": "agent_order",
    "source": "synthetic_agent",
    "symbol": "BTCUSDT",
    "exchange": "binance_usdm",
    "timestamp": "2024-05-01T00:00:00.136000Z",
    "sequence": 17,
    "scenario_id": "scenario-296-latency_edge",
    "agent_id": "agent-latency_edge",
    "order_id": "scenario-296-latency_edge-agent-latency_edge-17",
    "action": "new",
    "side": "buy",
    "price": 65335.177599999995,
    "quantity": 0.006,
    "remaining_quantity": 0.006
  },
  {
    "event_id": "952496edcbde1fd1641a524189f3dadc6482a6b22997b86237d24822779c27fe",
    "schema_version": "1.0.0",
    "event_type": "agent_order",
    "source": "synthetic_agent",
    "symbol": "BTCUSDT",
    "exchange": "binance_usdm",
    "timestamp": "2024-05-01T00:00:00.144000Z",
    "sequence": 18,
    "scenario_id": "scenario-296-latency_edge",
    "agent_id": "agent-latency_edge",
    "order_id": "scenario-296-latency_edge-agent-latency_edge-18",
    "action": "new",
    "side": "sell",
    "price": 65256.8224,
    "quantity": 0.006,
    "remaining_quantity": 0.006
  },
  {
    "event_id": "8ac58c38ba2c6cfcaf41a99361230fda5f6cdfa7f96a912e0168563150beb836",
    "schema_version": "1.0.0",
    "event_type": "agent_order",
    "source": "synthetic_agent",
    "symbol": "BTCUSDT",
    "exchange": "binance_usdm",
    "timestamp": "2024-05-01T00:00:00.152000Z",
    "sequence": 19,
    "scenario_id": "scenario-296-latency_edge",
    "agent_id": "agent-latency_edge",
    "order_id": "scenario-296-latency_edge-agent-latency_edge-19",
    "action": "new",
    "side": "sell",
    "price": 65256.8224,
    "quantity": 0.006,
    "remaining_quantity": 0.006
  },
  {
    "event_id": "08e1ab48b0d1c0c3dbb0b011279a5fb6855124f105d366e8f38a3fe8634b541f",
    "schema_version": "1.0.0",
    "event_type": "agent_order",
    "source": "synthetic_agent",
    "symbol": "BTCUSDT",
    "exchange": "binance_usdm",
    "timestamp": "2024-05-01T00:00:00.160000Z",
    "sequence": 20,
    "scenario_id": "scenario-296-latency_edge",
    "agent_id": "agent-latency_edge",
    "order_id": "scenario-296-latency_edge-agent-latency_edge-20",
    "action": "new",
    "side": "buy",
    "price": 65335.177599999995,
    "quantity": 0.006,
    "remaining_quantity": 0.006
  },
  {
    "event_id": "52c82140823f7f41749384dea88e1d2cfcdd496078adedf57cf1ebe08ebc7b31",
    "schema_version": "1.0.0",
    "event_type": "agent_order",
    "source": "synthetic_agent",
    "symbol": "BTCUSDT",
    "exchange": "binance_usdm",
    "timestamp": "2024-05-01T00:00:00.168000Z",
    "sequence": 21,
    "scenario_id": "scenario-296-latency_edge",
    "agent_id": "agent-latency_edge",
    "order_id": "scenario-296-latency_edge-agent-latency_edge-21",
    "action": "new",
    "side": "buy",
    "price": 65335.177599999995,
    "quantity": 0.006,
    "remaining_quantity": 0.006
  },
  {
    "event_id": "afe9b41ba808a058a7fdb99004036f84683a7c837b660d3af26dd8cc7436d71e",
    "schema_version": "1.0.0",
    "event_type": "agent_order",
    "source": "synthetic_agent",
    "symbol": "BTCUSDT",
    "exchange": "binance_usdm",
    "timestamp": "2024-05-01T00:00:00.176000Z",
    "sequence": 22,
    "scenario_id": "scenario-296-latency_edge",
    "agent_id": "agent-latency_edge",
    "order_id": "scenario-296-latency_edge-agent-latency_edge-22",
    "action": "new",
    "side": "sell",
    "price": 65256.8224,
    "quantity": 0.006,
    "remaining_quantity": 0.006
  },
  {
    "event_id": "07f04ee1ed7bad3e3e32f2a4b8dd54e15bf08e41d21263e13c249abbe5cf36c6",
    "schema_version": "1.0.0",
    "event_type": "agent_order",
    "source": "synthetic_agent",
    "symbol": "BTCUSDT",
    "exchange": "binance_usdm",
    "timestamp": "2024-05-01T00:00:00.184000Z",
    "sequence": 23,
    "scenario_id": "scenario-296-latency_edge",
    "agent_id": "agent-latency_edge",
    "order_id": "scenario-296-latency_edge-agent-latency_edge-23",
    "action": "new",
    "side": "sell",
    "price": 65256.8224,
    "quantity": 0.006,
    "remaining_quantity": 0.006
  },
  {
    "event_id": "9f73ec6e18aa20d69f5a621ad2c5ec7c707cd76e792b780e0e0a13a2855fa7d9",
    "schema_version": "1.0.0",
    "event_type": "agent_order",
    "source": "synthetic_agent",
    "symbol": "BTCUSDT",
    "exchange": "binance_usdm",
    "timestamp": "2024-05-01T00:00:00.192000Z",
    "sequence": 24,
    "scenario_id": "scenario-296-latency_edge",
    "agent_id": "agent-latency_edge",
    "order_id": "scenario-296-latency_edge-agent-latency_edge-24",
    "action": "new",
    "side": "buy",
    "price": 65335.177599999995,
    "quantity": 0.006,
    "remaining_quantity": 0.006
  },
  {
    "event_id": "018c8d4535a90b673ba053e8a5654aadb4b69a6cb54a830e68157bc8f969ff20",
    "schema_version": "1.0.0",
    "event_type": "agent_order",
    "source": "synthetic_agent",
    "symbol": "BTCUSDT",
    "exchange": "binance_usdm",
    "timestamp": "2024-05-01T00:00:00.200000Z",
    "sequence": 25,
    "scenario_id": "scenario-296-latency_edge",
    "agent_id": "agent-latency_edge",
    "order_id": "scenario-296-latency_edge-agent-latency_edge-25",
    "action": "new",
    "side": "buy",
    "price": 65335.177599999995,
    "quantity": 0.006,
    "remaining_quantity": 0.006
  },
  {
    "event_id": "28f9a3d72192e67f5c3df947b860f0af53e5c467bcfb1bc57dbffb8cac664bab",
    "schema_version": "1.0.0",
    "event_type": "agent_order",
    "source": "synthetic_agent",
    "symbol": "BTCUSDT",
    "exchange": "binance_usdm",
    "timestamp": "2024-05-01T00:00:00.208000Z",
    "sequence": 26,
    "scenario_id": "scenario-296-latency_edge",
    "agent_id": "agent-latency_edge",
    "order_id": "scenario-296-latency_edge-agent-latency_edge-26",
    "action": "new",
    "side": "sell",
    "price": 65256.8224,
    "quantity": 0.006,
    "remaining_quantity": 0.006
  },
  {
    "event_id": "f922a0121ebd8732cc7522d60821f92c0a5ba25659b933544a826473c8e05674",
    "schema_version": "1.0.0",
    "event_type": "agent_order",
    "source": "synthetic_agent",
    "symbol": "BTCUSDT",
    "exchange": "binance_usdm",
    "timestamp": "2024-05-01T00:00:00.216000Z",
    "sequence": 27,
    "scenario_id": "scenario-296-latency_edge",
    "agent_id": "agent-latency_edge",
    "order_id": "scenario-296-latency_edge-agent-latency_edge-27",
    "action": "new",
    "side": "sell",
    "price": 65256.8224,
    "quantity": 0.006,
    "remaining_quantity": 0.006
  },
  {
    "event_id": "f06f3825b7bfa70d0ea3599f489e6da9934b13d60f2ae8ca06663d4c8696b510",
    "schema_version": "1.0.0",
    "event_type": "agent_order",
    "source": "synthetic_agent",
    "symbol": "BTCUSDT",
    "exchange": "binance_usdm",
    "timestamp": "2024-05-01T00:00:00.224000Z",
    "sequence": 28,
    "scenario_id": "scenario-296-latency_edge",
    "agent_id": "agent-latency_edge",
    "order_id": "scenario-296-latency_edge-agent-latency_edge-28",
    "action": "new",
    "side": "buy",
    "price": 65335.177599999995,
    "quantity": 0.006,
    "remaining_quantity": 0.006
  },
  {
    "event_id": "475a7892ec1602639a2199351bbb4b85dc18b7d1ba199779fc9e9a7075ac5302",
    "schema_version": "1.0.0",
    "event_type": "agent_order",
    "source": "synthetic_agent",
    "symbol": "BTCUSDT",
    "exchange": "binance_usdm",
    "timestamp": "2024-05-01T00:00:00.232000Z",
    "sequence": 29,
    "scenario_id": "scenario-296-latency_edge",
    "agent_id": "agent-latency_edge",
    "order_id": "scenario-296-latency_edge-agent-latency_edge-29",
    "action": "new",
    "side": "buy",
    "price": 65335.177599999995,
    "quantity": 0.006,
    "remaining_quantity": 0.006
  }
]