[
  {
    "event_id": "c4d49be3b7d9bcc11bd874064c4b02f19570d72448b424d14e8e1686b3da1fae",
    "schema_version": "1.0.0",
    "event_type": "agent_order",
    "source": "synthetic_agent",
    "symbol": "BTCUSDT",
    "exchange": "binance_usdm",
    "timestamp": "2024-05-01T00:00:00Z",
    "sequence": 0,
    "scenario_id": "scenario-244-quote_stuffing",
    "agent_id": "agent-quote_stuffing",
    "order_id": "scenario-244-quote_stuffing-agent-quote_stuffing-0",
    "action": "new",
    "side": "buy",
    "price": 65237.4756,
    "quantity": 0.001,
    "remaining_quantity": 0.001
  },
  {
    "event_id": "9f8aab9ebc08da8d1f9ff86aec69b584fc1f83b00f164815a90251609c643c81",
    "schema_version": "1.0.0",
    "event_type": "agent_order",
    "source": "synthetic_agent",
    "symbol": "BTCUSDT",
    "exchange": "binance_usdm",
    "timestamp": "2024-05-01T00:00:00.005000Z",
    "sequence": 1,
    "scenario_id": "scenario-244-quote_stuffing",
    "agent_id": "agent-quote_stuffing",
    "order_id": "scenario-244-quote_stuffing-agent-quote_stuffing-1",
    "action": "new",
    "side": "sell",
    "price": 65250.5244,
    "quantity": 0.001,
    "remaining_quantity": 0.001
  },
  {
    "event_id": "a0e900c7a695369868b6d2005f6372ead0715e028ed2d3a86066840c2fddd3a2",
    "schema_version": "1.0.0",
    "event_type": "agent_order",
    "source": "synthetic_agent",
    "symbol": "BTCUSDT",
    "exchange": "binance_usdm",
    "timestamp": "2024-05-01T00:00:00.010000Z",
    "sequence": 2,
    "scenario_id": "scenario-244-quote_stuffing",
    "agent_id": "agent-quote_stuffing",
    "order_id": "scenario-244-quote_stuffing-agent-quote_stuffing-2",
    "action": "new",
    "side": "buy",
    "price": 65237.4756,
    "quantity": 0.001,
    "remaining_quantity": 0.001
  },
  {
    "event_id": "568220aee4fe3b0252aa4ad04d2005685b9e7cd66bafa23dbe2e2358451388ab",
    "schema_version": "1.0.0",
    "event_type": "agent_order",
    "source": "synthetic_agent",
    "symbol": "BTCUSDT",
    "exchange": "binance_usdm",
    "timestamp": "2024-05-01T00:00:00.015000Z",
    "sequence": 3,
    "scenario_id": "scenario-244-quote_stuffing",
    "agent_id": "agent-quote_stuffing",
    "order_id": "scenario-244-quote_stuffing-agent-quote_stuffing-3",
    "action": "new",
    "side": "sell",
    "price": 65250.5244,
    "quantity": 0.001,
    "remaining_quantity": 0.001
  },
  {
    "event_id": "f80703fc161767d16d511259eeffe011dd19d6fbae41e3ff0bba3b1e745f3bed",
    "schema_version": "1.0.0",
    "event_type": "agent_order",
    "source": "synthetic_agent",
    "symbol": "BTCUSDT",
    "exchange": "binance_usdm",
    "timestamp": "2024-05-01T00:00:00.020000Z",
    "sequence": 4,
    "scenario_id": "scenario-244-quote_stuffing",
    "agent_id": "agent-quote_stuffing",
    "order_id": "scenario-244-quote_stuffing-agent-quote_stuffing-4",
    "action": "new",
    "side": "buy",
    "price": 65237.4756,
    "quantity": 0.001,
    "remaining_quantity": 0.001
  },
  {
    "event_id": "4cd796d5e899148f1881aec49a22cd498bb9b0b2038ca545ebba7f1e559d60d2",
    "schema_version": "1.0.0",
    "event_type": "agent_order",
    "source": "synthetic_agent",
    "symbol": "BTCUSDT",
    "exchange": "binance_usdm",
    "timestamp": "2024-05-01T00:00:00.025000Z",
    "sequence": 5,
    "scenario_id": "scenario-244-quote_stuffing",
    "agent_id": "agent-quote_stuffing",
    "order_id": "scenario-244-quote_stuffing-agent-quote_stuffing-5",
    "action": "new",
    "side": "sell",
    "price": 65250.5244,
    "quantity": 0.001,
    "remaining_quantity": 0.001
  },
  {
    "event_id": "5c9c9429c6a62d9a885d10271b63f2f702e569ade32d9df8857231fb999bcc72",
    "schema_version": "1.0.0",
    "event_type": "agent_order",
    "source": "synthetic_agent",
    "symbol": "BTCUSDT",
    "exchange": "binance_usdm",
    "timestamp": "2024-05-01T00:00:00.030000Z",
    "sequence": 6,
    "scenario_id": "scenario-244-quote_stuffing",
    "agent_id": "agent-quote_stuffing",
    "order_id": "scenario-244-quote_stuffing-agent-quote_stuffing-6",
    "action": "new",
    "side": "buy",
    "price": 65237.4756,
    "quantity": 0.001,
    "remaining_quantity": 0.001
  },
  {
    "event_id": "59013516579a47e252237ec0f44c4d8fe04f765159a89257c02425df0f21b051",
    "schema_version": "1.0.0",
    "event_type": "agent_order",
    "source": "synthetic_agent",
    "symbol": "BTCUSDT",
    "exchange": "binance_usdm",
    "timestamp": "2024-05-01T00:00:00.035000Z",
    "sequence": 7,
    "scenario_id": "scenario-244-quote_stuffing",
    "agent_id": "agent-quote_stuffing",
    "order_id": "scenario-244-quote_stuffing-agent-quote_stuffing-7",
    "action": "new",
    "side": "sell",
    "price": 65250.5244,
    "quantity": 0.001,
    "remaining_quantity": 0.001
  },
  {
    "event_id": "0f2de647e04c69fdcd65521ac24a40c0ff625000291a8dc88374f0451e61e8fc",
    "schema_version": "1.0.0",
    "event_type": "agent_order",
    "source": "synthetic_agent",
    "symbol": "BTCUSDT",
    "exchange": "binance_usdm",
    "timestamp": "2024-05-01T00:00:00.040000Z",
    "sequence": 8,
    "scenario_id": "scenario-244-quote_stuffing",
    "agent_id": "agent-quote_stuffing",
    "order_id": "scenario-244-quote_stuffing-agent-quote_stuffing-8",
    "action": "new",
    "side": "buy",
    "price": 65237.4756,
    "quantity": 0.001,
    "remaining_quantity": 0.001
  },
  {
    "event_id": "20eb7829d479b4761b24a3b9f686df034ade56df7d2732d9a7b54ddc047e5b6f",
    "schema_version": "1.0.0",
    "event_type": "agent_order",
    "source": "synthetic_agent",
    "symbol": "BTCUSDT",
    "exchange": "binance_usdm",
    "timestamp": "2024-05-01T00:00:00.045000Z",
    "sequence": 9,
    "scenario_id": "scenario-244-quote_stuffing",
    "agent_id": "agent-quote_stuffing",
    "order_id": "scenario-244-quote_stuffing-agent-quote_stuffing-9",
    "action": "new",
    "side": "sell",
    "price": 65250.5244,
    "quantity": 0.001,
    "remaining_quantity": 0.001
  },
  {
    "event_id": "6f4aff333f5576bf75222941a74587f9645a7bcbd6d38d66749a609cf77b471f",
    "schema_version": "1.0.0",
    "event_type": "agent_order",
    "source": "synthetic_agent",
    "symbol": "BTCUSDT",
    "exchange": "binance_usdm",
    "timestamp": "2024-05-01T00:00:00.050000Z",
    "sequence": 10,
    "scenario_id": "scenario-244-quote_stuffing",
    "agent_id": "agent-quote_stuffing",
    "order_id": "scenario-244-quote_stuffing-agent-quote_stuffing-10",
    "action": "new",
    "side": "buy",
    "price": 65237.4756,
    "quantity": 0.001,
    "remaining_quantity": 0.001
  },
  {
    "event_id": "3f4f90126cff7b79e770783acb80b68f3d1a0663c1210f05ae8d8db7fb1560be",
    "schema_version": "1.0.0",
    "event_type": "agent_order",
    "source": "synthetic_agent",
    "symbol": "BTCUSDT",
    "exchange": "binance_usdm",
    "timestamp": "2024-05-01T00:00:00.055000Z",
    "sequence": 11,
    "scenario_id": "scenario-244-quote_stuffing",
    "agent_id": "agent-quote_stuffing",
    "order_id": "scenario-244-quote_stuffing-agent-quote_stuffing-11",
    "action": "new",
    "side": "sell",
    "price": 65250.5244,
    "quantity": 0.001,
    "remaining_quantity": 0.001
  },
  {
    "event_id": "83501cf55d4af8ae49ac2495305de3f114ac3e4b1ecc964a68f216c24db60eda",
    "schema_version": "1.0.0",
    "event_type": "agent_order",
    "source": "synthetic_agent",
    "symbol": "BTCUSDT",
    "exchange": "binance_usdm",
    "timestamp": "2024-05-01T00:00:00.060000Z",
    "sequence": 12,
    "scenario_id": "scenario-244-quote_stuffing",
    "agent_id": "agent-quote_stuffing",
    "order_id": "scenario-244-quote_stuffing-agent-quote_stuffing-12",
    "action": "new",
    "side": "buy",
    "price": 65237.4756,
    "quantity": 0.001,
    "remaining_quantity": 0.001
  },
  {
    "event_id": "2065800753aa2b1f59a6cce4d7429090059b9e5dff2b5e6281f3e74cc465a693",
    "schema_version": "1.0.0",
    "event_type": "agent_order",
    "source": "synthetic_agent",
    "symbol": "BTCUSDT",
    "exchange": "binance_usdm",
    "timestamp": "2024-05-01T00:00:00.065000Z",
    "sequence": 13,
    "scenario_id": "scenario-244-quote_stuffing",
    "agent_id": "agent-quote_stuffing",
    "order_id": "scenario-244-quote_stuffing-agent-quote_stuffing-13",
    "action": "new",
    "side": "sell",
    "price": 65250.5244,
    "quantity": 0.001,
    "remaining_quantity": 0.001
  },
  {
    "event_id": "f779417099654c14acdae7680736cb27abff656ab9246e10021890bc16fd81f0",
    "schema_version": "1.0.0",
    "event_type": "agent_order",
    "source": "synthetic_agent",
    "symbol": "BTCUSDT",
    "exchange": "binance_usdm",
    "timestamp": "2024-05-01T00:00:00.070000Z",
    "sequence": 14,
    "scenario_id": "scenario-244-quote_stuffing",
    "agent_id": "agent-quote_stuffing",
    "order_id": "scenario-244-quote_stuffing-agent-quote_stuffing-14",
    "action": "new",
    "side": "buy",
    "price": 65237.4756,
    "quantity": 0.001,
    "remaining_quantity": 0.001
  },
  {
    "event_id": "4c2e3fa5644ec7f234c0e77f67e09d524ac770f8c1a5d189014d5eeeffd6085c",
    "schema_version": "1.0.0",
    "event_type": "agent_order",
    "source": "synthetic_agent",
    "symbol": "BTCUSDT",
    "exchange": "binance_usdm",
    "timestamp": "2024-05-01T00:00:00.075000Z",
    "sequence": 15,
    "scenario_id": "scenario-244-quote_stuffing",
    "agent_id": "agent-quote_stuffing",
    "order_id": "scenario-244-quote_stuffing-agent-quote_stuffing-15",
    "action": "new",
    "side": "sell",
    "price": 65250.5244,
    "quantity": 0.001,
    "remaining_quantity": 0.001
  },
  {
    "event_id": "85d670b4b6b43bb28de912bfc388dfec8afcd480fbf073ba13b603918ff0ef0a",
    "schema_version": "1.0.0",
    "event_type": "agent_order",
    "source": "synthetic_agent",
    "symbol": "BTCUSDT",
    "exchange": "binance_usdm",
    "timestamp": "2024-05-01T00:00:00.080000Z",
    "sequence": 16,
    "scenario_id": "scenario-244-quote_stuffing",
    "agent_id": "agent-quote_stuffing",
    "order_id": "scenario-244-quote_stuffing-agent-quote_stuffing-16",
    "action": "new",
    "side": "buy",
    "price": 65237.4756,
    "quantity": 0.001,
    "remaining_quantity": 0.001
  },
  {
    "event_id": "ab8d654ad80210a972c148aff6591065729cb81a949c1d69cf0959ec8882f717",
    "schema_version": "1.0.0",
    "event_type": "agent_order",
    "source": "synthetic_agent",
    "symbol": "BTCUSDT",
    "exchange": "binance_usdm",
    "timestamp": "2024-05-01T00:00:00.085000Z",
    "sequence": 17,
    "scenario_id": "scenario-244-quote_stuffing",
    "agent_id": "agent-quote_stuffing",
    "order_id": "scenario-244-quote_stuffing-agent-quote_stuffing-17",
    "action": "new",
    "side": "sell",
    "price": 65250.5244,
    "quantity": 0.001,
    "remaining_quantity": 0.001
  },
  {
    "event_id": "d7f819c61d48c157443aee46a67623f153204364066e8b1714837fe5aab44fdf",
    "schema_version": "1.0.0",
    "event_type": "agent_order",
    "source": "synthetic_agent",
    "symbol": "BTCUSDT",
    "exchange": "binance_usdm",
    "timestamp": "2024-05-01T00:00:00.090000Z",
    "sequence": 18,
    "scenario_id": "scenario-244-quote_stuffing",
    "agent_id": "agent-quote_stuffing",
    "order_id": "scenario-244-quote_stuffing-agent-quote_stuffing-18",
    "action": "new",
    "side": "buy",
    "price": 65237.4756,
    "quantity": 0.001,
    "remaining_quantity": 0.001
  },
  {
    "event_id": "e1712cd15e98b28a4924c0dacfc503fab1098f8f724f4ea44e543fb2272f9ed2",
    "schema_version": "1.0.0",
    "event_type": "agent_order",
    "source": "synthetic_agent",
    "symbol": "BTCUSDT",
    "exchange": "binance_usdm",
    "timestamp": "2024-05-01T00:00:00.095000Z",
    "sequence": 19,
    "scenario_id": "scenario-244-quote_stuffing",
    "agent_id": "agent-quote_stuffing",
    "order_id": "scenario-244-quote_stuffing-agent-quote_stuffing-19",
    "action": "new",
    "side": "sell",
    "price": 65250.5244,
    "quantity": 0.001,
    "remaining_quantity": 0.001
  },
  {
    "event_id": "0ec6d3d851586f013671a6f550f6fb19e86005f2062c606e0059134b718e9835",
    "schema_version": "1.0.0",
    "event_type": "agent_order",
    "source": "synthetic_agent",
    "symbol": "BTCUSDT",
    "exchange": "binance_usdm",
    "timestamp": "2024-05-01T00:00:00.100000Z",
    "sequence": 20,
    "scenario_id": "scenario-244-quote_stuffing",
    "agent_id": "agent-quote_stuffing",
    "order_id": "scenario-244-quote_stuffing-agent-quote_stuffing-20",
    "action": "new",
    "side": "buy",
    "price": 65237.4756,
    "quantity": 0.001,
    "remaining_quantity": 0.001
  },
  {
    "event_id": "72ae0cca911d959d167a98d53148fabc771bfe9f04703a1f0db2b16104740ada",
    "schema_version": "1.0.0",
    "event_type": "agent_order",
    "source": "synthetic_agent",
    "symbol": "BTCUSDT",
    "exchange": "binance_usdm",
    "timestamp": "2024-05-01T00:00:00.105000Z",
    "sequence": 21,
    "scenario_id": "scenario-244-quote_stuffing",
    "agent_id": "agent-quote_stuffing",
    "order_id": "scenario-244-quote_stuffing-agent-quote_stuffing-21",
    "action": "new",
    "side": "sell",
    "price": 65250.5244,
    "quantity": 0.001,
    "remaining_quantity": 0.001
  },
  {
    "event_id": "8562b826901baeb816a26069bc31d8c3dd572156dd843452fafeb45f508252cb",
    "schema_version": "1.0.0",
    "event_type": "agent_order",
    "source": "synthetic_agent",
    "symbol": "BTCUSDT",
    "exchange": "binance_usdm",
    "timestamp": "2024-05-01T00:00:00.110000Z",
    "sequence": 22,
    "scenario_id": "scenario-244-quote_stuffing",
    "agent_id": "agent-quote_stuffing",
    "order_id": "scenario-244-quote_stuffing-agent-quote_stuffing-22",
    "action": "new",
    "side": "buy",
    "price": 65237.4756,
    "quantity": 0.001,
    "remaining_quantity": 0.001
  },
  {
    "event_id": "4a2d27c12e3df795dde83a2bf366620b66709b2b273c25f707224b351f6b93d6",
    "schema_version": "1.0.0",
    "event_type": "agent_order",
    "source": "synthetic_agent",
    "symbol": "BTCUSDT",
    "exchange": "binance_usdm",
    "timestamp": "2024-05-01T00:00:00.115000Z",
    "sequence": 23,
    "scenario_id": "scenario-244-quote_stuffing",
    "agent_id": "agent-quote_stuffing",
    "order_id": "scenario-244-quote_stuffing-agent-quote_stuffing-23",
    "action": "new",
    "side": "sell",
    "price": 65250.5244,
    "quantity": 0.001,
    "remaining_quantity": 0.001
  },
  {
    "event_id": "d08dd6de1f758ab0c6da818d0b3550a596e21cdbc8e42aae2917ecadf30a4756",
    "schema_version": "1.0.0",
    "event_type": "agent_order",
    "source": "synthetic_agent",
    "symbol": "BTCUSDT",
    "exchange": "binance_usdm",
    "timestamp": "2024-05-01T00:00:00.120000Z",
    "sequence": 24,
    "scenario_id": "scenario-244-quote_stuffing",
    "agent_id": "agent-quote_stuffing",
    "order_id": "scenario-244-quote_stuffing-agent-quote_stuffing-24",
    "action": "new",
    "side": "buy",
    "price": 65237.4756,
    "quantity": 0.001,
    "remaining_quantity": 0.001
  },
  {
    "event_id": "4ab6d3d329f4d37a24a5d05d994bc9bb1527a34482b7d03e7dea6d042dacb27f",
    "schema_version": "1.0.0",
    "event_type": "agent_order",
    "source": "synthetic_agent",
    "symbol": "BTCUSDT",
    "exchange": "binance_usdm",
    "timestamp": "2024-05-01T00:00:00.125000Z",
    "sequence": 25,
    "scenario_id": "scenario-244-quote_stuffing",
    "agent_id": "agent-quote_stuffing",
    "order_id": "scenario-244-quote_stuffing-agent-quote_stuffing-25",
    "action": "new",
    "side": "sell",
    "price": 65250.5244,
    "quantity": 0.001,
    "remaining_quantity": 0.001
  },
  {
    "event_id": "6de1b805172f85b07490aa413a24cab92be2e44fedeed2856f4a2e3cfea341ea",
    "schema_version": "1.0.0",
    "event_type": "agent_order",
    "source": "synthetic_agent",
    "symbol": "BTCUSDT",
    "exchange": "binance_usdm",
    "timestamp": "2024-05-01T00:00:00.130000Z",
    "sequence": 26,
    "scenario_id": "scenario-244-quote_stuffing",
    "agent_id": "agent-quote_stuffing",
    "order_id": "scenario-244-quote_stuffing-agent-quote_stuffing-26",
    "action": "new",
    "side": "buy",
    "price": 65237.4756,
    "quantity": 0.001,
    "remaining_quantity": 0.001
  },
  {
    "event_id": "6fb539d2c8d45e3191766386c0778f4be62aaea23179245ccb28c0c5f497002d",
    "schema_version": "1.0.0",
    "event_type": "agent_order",
    "source": "synthetic_agent",
    "symbol": "BTCUSDT",
    "exchange": "binance_usdm",
    "timestamp": "2024-05-01T00:00:00.135000Z",
    "sequence": 27,
    "scenario_id": "scenario-244-quote_stuffing",
    "agent_id": "agent-quote_stuffing",
    "order_id": "scenario-244-quote_stuffing-agent-quote_stuffing-27",
    "action": "new",
    "side": "sell",
    "price": 65250.5244,
    "quantity": 0.001,
    "remaining_quantity": 0.001
  },
  {
    "event_id": "836d4abc33561fec7173589e9e6f7d73a55c9eecd34e94a2e0bcb4863c11b384",
    "schema_version": "1.0.0",
    "event_type": "agent_order",
    "source": "synthetic_agent",
    "symbol": "BTCUSDT",
    "exchange": "binance_usdm",
    "timestamp": "2024-05-01T00:00:00.140000Z",
    "sequence": 28,
    "scenario_id": "scenario-244-quote_stuffing",
    "agent_id": "agent-quote_stuffing",
    "order_id": "scenario-244-quote_stuffing-agent-quote_stuffing-28",
    "action": "new",
    "side": "buy",
    "price": 65237.4756,
    "quantity": 0.001,
    "remaining_quantity": 0.001
  },
  {
    "event_id": "778968404bd22522298ca95fda1f8dcb4ec01f234db6233e4bbedde17fa290a5",
    "schema_version": "1.0.0",
    "event_type": "agent_order",
    "source": "synthetic_agent",
    "symbol": "BTCUSDT",
    "exchange": "binance_usdm",
    "timestamp": "2024-05-01T00:00:00.145000Z",
    "sequence": 29,
    "scenario_id": "scenario-244-quote_stuffing",
    "agent_id": "agent-quote_stuffing",
    "order_id": "scenario-244-quote_stuffing-agent-quote_stuffing-29",
    "action": "new",
    "side": "sell",
    "price": 65250.5244,
    "quantity": 0.001,
    "remaining_quantity": 0.001
  }
]