[
  {
    "event_id": "a4ff3a0c2cdb10c2a4606b883fffce13e8783c7d2db25f4e75340643696ca87c",
    "schema_version": "1.0.0",
    "event_type": "agent_order",
    "source": "synthetic_agent",
    "symbol": "BTCUSDT",
    "exchange": "binance_usdm",
    "timestamp": "2024-05-01T00:00:00Z",
    "sequence": 0,
    "scenario_id": "scenario-048-passive_market_maker",
    "agent_id": "agent-passive_market_maker",
    "order_id": "scenario-048-passive_market_maker-agent-passive_market_maker-0",
    "action": "new",
    "side": "buy",
    "price": 64982.952,
    "quantity": 0.01,
    "remaining_quantity": 0.01
  },
  {
    "event_id": "43d937153c8af551877f18f57f6cef1e3cb7a5af1d391ed07628c4400ac35af3",
    "schema_version": "1.0.0",
    "event_type": "agent_order",
    "source": "synthetic_agent",
    "symbol": "BTCUSDT",
    "exchange": "binance_usdm",
    "timestamp": "2024-05-01T00:00:00.100000Z",
    "sequence": 1,
    "scenario_id": "scenario-048-passive_market_maker",
    "agent_id": "agent-passive_market_maker",
    "order_id": "scenario-048-passive_market_maker-agent-passive_market_maker-1",
    "action": "new",
    "side": "sell",
    "price": 65113.047999999995,
    "quantity": 0.01,
    "remaining_quantity": 0.01
  },
  {
    "event_id": "3bb55b45d9dcc0f182f340fde886531c9bfbf215c3e43230841d9f24df5984e8",
    "schema_version": "1.0.0",
    "event_type": "agent_order",
    "source": "synthetic_agent",
    "symbol": "BTCUSDT",
    "exchange": "binance_usdm",
    "timestamp": "2024-05-01T00:00:00.200000Z",
    "sequence": 2,
    "scenario_id": "scenario-048-passive_market_maker",
    "agent_id": "agent-passive_market_maker",
    "order_id": "scenario-048-passive_market_maker-agent-passive_market_maker-2",
    "action": "new",
    "side": "buy",
    "price": 64982.952,
    "quantity": 0.01,
    "remaining_quantity": 0.01
  },
  {
    "event_id": "08ff4873ff5bf5d99073ab9dc5223ef7a29424fa997b9c87bf6fa4497b693489",
    "schema_version": "1.0.0",
    "event_type": "agent_order",
    "source": "synthetic_agent",
    "symbol": "BTCUSDT",
    "exchange": "binance_usdm",
    "timestamp": "2024-05-01T00:00:00.300000Z",
    "sequence": 3,
    "scenario_id": "scenario-048-passive_market_maker",
    "agent_id": "agent-passive_market_maker",
    "order_id": "scenario-048-passive_market_maker-agent-passive_market_maker-3",
    "action": "new",
    "side": "sell",
    "price": 65113.047999999995,
    "quantity": 0.01,
    "remaining_quantity": 0.01
  },
  {
    "event_id": "f5be182c7681c6778967462bbfcd6ae2031ffabe561a21548b1d6ef7e84635c6",
    "schema_version": "1.0.0",
    "event_type": "agent_order",
    "source": "synthetic_agent",
    "symbol": "BTCUSDT",
    "exchange": "binance_usdm",
    "timestamp": "2024-05-01T00:00:00.400000Z",
    "sequence": 4,
    "scenario_id": "scenario-048-passive_market_maker",
    "agent_id": "agent-passive_market_maker",
    "order_id": "scenario-048-passive_market_maker-agent-passive_market_maker-4",
    "action": "new",
    "side": "buy",
    "price": 64982.952,
    "quantity": 0.01,
    "remaining_quantity": 0.01
  },
  {
    "event_id": "06bc826b32a0ad3e5a8aea05754ca014082be047b8d8ac6c3f2b28c398176a78",
    "schema_version": "1.0.0",
    "event_type": "agent_order",
    "source": "synthetic_agent",
    "symbol": "BTCUSDT",
    "exchange": "binance_usdm",
    "timestamp": "2024-05-01T00:00:00.500000Z",
    "sequence": 5,
    "scenario_id": "scenario-048-passive_market_maker",
    "agent_id": "agent-passive_market_maker",
    "order_id": "scenario-048-passive_market_maker-agent-passive_market_maker-5",
    "action": "new",
    "side": "sell",
    "price": 65113.047999999995,
    "quantity": 0.01,
    "remaining_quantity": 0.01
  },
  {
    "event_id": "6d28c0dd19acc4088cf498b188df1652d08e6c5560f5b24a4bae4b100bb3f939",
    "schema_version": "1.0.0",
    "event_type": "agent_order",
    "source": "synthetic_agent",
    "symbol": "BTCUSDT",
    "exchange": "binance_usdm",
    "timestamp": "2024-05-01T00:00:00.600000Z",
    "sequence": 6,
    "scenario_id": "scenario-048-passive_market_maker",
    "agent_id": "agent-passive_market_maker",
    "order_id": "scenario-048-passive_market_maker-agent-passive_market_maker-6",
    "action": "new",
    "side": "buy",
    "price": 64982.952,
    "quantity": 0.01,
    "remaining_quantity": 0.01
  },
  {
    "event_id": "7d53280a74cdfd3907160546bb49538a7f956c88b7e5c061e57061f0db3404c7",
    "schema_version": "1.0.0",
    "event_type": "agent_order",
    "source": "synthetic_agent",
    "symbol": "BTCUSDT",
    "exchange": "binance_usdm",
    "timestamp": "2024-05-01T00:00:00.700000Z",
    "sequence": 7,
    "scenario_id": "scenario-048-passive_market_maker",
    "agent_id": "agent-passive_market_maker",
    "order_id": "scenario-048-passive_market_maker-agent-passive_market_maker-7",
    "action": "new",
    "side": "sell",
    "price": 65113.047999999995,
    "quantity": 0.01,
    "remaining_quantity": 0.01
  },
  {
    "event_id": "ea37f9e3ef4878667c0691644a014d8970923c9736db63c37cd34f0ee5594201",
    "schema_version": "1.0.0",
    "event_type": "agent_order",
    "source": "synthetic_agent",
    "symbol": "BTCUSDT",
    "exchange": "binance_usdm",
    "timestamp": "2024-05-01T00:00:00.800000Z",
    "sequence": 8,
    "scenario_id": "scenario-048-passive_market_maker",
    "agent_id": "agent-passive_market_maker",
    "order_id": "scenario-048-passive_market_maker-agent-passive_market_maker-8",
    "action": "new",
    "side": "buy",
    "price": 64982.952,
    "quantity": 0.01,
    "remaining_quantity": 0.01
  },
  {
    "event_id": "a674e813611b6f897ca40da9425d8cdede6521cf7fe7b755d3d77e3dd48b34da",
    "schema_version": "1.0.0",
    "event_type": "agent_order",
    "source": "synthetic_agent",
    "symbol": "BTCUSDT",
    "exchange": "binance_usdm",
    "timestamp": "2024-05-01T00:00:00.900000Z",
    "sequence": 9,
    "scenario_id": "scenario-048-passive_market_maker",
    "agent_id": "agent-passive_market_maker",
    "order_id": "scenario-048-passive_market_maker-agent-passive_market_maker-9",
    "action": "new",
    "side": "sell",
    "price": 65113.047999999995,
    "quantity": 0.01,
    "remaining_quantity": 0.01
  },
  {
    "event_id": "e0a251c6bad888459f0bdcdba13a1a08a1ad37f782e20b6dc819220009dfa9ee",
    "schema_version": "1.0.0",
    "event_type": "agent_order",
    "source": "synthetic_agent",
    "symbol": "BTCUSDT",
    "exchange": "binance_usdm",
    "timestamp": "2024-05-01T00:00:01Z",
    "sequence": 10,
    "scenario_id": "scenario-048-passive_market_maker",
    "agent_id": "agent-passive_market_maker",
    "order_id": "scenario-048-passive_market_maker-agent-passive_market_maker-10",
    "action": "new",
    "side": "buy",
    "price": 64982.952,
    "quantity": 0.01,
    "remaining_quantity": 0.01
  },
  {
    "event_id": "d993a565fc286d04d4d38f5f3cf189464e3f6cef57053bf1c550bc691d4b1301",
    "schema_version": "1.0.0",
    "event_type": "agent_order",
    "source": "synthetic_agent",
    "symbol": "BTCUSDT",
    "exchange": "binance_usdm",
    "timestamp": "2024-05-01T00:00:01.100000Z",
    "sequence": 11,
    "scenario_id": "scenario-048-passive_market_maker",
    "agent_id": "agent-passive_market_maker",
    "order_id": "scenario-048-passive_market_maker-agent-passive_market_maker-11",
    "action": "new",
    "side": "sell",
    "price": 65113.047999999995,
    "quantity": 0.01,
    "remaining_quantity": 0.01
  },
  {
    "event_id": "16258809db38c5f90c4ffff08340b08c27bba880c2d10eeb75e9f64e30286597",
    "schema_version": "1.0.0",
    "event_type": "agent_order",
    "source": "synthetic_agent",
    "symbol": "BTCUSDT",
    "exchange": "binance_usdm",
    "timestamp": "2024-05-01T00:00:01.200000Z",
    "sequence": 12,
    "scenario_id": "scenario-048-passive_market_maker",
    "agent_id": "agent-passive_market_maker",
    "order_id": "scenario-048-passive_market_maker-agent-passive_market_maker-12",
    "action": "new",
    "side": "buy",
    "price": 64982.952,
    "quantity": 0.01,
    "remaining_quantity": 0.01
  },
  {
    "event_id": "921e3a1a7a3975a60eab02392075edb038310565f4b1c3a179bd086f6d60ab4f",
    "schema_version": "1.0.0",
    "event_type": "agent_order",
    "source": "synthetic_agent",
    "symbol": "BTCUSDT",
    "exchange": "binance_usdm",
    "timestamp": "2024-05-01T00:00:01.300000Z",
    "sequence": 13,
    "scenario_id": "scenario-048-passive_market_maker",
    "agent_id": "agent-passive_market_maker",
    "order_id": "scenario-048-passive_market_maker-agent-passive_market_maker-13",
    "action": "new",
    "side": "sell",
    "price": 65113.047999999995,
    "quantity": 0.01,
    "remaining_quantity": 0.01
  },
  {
    "event_id": "dd979db31fec4494c6a6c29946cfef2fd5d9654554f14fee21db0f653ed26c59",
    "schema_version": "1.0.0",
    "event_type": "agent_order",
    "source": "synthetic_agent",
    "symbol": "BTCUSDT",
    "exchange": "binance_usdm",
    "timestamp": "2024-05-01T00:00:01.400000Z",
    "sequence": 14,
    "scenario_id": "scenario-048-passive_market_maker",
    "agent_id": "agent-passive_market_maker",
    "order_id": "scenario-048-passive_market_maker-agent-passive_market_maker-14",
    "action": "new",
    "side": "buy",
    "price": 64982.952,
    "quantity": 0.01,
    "remaining_quantity": 0.01
  },
  {
    "event_id": "35d4bf8f05307d7a2c3781c1712cbdf0fb438a6a0b406b00aa6f3071da8ad615",
    "schema_version": "1.0.0",
    "event_type": "agent_order",
    "source": "synthetic_agent",
    "symbol": "BTCUSDT",
    "exchange": "binance_usdm",
    "timestamp": "2024-05-01T00:00:01.500000Z",
    "sequence": 15,
    "scenario_id": "scenario-048-passive_market_maker",
    "agent_id": "agent-passive_market_maker",
    "order_id": "scenario-048-passive_market_maker-agent-passive_market_maker-15",
    "action": "new",
    "side": "sell",
    "price": 65113.047999999995,
    "quantity": 0.01,
    "remaining_quantity": 0.01
  },
  {
    "event_id": "1fa8d52cb6401234fb77041c38a7d5703460cfb430811462843c4d6ab8fa239b",
    "schema_version": "1.0.0",
    "event_type": "agent_order",
    "source": "synthetic_agent",
    "symbol": "BTCUSDT",
    "exchange": "binance_usdm",
    "timestamp": "2024-05-01T00:00:01.600000Z",
    "sequence": 16,
    "scenario_id": "scenario-048-passive_market_maker",
    "agent_id": "agent-passive_market_maker",
    "order_id": "scenario-048-passive_market_maker-agent-passive_market_maker-16",
    "action": "new",
    "side": "buy",
    "price": 64982.952,
    "quantity": 0.01,
    "remaining_quantity": 0.01
  },
  {
    "event_id": "eab70421d3bb774da71abce789105828644f0f4bf383c4da8bc69c0afaccab5a",
    "schema_version": "1.0.0",
    "event_type": "agent_order",
    "source": "synthetic_agent",
    "symbol": "BTCUSDT",
    "exchange": "binance_usdm",
    "timestamp": "2024-05-01T00:00:01.700000Z",
    "sequence": 17,
    "scenario_id": "scenario-048-passive_market_maker",
    "agent_id": "agent-passive_market_maker",
    "order_id": "scenario-048-passive_market_maker-agent-passive_market_maker-17",
    "action": "new",
    "side": "sell",
    "price": 65113.047999999995,
    "quantity": 0.01,
    "remaining_quantity": 0.01
  },
  {
    "event_id": "9b78f811f6163f16d04a6a0b73ed3c359384dbf71538e326e02d4623470b9117",
    "schema_version": "1.0.0",
    "event_type": "agent_order",
    "source": "synthetic_agent",
    "symbol": "BTCUSDT",
    "exchange": "binance_usdm",
    "timestamp": "2024-05-01T00:00:01.800000Z",
    "sequence": 18,
    "scenario_id": "scenario-048-passive_market_maker",
    "agent_id": "agent-passive_market_maker",
    "order_id": "scenario-048-passive_market_maker-agent-passive_market_maker-18",
    "action": "new",
    "side": "buy",
    "price": 64982.952,
    "quantity": 0.01,
    "remaining_quantity": 0.01
  },
  {
    "event_id": "ff6fd7a16b61c5ab74b4528fd088fb2c3d7cf299a751341befa05e958cfaa7a2",
    "schema_version": "1.0.0",
    "event_type": "agent_order",
    "source": "synthetic_agent",
    "symbol": "BTCUSDT",
    "exchange": "binance_usdm",
    "timestamp": "2024-05-01T00:00:01.900000Z",
    "sequence": 19,
    "scenario_id": "scenario-048-passive_market_maker",
    "agent_id": "agent-passive_market_maker",
    "order_id": "scenario-048-passive_market_maker-agent-passive_market_maker-19",
    "action": "new",
    "side": "sell",
    "price": 65113.047999999995,
    "quantity": 0.01,
    "remaining_quantity": 0.01
  },
  {
    "event_id": "0b68e666043d99346beedadc720b01ba0fc02369f1dbee874739ba77d5512b08",
    "schema_version": "1.0.0",
    "event_type": "agent_order",
    "source": "synthetic_agent",
    "symbol": "BTCUSDT",
    "exchange": "binance_usdm",
    "timestamp": "2024-05-01T00:00:02Z",
    "sequence": 20,
    "scenario_id": "scenario-048-passive_market_maker",
    "agent_id": "agent-passive_market_maker",
    "order_id": "scenario-048-passive_market_maker-agent-passive_market_maker-20",
    "action": "new",
    "side": "buy",
    "price": 64982.952,
    "quantity": 0.01,
    "remaining_quantity": 0.01
  },
  {
    "event_id": "102f8fa151d17d3d651c7603d987b27dc2b2189a48a8e5c2dfc9c22b84fac30d",
    "schema_version": "1.0.0",
    "event_type": "agent_order",
    "source": "synthetic_agent",
    "symbol": "BTCUSDT",
    "exchange": "binance_usdm",
    "timestamp": "2024-05-01T00:00:02.100000Z",
    "sequence": 21,
    "scenario_id": "scenario-048-passive_market_maker",
    "agent_id": "agent-passive_market_maker",
    "order_id": "scenario-048-passive_market_maker-agent-passive_market_maker-21",
    "action": "new",
    "side": "sell",
    "price": 65113.047999999995,
    "quantity": 0.01,
    "remaining_quantity": 0.01
  },
  {
    "event_id": "1aaba12e2ac30b5dc97938192e56d76cf9e53ecdb2c99c8e0fd7ef497c0b8be0",
    "schema_version": "1.0.0",
    "event_type": "agent_order",
    "source": "synthetic_agent",
    "symbol": "BTCUSDT",
    "exchange": "binance_usdm",
    "timestamp": "2024-05-01T00:00:02.200000Z",
    "sequence": 22,
    "scenario_id": "scenario-048-passive_market_maker",
    "agent_id": "agent-passive_market_maker",
    "order_id": "scenario-048-passive_market_maker-agent-passive_market_maker-22",
    "action": "new",
    "side": "buy",
    "price": 64982.952,
    "quantity": 0.01,
    "remaining_quantity": 0.01
  },
  {
    "event_id": "e9ffaafa610bbdd6d8b3f35700eb4efff62ad138f6152e84b0b5a82fb8b6e3bd",
    "schema_version": "1.0.0",
    "event_type": "agent_order",
    "source": "synthetic_agent",
    "symbol": "BTCUSDT",
    "exchange": "binance_usdm",
    "timestamp": "2024-05-01T00:00:02.300000Z",
    "sequence": 23,
    "scenario_id": "scenario-048-passive_market_maker",
    "agent_id": "agent-passive_market_maker",
    "order_id": "scenario-048-passive_market_maker-agent-passive_market_maker-23",
    "action": "new",
    "side": "sell",
    "price": 65113.047999999995,
    "quantity": 0.01,
    "remaining_quantity": 0.01
  },
  {
    "event_id": "84747ac76e4117b5567a1a390ba668de10aa86aec1eb631a4c7d9aa580dd9c7d",
    "schema_version": "1.0.0",
    "event_type": "agent_order",
    "source": "synthetic_agent",
    "symbol": "BTCUSDT",
    "exchange": "binance_usdm",
    "timestamp": "2024-05-01T00:00:02.400000Z",
    "sequence": 24,
    "scenario_id": "scenario-048-passive_market_maker",
    "agent_id": "agent-passive_market_maker",
    "order_id": "scenario-048-passive_market_maker-agent-passive_market_maker-24",
    "action": "new",
    "side": "buy",
    "price": 64982.952,
    "quantity": 0.01,
    "remaining_quantity": 0.01
  },
  {
    "event_id": "25e5100c9ea509a392a25d429ee328372b4d3c15c9abd70b16d3d01ddda2da15",
    "schema_version": "1.0.0",
    "event_type": "agent_order",
    "source": "synthetic_agent",
    "symbol": "BTCUSDT",
    "exchange": "binance_usdm",
    "timestamp": "2024-05-01T00:00:02.500000Z",
    "sequence": 25,
    "scenario_id": "scenario-048-passive_market_maker",
    "agent_id": "agent-passive_market_maker",
    "order_id": "scenario-048-passive_market_maker-agent-passive_market_maker-25",
    "action": "new",
    "side": "sell",
    "price": 65113.047999999995,
    "quantity": 0.01,
    "remaining_quantity": 0.01
  },
  {
    "event_id": "435dcd4ab0092aca7dd602616cdf597ceadc088cf9cdc0e5efd65b3943d3cb04",
    "schema_version": "1.0.0",
    "event_type": "agent_order",
    "source": "synthetic_agent",
    "symbol": "BTCUSDT",
    "exchange": "binance_usdm",
    "timestamp": "2024-05-01T00:00:02.600000Z",
    "sequence": 26,
    "scenario_id": "scenario-048-passive_market_maker",
    "agent_id": "agent-passive_market_maker",
    "order_id": "scenario-048-passive_market_maker-agent-passive_market_maker-26",
    "action": "new",
    "side": "buy",
    "price": 64982.952,
    "quantity": 0.01,
    "remaining_quantity": 0.01
  },
  {
    "event_id": "f4bfe6dfbc11ba1c2c2e45445563a184b4fdf46b421f7503522a5bfe506d6860",
    "schema_version": "1.0.0",
    "event_type": "agent_order",
    "source": "synthetic_agent",
    "symbol": "BTCUSDT",
    "exchange": "binance_usdm",
    "timestamp": "2024-05-01T00:00:02.700000Z",
    "sequence": 27,
    "scenario_id": "scenario-048-passive_market_maker",
    "agent_id": "agent-passive_market_maker",
    "order_id": "scenario-048-passive_market_maker-agent-passive_market_maker-27",
    "action": "new",
    "side": "sell",
    "price": 65113.047999999995,
    "quantity": 0.01,
    "remaining_quantity": 0.01
  },
  {
    "event_id": "15af9cfa69a30aff262143f1e91889600228f49a03a62ec686e402ae3d05154b",
    "schema_version": "1.0.0",
    "event_type": "agent_order",
    "source": "synthetic_agent",
    "symbol": "BTCUSDT",
    "exchange": "binance_usdm",
    "timestamp": "2024-05-01T00:00:02.800000Z",
    "sequence": 28,
    "scenario_id": "scenario-048-passive_market_maker",
    "agent_id": "agent-passive_market_maker",
    "order_id": "scenario-048-passive_market_maker-agent-passive_market_maker-28",
    "action": "new",
    "side": "buy",
    "price": 64982.952,
    "quantity": 0.01,
    "remaining_quantity": 0.01
  },
  {
    "event_id": "8a4f296ea93d1b3a8ca2e51c353534f60346f0dfff1211468add54b247488ee5",
    "schema_version": "1.0.0",
    "event_type": "agent_order",
    "source": "synthetic_agent",
    "symbol": "BTCUSDT",
    "exchange": "binance_usdm",
    "timestamp": "2024-05-01T00:00:02.900000Z",
    "sequence": 29,
    "scenario_id": "scenario-048-passive_market_maker",
    "agent_id": "agent-passive_market_maker",
    "order_id": "scenario-048-passive_market_maker-agent-passive_market_maker-29",
    "action": "new",
    "side": "sell",
    "price": 65113.047999999995,
    "quantity": 0.01,
    "remaining_quantity": 0.01
  }
]