[
  {
    "event_id": "1c5639fbf617d1855296dcbd835ed52b537c993013accb65abea08509f93016b",
    "schema_version": "1.0.0",
    "event_type": "agent_order",
    "source": "synthetic_agent",
    "symbol": "BTCUSDT",
    "exchange": "binance_usdm",
    "timestamp": "2024-05-01T00:00:00Z",
    "sequence": 0,
    "scenario_id": "scenario-539-volatility_feedback",
    "agent_id": "agent-volatility_feedback",
    "order_id": "scenario-539-volatility_feedback-agent-volatility_feedback-0",
    "action": "new",
    "side": "buy",
    "price": 65604.53899999999,
    "quantity": 0.02,
    "remaining_quantity": 0.02
  },
  {
    "event_id": "33a1229488fd748d647f0b1e185c217fbd3c883eba20bec92749ce5728a32354",
    "schema_version": "1.0.0",
    "event_type": "agent_order",
    "source": "synthetic_agent",
    "symbol": "BTCUSDT",
    "exchange": "binance_usdm",
    "timestamp": "2024-05-01T00:00:00.020000Z",
    "sequence": 1,
    "scenario_id": "scenario-539-volatility_feedback",
    "agent_id": "agent-volatility_feedback",
    "order_id": "scenario-539-volatility_feedback-agent-volatility_feedback-1",
    "action": "new",
    "side": "sell",
    "price": 65472.150219999996,
    "quantity": 0.03,
    "remaining_quantity": 0.03
  },
  {
    "event_id": "0a528ac1636f7d3b785fc2be28b6c90faba010d7dcdc814b2da50083992c83e1",
    "schema_version": "1.0.0",
    "event_type": "agent_order",
    "source": "synthetic_agent",
    "symbol": "BTCUSDT",
    "exchange": "binance_usdm",
    "timestamp": "2024-05-01T00:00:00.040000Z",
    "sequence": 2,
    "scenario_id": "scenario-539-volatility_feedback",
    "agent_id": "agent-volatility_feedback",
    "order_id": "scenario-539-volatility_feedback-agent-volatility_feedback-2",
    "action": "new",
    "side": "buy",
    "price": 65607.16055999999,
    "quantity": 0.04,
    "remaining_quantity": 0.04
  },
  {
    "event_id": "1571d26a7b501c88a0d8e7378b88689a03b78e04baf0075e92203b41de1ad13e",
    "schema_version": "1.0.0",
    "event_type": "agent_order",
    "source": "synthetic_agent",
    "symbol": "BTCUSDT",
    "exchange": "binance_usdm",
    "timestamp": "2024-05-01T00:00:00.060000Z",
    "sequence": 3,
    "scenario_id": "scenario-539-volatility_feedback",
    "agent_id": "agent-volatility_feedback",
    "order_id": "scenario-539-volatility_feedback-agent-volatility_feedback-3",
    "action": "new",
    "side": "sell",
    "price": 65469.52866,
    "quantity": 0.05,
    "remaining_quantity": 0.05
  },
  {
    "event_id": "26c54d46a7a2cd2225ff8714ef87f28fbf022d006b9e375aed8c8935c4042c2f",
    "schema_version": "1.0.0",
    "event_type": "agent_order",
    "source": "synthetic_agent",
    "symbol": "BTCUSDT",
    "exchange": "binance_usdm",
    "timestamp": "2024-05-01T00:00:00.080000Z",
    "sequence": 4,
    "scenario_id": "scenario-539-volatility_feedback",
    "agent_id": "agent-volatility_feedback",
    "order_id": "scenario-539-volatility_feedback-agent-volatility_feedback-4",
    "action": "new",
    "side": "buy",
    "price": 65609.78212,
    "quantity": 0.02,
    "remaining_quantity": 0.02
  },
  {
    "event_id": "a395d16236fedb319dfa476b2d877d795b908de64ad110f092ab4d075d0777a0",
    "schema_version": "1.0.0",
    "event_type": "agent_order",
    "source": "synthetic_agent",
    "symbol": "BTCUSDT",
    "exchange": "binance_usdm",
    "timestamp": "2024-05-01T00:00:00.100000Z",
    "sequence": 5,
    "scenario_id": "scenario-539-volatility_feedback",
    "agent_id": "agent-volatility_feedback",
    "order_id": "scenario-539-volatility_feedback-agent-volatility_feedback-5",
    "action": "new",
    "side": "sell",
    "price": 65466.907100000004,
    "quantity": 0.03,
    "remaining_quantity": 0.03
  },
  {
    "event_id": "ab1e8bb045683d519703318c429495f5b13451337d5a6de29c639bd1258082b9",
    "schema_version": "1.0.0",
    "event_type": "agent_order",
    "source": "synthetic_agent",
    "symbol": "BTCUSDT",
    "exchange": "binance_usdm",
    "timestamp": "2024-05-01T00:00:00.120000Z",
    "sequence": 6,
    "scenario_id": "scenario-539-volatility_feedback",
    "agent_id": "agent-volatility_feedback",
    "order_id": "scenario-539-volatility_feedback-agent-volatility_feedback-6",
    "action": "new",
    "side": "buy",
    "price": 65612.40368,
    "quantity": 0.04,
    "remaining_quantity": 0.04
  },
  {
    "event_id": "3dd77ebf2ad1b43d60b64f9f4b089993b495e6cea838067a64ab27bac9e5afe0",
    "schema_version": "1.0.0",
    "event_type": "agent_order",
    "source": "synthetic_agent",
    "symbol": "BTCUSDT",
    "exchange": "binance_usdm",
    "timestamp": "2024-05-01T00:00:00.140000Z",
    "sequence": 7,
    "scenario_id": "scenario-539-volatility_feedback",
    "agent_id": "agent-volatility_feedback",
    "order_id": "scenario-539-volatility_feedback-agent-volatility_feedback-7",
    "action": "new",
    "side": "sell",
    "price": 65464.28554,
    "quantity": 0.05,
    "remaining_quantity": 0.05
  },
  {
    "event_id": "2babc9251c846aa3275418a965dbd9f01bc5f23e02e6d18fd39cfc60df7316e8",
    "schema_version": "1.0.0",
    "event_type": "agent_order",
    "source": "synthetic_agent",
    "symbol": "BTCUSDT",
    "exchange": "binance_usdm",
    "timestamp": "2024-05-01T00:00:00.160000Z",
    "sequence": 8,
    "scenario_id": "scenario-539-volatility_feedback",
    "agent_id": "agent-volatility_feedback",
    "order_id": "scenario-539-volatility_feedback-agent-volatility_feedback-8",
    "action": "new",
    "side": "buy",
    "price": 65615.02524,
    "quantity": 0.02,
    "remaining_quantity": 0.02
  },
  {
    "event_id": "eaf2f5237132ceeb4781461ad3edcdd9ed1f36d669fde420b44c192a4b455dbb",
    "schema_version": "1.0.0",
    "event_type": "agent_order",
    "source": "synthetic_agent",
    "symbol": "BTCUSDT",
    "exchange": "binance_usdm",
    "timestamp": "2024-05-01T00:00:00.180000Z",
    "sequence": 9,
    "scenario_id": "scenario-539-volatility_feedback",
    "agent_id": "agent-volatility_feedback",
    "order_id": "scenario-539-volatility_feedback-agent-volatility_feedback-9",
    "action": "new",
    "side": "sell",
    "price": 65461.663980000005,
    "quantity": 0.03,
    "remaining_quantity": 0.03
  },
  {
    "event_id": "926ab32fc971ef74f01a7d58a02309af66a2bcd0ddf59163a70d85993cabad90",
    "schema_version": "1.0.0",
    "event_type": "agent_order",
    "source": "synthetic_agent",
    "symbol": "BTCUSDT",
    "exchange": "binance_usdm",
    "timestamp": "2024-05-01T00:00:00.200000Z",
    "sequence": 10,
    "scenario_id": "scenario-539-volatility_feedback",
    "agent_id": "agent-volatility_feedback",
    "order_id": "scenario-539-volatility_feedback-agent-volatility_feedback-10",
    "action": "new",
    "side": "buy",
    "price": 65617.6468,
    "quantity": 0.04,
    "remaining_quantity": 0.04
  },
  {
    "event_id": "fe710c2637df4aae6351d7b2cb8c84b726b9e55ea5661ecb69705fdd71821c59",
    "schema_version": "1.0.0",
    "event_type": "agent_order",
    "source": "synthetic_agent",
    "symbol": "BTCUSDT",
    "exchange": "binance_usdm",
    "timestamp": "2024-05-01T00:00:00.220000Z",
    "sequence": 11,
    "scenario_id": "scenario-539-volatility_feedback",
    "agent_id": "agent-volatility_feedback",
    "order_id": "scenario-539-volatility_feedback-agent-volatility_feedback-11",
    "action": "new",
    "side": "sell",
    "price": 65459.04242,
    "quantity": 0.05,
    "remaining_quantity": 0.05
  },
  {
    "event_id": "a94fcdc19d780ccd3306099918ab16d17e3cd871e4919f93e11abd552089bf21",
    "schema_version": "1.0.0",
    "event_type": "agent_order",
    "source": "synthetic_agent",
    "symbol": "BTCUSDT",
    "exchange": "binance_usdm",
    "timestamp": "2024-05-01T00:00:00.240000Z",
    "sequence": 12,
    "scenario_id": "scenario-539-volatility_feedback",
    "agent_id": "agent-volatility_feedback",
    "order_id": "scenario-539-volatility_feedback-agent-volatility_feedback-12",
    "action": "new",
    "side": "buy",
    "price": 65620.26835999999,
    "quantity": 0.02,
    "remaining_quantity": 0.02
  },
  {
    "event_id": "0e65bae178774e6a51c10213e145811aaa2d5807c9e143437bba2881d2f85f86",
    "schema_version": "1.0.0",
    "event_type": "agent_order",
    "source": "synthetic_agent",
    "symbol": "BTCUSDT",
    "exchange": "binance_usdm",
    "timestamp": "2024-05-01T00:00:00.260000Z",
    "sequence": 13,
    "scenario_id": "scenario-539-volatility_feedback",
    "agent_id": "agent-volatility_feedback",
    "order_id": "scenario-539-volatility_feedback-agent-volatility_feedback-13",
    "action": "new",
    "side": "sell",
    "price": 65456.42086,
    "quantity": 0.03,
    "remaining_quantity": 0.03
  },
  {
    "event_id": "cb8b424718df04c98c546273058643e25eb0433ed608ecbc3f0c6d9e0053e21a",
    "schema_version": "1.0.0",
    "event_type": "agent_order",
    "source": "synthetic_agent",
    "symbol": "BTCUSDT",
    "exchange": "binance_usdm",
    "timestamp": "2024-05-01T00:00:00.280000Z",
    "sequence": 14,
    "scenario_id": "scenario-539-volatility_feedback",
    "agent_id": "agent-volatility_feedback",
    "order_id": "scenario-539-volatility_feedback-agent-volatility_feedback-14",
    "action": "new",
    "side": "buy",
    "price": 65622.88992,
    "quantity": 0.04,
    "remaining_quantity": 0.04
  },
  {
    "event_id": "35acbecfc8090f8af98825e98b1b0b74e53ecabfea42cc54ca687d96b5bd28e7",
    "schema_version": "1.0.0",
    "event_type": "agent_order",
    "source": "synthetic_agent",
    "symbol": "BTCUSDT",
    "exchange": "binance_usdm",
    "timestamp": "2024-05-01T00:00:00.300000Z",
    "sequence": 15,
    "scenario_id": "scenario-539-volatility_feedback",
    "agent_id": "agent-volatility_feedback",
    "order_id": "scenario-539-volatility_feedback-agent-volatility_feedback-15",
    "action": "new",
    "side": "sell",
    "price": 65453.7993,
    "quantity": 0.05,
    "remaining_quantity": 0.05
  },
  {
    "event_id": "6ab732ea29d99c185f3ccf1382bcd4a61f8e59c2fb00a5f675235647a7a28925",
    "schema_version": "1.0.0",
    "event_type": "agent_order",
    "source": "synthetic_agent",
    "symbol": "BTCUSDT",
    "exchange": "binance_usdm",
    "timestamp": "2024-05-01T00:00:00.320000Z",
    "sequence": 16,
    "scenario_id": "scenario-539-volatility_feedback",
    "agent_id": "agent-volatility_feedback",
    "order_id": "scenario-539-volatility_feedback-agent-volatility_feedback-16",
    "action": "new",
    "side": "buy",
    "price": 65625.51148,
    "quantity": 0.02,
    "remaining_quantity": 0.02
  },
  {
    "event_id": "3a0ff0f6e5e6c29670865810677e4988cb905f71a45bce2577a03440b4faae72",
    "schema_version": "1.0.0",
    "event_type": "agent_order",
    "source": "synthetic_agent",
    "symbol": "BTCUSDT",
    "exchange": "binance_usdm",
    "timestamp": "2024-05-01T00:00:00.340000Z",
    "sequence": 17,
    "scenario_id": "scenario-539-volatility_feedback",
    "agent_id": "agent-volatility_feedback",
    "order_id": "scenario-539-volatility_feedback-agent-volatility_feedback-17",
    "action": "new",
    "side": "sell",
    "price": 65451.17774,
    "quantity": 0.03,
    "remaining_quantity": 0.03
  },
  {
    "event_id": "a2b488d4c1c90dc35fabdbf5491c2f1e5574f7e7d8a5d79269d1e3380c2264a2",
    "schema_version": "1.0.0",
    "event_type": "agent_order",
    "source": "synthetic_agent",
    "symbol": "BTCUSDT",
    "exchange": "binance_usdm",
    "timestamp": "2024-05-01T00:00:00.360000Z",
    "sequence": 18,
    "scenario_id": "scenario-539-volatility_feedback",
    "agent_id": "agent-volatility_feedback",
    "order_id": "scenario-539-volatility_feedback-agent-volatility_feedback-18",
    "action": "new",
    "side": "buy",
    "price": 65628.13304,
    "quantity": 0.04,
    "remaining_quantity": 0.04
  },
  {
    "event_id": "80afc25c260dce14c42d7766294ea4e2c44aeface4b594f971d8655aeff55a25",
    "schema_version": "1.0.0",
    "event_type": "agent_order",
    "source": "synthetic_agent",
    "symbol": "BTCUSDT",
    "exchange": "binance_usdm",
    "timestamp": "2024-05-01T00:00:00.380000Z",
    "sequence": 19,
    "scenario_id": "scenario-539-volatility_feedback",
    "agent_id": "agent-volatility_feedback",
    "order_id": "scenario-539-volatility_feedback-agent-volatility_feedback-19",
    "action": "new",
    "side": "sell",
    "price": 65448.55618,
    "quantity": 0.05,
    "remaining_quantity": 0.05
  },
  {
    "event_id": "ffbea2ceb456293f06fa70ff25481f90880bf880520675e5fe04d16cdd56571e",
    "schema_version": "1.0.0",
    "event_type": "agent_order",
    "source": "synthetic_agent",
    "symbol": "BTCUSDT",
    "exchange": "binance_usdm",
    "timestamp": "2024-05-01T00:00:00.400000Z",
    "sequence": 20,
    "scenario_id": "scenario-539-volatility_feedback",
    "agent_id": "agent-volatility_feedback",
    "order_id": "scenario-539-volatility_feedback-agent-volatility_feedback-20",
    "action": "new",
    "side": "buy",
    "price": 65630.7546,
    "quantity": 0.02,
    "remaining_quantity": 0.02
  },
  {
    "event_id": "89f8fde884a514dc9dcdb0010e62a0e5efb9fcb57cb475061e3cf0be7baa73e7",
    "schema_version": "1.0.0",
    "event_type": "agent_order",
    "source": "synthetic_agent",
    "symbol": "BTCUSDT",
    "exchange": "binance_usdm",
    "timestamp": "2024-05-01T00:00:00.420000Z",
    "sequence": 21,
    "scenario_id": "scenario-539-volatility_feedback",
    "agent_id": "agent-volatility_feedback",
    "order_id": "scenario-539-volatility_feedback-agent-volatility_feedback-21",
    "action": "new",
    "side": "sell",
    "price": 65445.93462,
    "quantity": 0.03,
    "remaining_quantity": 0.03
  },
  {
    "event_id": "7aec8811d82111e7d32b341d8250747d4e7c6a93875bc0ab26107a5e9beb9430",
    "schema_version": "1.0.0",
    "event_type": "agent_order",
    "source": "synthetic_agent",
    "symbol": "BTCUSDT",
    "exchange": "binance_usdm",
    "timestamp": "2024-05-01T00:00:00.440000Z",
    "sequence": 22,
    "scenario_id": "scenario-539-volatility_feedback",
    "agent_id": "agent-volatility_feedback",
    "order_id": "scenario-539-volatility_feedback-agent-volatility_feedback-22",
    "action": "new",
    "side": "buy",
    "price": 65633.37616,
    "quantity": 0.04,
    "remaining_quantity": 0.04
  },
  {
    "event_id": "8691728ea55a2352c133a356f5875fd2421ca6b9114f9158afeef15bed557c95",
    "schema_version": "1.0.0",
    "event_type": "agent_order",
    "source": "synthetic_agent",
    "symbol": "BTCUSDT",
    "exchange": "binance_usdm",
    "timestamp": "2024-05-01T00:00:00.460000Z",
    "sequence": 23,
    "scenario_id": "scenario-539-volatility_feedback",
    "agent_id": "agent-volatility_feedback",
    "order_id": "scenario-539-volatility_feedback-agent-volatility_feedback-23",
    "action": "new",
    "side": "sell",
    "price": 65443.31306,
    "quantity": 0.05,
    "remaining_quantity": 0.05
  },
  {
    "event_id": "3b37d3f095ac0a9938d22e731ef3273c149bad3b643541428f477df3cd553436",
    "schema_version": "1.0.0",
    "event_type": "agent_order",
    "source": "synthetic_agent",
    "symbol": "BTCUSDT",
    "exchange": "binance_usdm",
    "timestamp": "2024-05-01T00:00:00.480000Z",
    "sequence": 24,
    "scenario_id": "scenario-539-volatility_feedback",
    "agent_id": "agent-volatility_feedback",
    "order_id": "scenario-539-volatility_feedback-agent-volatility_feedback-24",
    "action": "new",
    "side": "buy",
    "price": 65635.99772,
    "quantity": 0.02,
    "remaining_quantity": 0.02
  },
  {
    "event_id": "27e541309077c12639f1977f2b955b83c6a7dde77d7a3bae16a135c6ec65752d",
    "schema_version": "1.0.0",
    "event_type": "agent_order",
    "source": "synthetic_agent",
    "symbol": "BTCUSDT",
    "exchange": "binance_usdm",
    "timestamp": "2024-05-01T00:00:00.500000Z",
    "sequence": 25,
    "scenario_id": "scenario-539-volatility_feedback",
    "agent_id": "agent-volatility_feedback",
    "order_id": "scenario-539-volatility_feedback-agent-volatility_feedback-25",
    "action": "new",
    "side": "sell",
    "price": 65440.6915,
    "quantity": 0.03,
    "remaining_quantity": 0.03
  },
  {
    "event_id": "e04956dd31411ca9cdfa434ef7320d2fa7c58d707860a97a1048f7ac75bad8e3",
    "schema_version": "1.0.0",
    "event_type": "agent_order",
    "source": "synthetic_agent",
    "symbol": "BTCUSDT",
    "exchange": "binance_usdm",
    "timestamp": "2024-05-01T00:00:00.520000Z",
    "sequence": 26,
    "scenario_id": "scenario-539-volatility_feedback",
    "agent_id": "agent-volatility_feedback",
    "order_id": "scenario-539-volatility_feedback-agent-volatility_feedback-26",
    "action": "new",
    "side": "buy",
    "price": 65638.61928,
    "quantity": 0.04,
    "remaining_quantity": 0.04
  },
  {
    "event_id": "b86a77976c9a2f222843d78cd38641913fdca45c8e15f2f8e3b6e2bf45ae7664",
    "schema_version": "1.0.0",
    "event_type": "agent_order",
    "source": "synthetic_agent",
    "symbol": "BTCUSDT",
    "exchange": "binance_usdm",
    "timestamp": "2024-05-01T00:00:00.540000Z",
    "sequence": 27,
    "scenario_id": "scenario-539-volatility_feedback",
    "agent_id": "agent-volatility_feedback",
    "order_id": "scenario-539-volatility_feedback-agent-volatility_feedback-27",
    "action": "new",
    "side": "sell",
    "price": 65438.06994,
    "quantity": 0.05,
    "remaining_quantity": 0.05
  },
  {
    "event_id": "80f1f44cd92281494b296fc93aa6e24fe2f0a9d4d9ea6313c0a36bb486c5d3bc",
    "schema_version": "1.0.0",
    "event_type": "agent_order",
    "source": "synthetic_agent",
    "symbol": "BTCUSDT",
    "exchange": "binance_usdm",
    "timestamp": "2024-05-01T00:00:00.560000Z",
    "sequence": 28,
    "scenario_id": "scenario-539-volatility_feedback",
    "agent_id": "agent-volatility_feedback",
    "order_id": "scenario-539-volatility_feedback-agent-volatility_feedback-28",
    "action": "new",
    "side": "buy",
    "price": 65641.24084,
    "quantity": 0.02,
    "remaining_quantity": 0.02
  },
  {
    "event_id": "12d13e294658535b91109b2fd29bcc4deda7411a4b2d710413f3a1316b834bfd",
    "schema_version": "1.0.0",
    "event_type": "agent_order",
    "source": "synthetic_agent",
    "symbol": "BTCUSDT",
    "exchange": "binance_usdm",
    "timestamp": "2024-05-01T00:00:00.580000Z",
    "sequence": 29,
    "scenario_id": "scenario-539-volatility_feedback",
    "agent_id": "agent-volatility_feedback",
    "order_id": "scenario-539-volatility_feedback-agent-volatility_feedback-29",
    "action": "new",
    "side": "sell",
    "price": 65435.44838,
    "quantity": 0.03,
    "remaining_quantity": 0.03
  }
]