[
  {
    "event_id": "c8ec5f9b4d3773b02b1c53bf858bb71e3099158db5ee0c90f27af7c8664e81c9",
    "schema_version": "1.0.0",
    "event_type": "agent_order",
    "source": "synthetic_agent",
    "symbol": "BTCUSDT",
    "exchange": "binance_usdm",
    "timestamp": "2024-05-01T00:00:00Z",
    "sequence": 0,
    "scenario_id": "scenario-133-twap_execution",
    "agent_id": "agent-twap_execution",
    "order_id": "scenario-133-twap_execution-agent-twap_execution-0",
    "action": "new",
    "side": "buy",
    "price": 65100.43350000001,
    "quantity": 0.005,
    "remaining_quantity": 0.005
  },
  {
    "event_id": "352c881d46e8b36f9f83540e1d87514a36d9cdcf4bf41520b036e81e93a92bf7",
    "schema_version": "1.0.0",
    "event_type": "agent_order",
    "source": "synthetic_agent",
    "symbol": "BTCUSDT",
    "exchange": "binance_usdm",
    "timestamp": "2024-05-01T00:00:01Z",
    "sequence": 1,
    "scenario_id": "scenario-133-twap_execution",
    "agent_id": "agent-twap_execution",
    "order_id": "scenario-133-twap_execution-agent-twap_execution-1",
    "action": "new",
    "side": "buy",
    "price": 65100.43350000001,
    "quantity": 0.005,
    "remaining_quantity": 0.005
  },
  {
    "event_id": "88e3fc41f1307156916e8b690a5e495b70d6f4c7fdd521f86ffd3cd3b7904b27",
    "schema_version": "1.0.0",
    "event_type": "agent_order",
    "source": "synthetic_agent",
    "symbol": "BTCUSDT",
    "exchange": "binance_usdm",
    "timestamp": "2024-05-01T00:00:02Z",
    "sequence": 2,
    "scenario_id": "scenario-133-twap_execution",
    "agent_id": "agent-twap_execution",
    "order_id": "scenario-133-twap_execution-agent-twap_execution-2",
    "action": "new",
    "side": "buy",
    "price": 65100.43350000001,
    "quantity": 0.005,
    "remaining_quantity": 0.005
  },
  {
    "event_id": "509d641151782ae797ca74a6c07d513872a4487306bf6f1b0aff6f49d958a918",
    "schema_version": "1.0.0",
    "event_type": "agent_order",
    "source": "synthetic_agent",
    "symbol": "BTCUSDT",
    "exchange": "binance_usdm",
    "timestamp": "2024-05-01T00:00:03Z",
    "sequence": 3,
    "scenario_id": "scenario-133-twap_execution",
    "agent_id": "agent-twap_execution",
    "order_id": "scenario-133-twap_execution-agent-twap_execution-3",
    "action": "new",
    "side": "buy",
    "price": 65100.43350000001,
    "quantity": 0.005,
    "remaining_quantity": 0.005
  },
  {
    "event_id": "7ac07ed28abea8b2d27893baa2ebd95377726ff0bc5216707000aef55e134e64",
    "schema_version": "1.0.0",
    "event_type": "agent_order",
    "source": "synthetic_agent",
    "symbol": "BTCUSDT",
    "exchange": "binance_usdm",
    "timestamp": "2024-05-01T00:00:04Z",
    "sequence": 4,
    "scenario_id": "scenario-133-twap_execution",
    "agent_id": "agent-twap_execution",
    "order_id": "scenario-133-twap_execution-agent-twap_execution-4",
    "action": "new",
    "side": "buy",
    "price": 65100.43350000001,
    "quantity": 0.005,
    "remaining_quantity": 0.005
  },
  {
    "event_id": "b11a4fb9a99d008dd40d49a975b78d00cec3f6df1e32aab7abf75c5934e7f24d",
    "schema_version": "1.0.0",
    "event_type": "agent_order",
    "source": "synthetic_agent",
    "symbol": "BTCUSDT",
    "exchange": "binance_usdm",
    "timestamp": "2024-05-01T00:00:05Z",
    "sequence": 5,
    "scenario_id": "scenario-133-twap_execution",
    "agent_id": "agent-twap_execution",
    "order_id": "scenario-133-twap_execution-agent-twap_execution-5",
    "action": "new",
    "side": "buy",
    "price": 65100.43350000001,
    "quantity": 0.005,
    "remaining_quantity": 0.005
  },
  {
    "event_id": "3cb11d75e7844143e74fd5f960bd502855832cfe054f0cfa47826e01bcdd950a",
    "schema_version": "1.0.0",
    "event_type": "agent_order",
    "source": "synthetic_agent",
    "symbol": "BTCUSDT",
    "exchange": "binance_usdm",
    "timestamp": "2024-05-01T00:00:06Z",
    "sequence": 6,
    "scenario_id": "scenario-133-twap_execution",
    "agent_id": "agent-twap_execution",
    "order_id": "scenario-133-twap_execution-agent-twap_execution-6",
    "action": "new",
    "side": "buy",
    "price": 65100.43350000001,
    "quantity": 0.005,
    "remaining_quantity": 0.005
  },
  {
    "event_id": "d4775a5dfe02c8d82fa4dee58cd817d094103a790b75e9de7829fb4d45295c06",
    "schema_version": "1.0.0",
    "event_type": "agent_order",
    "source": "synthetic_agent",
    "symbol": "BTCUSDT",
    "exchange": "binance_usdm",
    "timestamp": "2024-05-01T00:00:07Z",
    "sequence": 7,
    "scenario_id": "scenario-133-twap_execution",
    "agent_id": "agent-twap_execution",
    "order_id": "scenario-133-twap_execution-agent-twap_execution-7",
    "action": "new",
    "side": "buy",
    "price": 65100.43350000001,
    "quantity": 0.005,
    "remaining_quantity": 0.005
  },
  {
    "event_id": "e64cbb0965e9cef8f9e96d36be35293d31676011fefc1ffaf43167a7f3a7e531",
    "schema_version": "1.0.0",
    "event_type": "agent_order",
    "source": "synthetic_agent",
    "symbol": "BTCUSDT",
    "exchange": "binance_usdm",
    "timestamp": "2024-05-01T00:00:08Z",
    "sequence": 8,
    "scenario_id": "scenario-133-twap_execution",
    "agent_id": "agent-twap_execution",
    "order_id": "scenario-133-twap_execution-agent-twap_execution-8",
    "action": "new",
    "side": "buy",
    "price": 65100.43350000001,
    "quantity": 0.005,
    "remaining_quantity": 0.005
  },
  {
    "event_id": "93eb3f0edb1c5c650c8fe4429bb07a0c055f31caa221b00c3f59123463f64b5a",
    "schema_version": "1.0.0",
    "event_type": "agent_order",
    "source": "synthetic_agent",
    "symbol": "BTCUSDT",
    "exchange": "binance_usdm",
    "timestamp": "2024-05-01T00:00:09Z",
    "sequence": 9,
    "scenario_id": "scenario-133-twap_execution",
    "agent_id": "agent-twap_execution",
    "order_id": "scenario-133-twap_execution-agent-twap_execution-9",
    "action": "new",
    "side": "buy",
    "price": 65100.43350000001,
    "quantity": 0.005,
    "remaining_quantity": 0.005
  },
  {
    "event_id": "9de97aef89da44295f312dc5d4775f9d78721df1a547c50aa6edaad9b712b778",
    "schema_version": "1.0.0",
    "event_type": "agent_order",
    "source": "synthetic_agent",
    "symbol": "BTCUSDT",
    "exchange": "binance_usdm",
    "timestamp": "2024-05-01T00:00:10Z",
    "sequence": 10,
    "scenario_id": "scenario-133-twap_execution",
    "agent_id": "agent-twap_execution",
    "order_id": "scenario-133-twap_execution-agent-twap_execution-10",
    "action": "new",
    "side": "buy",
    "price": 65100.43350000001,
    "quantity": 0.005,
    "remaining_quantity": 0.005
  },
  {
    "event_id": "0a41f032d8b64fe8bd8a08e6b55bf64a6ee4fd18cfd0efa765881541bfc720de",
    "schema_version": "1.0.0",
    "event_type": "agent_order",
    "source": "synthetic_agent",
    "symbol": "BTCUSDT",
    "exchange": "binance_usdm",
    "timestamp": "2024-05-01T00:00:11Z",
    "sequence": 11,
    "scenario_id": "scenario-133-twap_execution",
    "agent_id": "agent-twap_execution",
    "order_id": "scenario-133-twap_execution-agent-twap_execution-11",
    "action": "new",
    "side": "buy",
    "price": 65100.43350000001,
    "quantity": 0.005,
    "remaining_quantity": 0.005
  },
  {
    "event_id": "56770af5091dfa0b9dd006da786f713242a32d53c13f271bd42d7a04bf64f286",
    "schema_version": "1.0.0",
    "event_type": "agent_order",
    "source": "synthetic_agent",
    "symbol": "BTCUSDT",
    "exchange": "binance_usdm",
    "timestamp": "2024-05-01T00:00:12Z",
    "sequence": 12,
    "scenario_id": "scenario-133-twap_execution",
    "agent_id": "agent-twap_execution",
    "order_id": "scenario-133-twap_execution-agent-twap_execution-12",
    "action": "new",
    "side": "buy",
    "price": 65100.43350000001,
    "quantity": 0.005,
    "remaining_quantity": 0.005
  },
  {
    "event_id": "aebc6d7f27d78287e9d42eb0d06c5da3bd128f9a3ec999902236f720ba3d1fc3",
    "schema_version": "1.0.0",
    "event_type": "agent_order",
    "source": "synthetic_agent",
    "symbol": "BTCUSDT",
    "exchange": "binance_usdm",
    "timestamp": "2024-05-01T00:00:13Z",
    "sequence": 13,
    "scenario_id": "scenario-133-twap_execution",
    "agent_id": "agent-twap_execution",
    "order_id": "scenario-133-twap_execution-agent-twap_execution-13",
    "action": "new",
    "side": "buy",
    "price": 65100.43350000001,
    "quantity": 0.005,
    "remaining_quantity": 0.005
  },
  {
    "event_id": "f18c9a707629d649fe146a3e3733390c6bb192d3c0196df927c84caf7f38b8da",
    "schema_version": "1.0.0",
    "event_type": "agent_order",
    "source": "synthetic_agent",
    "symbol": "BTCUSDT",
    "exchange": "binance_usdm",
    "timestamp": "2024-05-01T00:00:14Z",
    "sequence": 14,
    "scenario_id": "scenario-133-twap_execution",
    "agent_id": "agent-twap_execution",
    "order_id": "scenario-133-twap_execution-agent-twap_execution-14",
    "action": "new",
    "side": "buy",
    "price": 65100.43350000001,
    "quantity": 0.005,
    "remaining_quantity": 0.005
  },
  {
    "event_id": "97897969b3c292de8899393ad8ee60204d425b5001ee12dfc0b62e8111235cd3",
    "schema_version": "1.0.0",
    "event_type": "agent_order",
    "source": "synthetic_agent",
    "symbol": "BTCUSDT",
    "exchange": "binance_usdm",
    "timestamp": "2024-05-01T00:00:15Z",
    "sequence": 15,
    "scenario_id": "scenario-133-twap_execution",
    "agent_id": "agent-twap_execution",
    "order_id": "scenario-133-twap_execution-agent-twap_execution-15",
    "action": "new",
    "side": "buy",
    "price": 65100.43350000001,
    "quantity": 0.005,
    "remaining_quantity": 0.005
  },
  {
    "event_id": "f839a6a5ab11e297828137e9a0ed5a31b69e042e345d0f1fe3a3d24f1dd2d807",
    "schema_version": "1.0.0",
    "event_type": "agent_order",
    "source": "synthetic_agent",
    "symbol": "BTCUSDT",
    "exchange": "binance_usdm",
    "timestamp": "2024-05-01T00:00:16Z",
    "sequence": 16,
    "scenario_id": "scenario-133-twap_execution",
    "agent_id": "agent-twap_execution",
    "order_id": "scenario-133-twap_execution-agent-twap_execution-16",
    "action": "new",
    "side": "buy",
    "price": 65100.43350000001,
    "quantity": 0.005,
    "remaining_quantity": 0.005
  },
  {
    "event_id": "6cb7c00deacef770e4c74d89ec7b5f28a9c3a19aa1179010848e6d85c85966aa",
    "schema_version": "1.0.0",
    "event_type": "agent_order",
    "source": "synthetic_agent",
    "symbol": "BTCUSDT",
    "exchange": "binance_usdm",
    "timestamp": "2024-05-01T00:00:17Z",
    "sequence": 17,
    "scenario_id": "scenario-133-twap_execution",
    "agent_id": "agent-twap_execution",
    "order_id": "scenario-133-twap_execution-agent-twap_execution-17",
    "action": "new",
    "side": "buy",
    "price": 65100.43350000001,
    "quantity": 0.005,
    "remaining_quantity": 0.005
  },
  {
    "event_id": "16b1123189f76aac9cac6d97ccfba20051f1a33564978005cd9d6c82817261af",
    "schema_version": "1.0.0",
    "event_type": "agent_order",
    "source": "synthetic_agent",
    "symbol": "BTCUSDT",
    "exchange": "binance_usdm",
    "timestamp": "2024-05-01T00:00:18Z",
    "sequence": 18,
    "scenario_id": "scenario-133-twap_execution",
    "agent_id": "agent-twap_execution",
    "order_id": "scenario-133-twap_execution-agent-twap_execution-18",
    "action": "new",
    "side": "buy",
    "price": 65100.43350000001,
    "quantity": 0.005,
    "remaining_quantity": 0.005
  },
  {
    "event_id": "94c9ee505e4ab1adcf5daa30d939941325508a5d9b73e370f08632ae0be7714a",
    "schema_version": "1.0.0",
    "event_type": "agent_order",
    "source": "synthetic_agent",
    "symbol": "BTCUSDT",
    "exchange": "binance_usdm",
    "timestamp": "2024-05-01T00:00:19Z",
    "sequence": 19,
    "scenario_id": "scenario-133-twap_execution",
    "agent_id": "agent-twap_execution",
    "order_id": "scenario-133-twap_execution-agent-twap_execution-19",
    "action": "new",
    "side": "buy",
    "price": 65100.43350000001,
    "quantity": 0.005,
    "remaining_quantity": 0.005
  },
  {
    "event_id": "bb3ca05b9a7a40c4eee100d29632fe1f2899a24db73d2c2ee916f422955db645",
    "schema_version": "1.0.0",
    "event_type": "agent_order",
    "source": "synthetic_agent",
    "symbol": "BTCUSDT",
    "exchange": "binance_usdm",
    "timestamp": "2024-05-01T00:00:20Z",
    "sequence": 20,
    "scenario_id": "scenario-133-twap_execution",
    "agent_id": "agent-twap_execution",
    "order_id": "scenario-133-twap_execution-agent-twap_execution-20",
    "action": "new",
    "side": "buy",
    "price": 65100.43350000001,
    "quantity": 0.005,
    "remaining_quantity": 0.005
  },
  {
    "event_id": "3f0563c90bfd7580bdfebb67f14612312f06e0e97d56fde17b9243125281fff5",
    "schema_version": "1.0.0",
    "event_type": "agent_order",
    "source": "synthetic_agent",
    "symbol": "BTCUSDT",
    "exchange": "binance_usdm",
    "timestamp": "2024-05-01T00:00:21Z",
    "sequence": 21,
    "scenario_id": "scenario-133-twap_execution",
    "agent_id": "agent-twap_execution",
    "order_id": "scenario-133-twap_execution-agent-twap_execution-21",
    "action": "new",
    "side": "buy",
    "price": 65100.43350000001,
    "quantity": 0.005,
    "remaining_quantity": 0.005
  },
  {
    "event_id": "c083bd3f28f47c29352d218c68d04158e629829b901d6d849c4df55d8bfe3de1",
    "schema_version": "1.0.0",
    "event_type": "agent_order",
    "source": "synthetic_agent",
    "symbol": "BTCUSDT",
    "exchange": "binance_usdm",
    "timestamp": "2024-05-01T00:00:22Z",
    "sequence": 22,
    "scenario_id": "scenario-133-twap_execution",
    "agent_id": "agent-twap_execution",
    "order_id": "scenario-133-twap_execution-agent-twap_execution-22",
    "action": "new",
    "side": "buy",
    "price": 65100.43350000001,
    "quantity": 0.005,
    "remaining_quantity": 0.005
  },
  {
    "event_id": "3a42c3c84e2033b207d8cf5ea4be35f0944b95146794e128ec1dba90fa4bff22",
    "schema_version": "1.0.0",
    "event_type": "agent_order",
    "source": "synthetic_agent",
    "symbol": "BTCUSDT",
    "exchange": "binance_usdm",
    "timestamp": "2024-05-01T00:00:23Z",
    "sequence": 23,
    "scenario_id": "scenario-133-twap_execution",
    "agent_id": "agent-twap_execution",
    "order_id": "scenario-133-twap_execution-agent-twap_execution-23",
    "action": "new",
    "side": "buy",
    "price": 65100.43350000001,
    "quantity": 0.005,
    "remaining_quantity": 0.005
  },
  {
    "event_id": "915cab4eb855b0c03b4af3c6f089c5841b84c2842383d259ed7670b6fa08e0e6",
    "schema_version": "1.0.0",
    "event_type": "agent_order",
    "source": "synthetic_agent",
    "symbol": "BTCUSDT",
    "exchange": "binance_usdm",
    "timestamp": "2024-05-01T00:00:24Z",
    "sequence": 24,
    "scenario_id": "scenario-133-twap_execution",
    "agent_id": "agent-twap_execution",
    "order_id": "scenario-133-twap_execution-agent-twap_execution-24",
    "action": "new",
    "side": "buy",
    "price": 65100.43350000001,
    "quantity": 0.005,
    "remaining_quantity": 0.005
  },
  {
    "event_id": "b089e23fa1e6f1a69bdd6284938ce4b5ca9e83fd8e31a4d844ddc17bf9d5010d",
    "schema_version": "1.0.0",
    "event_type": "agent_order",
    "source": "synthetic_agent",
    "symbol": "BTCUSDT",
    "exchange": "binance_usdm",
    "timestamp": "2024-05-01T00:00:25Z",
    "sequence": 25,
    "scenario_id": "scenario-133-twap_execution",
    "agent_id": "agent-twap_execution",
    "order_id": "scenario-133-twap_execution-agent-twap_execution-25",
    "action": "new",
    "side": "buy",
    "price": 65100.43350000001,
    "quantity": 0.005,
    "remaining_quantity": 0.005
  },
  {
    "event_id": "b65ad295646b5242779c2c9d7a6660a21cee9cee682270f7ff62cf89fd85d44a",
    "schema_version": "1.0.0",
    "event_type": "agent_order",
    "source": "synthetic_agent",
    "symbol": "BTCUSDT",
    "exchange": "binance_usdm",
    "timestamp": "2024-05-01T00:00:26Z",
    "sequence": 26,
    "scenario_id": "scenario-133-twap_execution",
    "agent_id": "agent-twap_execution",
    "order_id": "scenario-133-twap_execution-agent-twap_execution-26",
    "action": "new",
    "side": "buy",
    "price": 65100.43350000001,
    "quantity": 0.005,
    "remaining_quantity": 0.005
  },
  {
    "event_id": "04121afcb0f8d954e8def798a837bb909753fa31df255a35ae66201d56cbdbf6",
    "schema_version": "1.0.0",
    "event_type": "agent_order",
    "source": "synthetic_agent",
    "symbol": "BTCUSDT",
    "exchange": "binance_usdm",
    "timestamp": "2024-05-01T00:00:27Z",
    "sequence": 27,
    "scenario_id": "scenario-133-twap_execution",
    "agent_id": "agent-twap_execution",
    "order_id": "scenario-133-twap_execution-agent-twap_execution-27",
    "action": "new",
    "side": "buy",
    "price": 65100.43350000001,
    "quantity": 0.005,
    "remaining_quantity": 0.005
  },
  {
    "event_id": "384a4dcf1bd66373e648170aabf5441a795bc5793e63f63eeca718dee8a71bda",
    "schema_version": "1.0.0",
    "event_type": "agent_order",
    "source": "synthetic_agent",
    "symbol": "BTCUSDT",
    "exchange": "binance_usdm",
    "timestamp": "2024-05-01T00:00:28Z",
    "sequence": 28,
    "scenario_id": "scenario-133-twap_execution",
    "agent_id": "agent-twap_execution",
    "order_id": "scenario-133-twap_execution-agent-twap_execution-28",
    "action": "new",
    "side": "buy",
    "price": 65100.43350000001,
    "quantity": 0.005,
    "remaining_quantity": 0.005
  },
  {
    "event_id": "523c85eaf1a3b7f9201a82a72f4f2ba24b5013466215e0a76f8a79cbac4062bd",
    "schema_version": "1.0.0",
    "event_type": "agent_order",
    "source": "synthetic_agent",
    "symbol": "BTCUSDT",
    "exchange": "binance_usdm",
    "timestamp": "2024-05-01T00:00:29Z",
    "sequence": 29,
    "scenario_id": "scenario-133-twap_execution",
    "agent_id": "agent-twap_execution",
    "order_id": "scenario-133-twap_execution-agent-twap_execution-29",
    "action": "new",
    "side": "buy",
    "price": 65100.43350000001,
    "quantity": 0.005,
    "remaining_quantity": 0.005
  }
]