[
  {
    "event_id": "12f6e66a89e72d8a0f2752fcaea8c88484be1955cd42de2a69bf1e7729f225f5",
    "schema_version": "1.0.0",
    "event_type": "agent_order",
    "source": "synthetic_agent",
    "symbol": "BTCUSDT",
    "exchange": "binance_usdm",
    "timestamp": "2024-05-01T00:00:00Z",
    "sequence": 0,
    "scenario_id": "scenario-189-stop_run_sweep",
    "agent_id": "agent-stop_run_sweep",
    "order_id": "scenario-189-stop_run_sweep-agent-stop_run_sweep-0",
    "action": "new",
    "side": "buy",
    "price": 65254.18899999999,
    "quantity": 0.06,
    "remaining_quantity": 0.06
  },
  {
    "event_id": "05c40c9088db112b78a130764f287843808bc24500f4ac98b040057a2c9b40df",
    "schema_version": "1.0.0",
    "event_type": "agent_order",
    "source": "synthetic_agent",
    "symbol": "BTCUSDT",
    "exchange": "binance_usdm",
    "timestamp": "2024-05-01T00:00:00.030000Z",
    "sequence": 1,
    "scenario_id": "scenario-189-stop_run_sweep",
    "agent_id": "agent-stop_run_sweep",
    "order_id": "scenario-189-stop_run_sweep-agent-stop_run_sweep-1",
    "action": "new",
    "side": "buy",
    "price": 65257.448449999996,
    "quantity": 0.06,
    "remaining_quantity": 0.06
  },
  {
    "event_id": "9d9ad0cc414818b2654f62f9ec613a47aa7017efe2bd860f0743f8822a3b1051",
    "schema_version": "1.0.0",
    "event_type": "agent_order",
    "source": "synthetic_agent",
    "symbol": "BTCUSDT",
    "exchange": "binance_usdm",
    "timestamp": "2024-05-01T00:00:00.060000Z",
    "sequence": 2,
    "scenario_id": "scenario-189-stop_run_sweep",
    "agent_id": "agent-stop_run_sweep",
    "order_id": "scenario-189-stop_run_sweep-agent-stop_run_sweep-2",
    "action": "new",
    "side": "buy",
    "price": 65260.707899999994,
    "quantity": 0.06,
    "remaining_quantity": 0.06
  },
  {
    "event_id": "339db1650b61a52ebd5ef704a4cf52c5ac011c01238ab6fc60df1bb925b418b9",
    "schema_version": "1.0.0",
    "event_type": "agent_order",
    "source": "synthetic_agent",
    "symbol": "BTCUSDT",
    "exchange": "binance_usdm",
    "timestamp": "2024-05-01T00:00:00.090000Z",
    "sequence": 3,
    "scenario_id": "scenario-189-stop_run_sweep",
    "agent_id": "agent-stop_run_sweep",
    "order_id": "scenario-189-stop_run_sweep-agent-stop_run_sweep-3",
    "action": "new",
    "side": "buy",
    "price": 65263.96735,
    "quantity": 0.06,
    "remaining_quantity": 0.06
  },
  {
    "event_id": "7494a5748e524c952830304408bf1b2c10ecbcfbcf41284c976a5f4a10eebb3f",
    "schema_version": "1.0.0",
    "event_type": "agent_order",
    "source": "synthetic_agent",
    "symbol": "BTCUSDT",
    "exchange": "binance_usdm",
    "timestamp": "2024-05-01T00:00:00.120000Z",
    "sequence": 4,
    "scenario_id": "scenario-189-stop_run_sweep",
    "agent_id": "agent-stop_run_sweep",
    "order_id": "scenario-189-stop_run_sweep-agent-stop_run_sweep-4",
    "action": "new",
    "side": "buy",
    "price": 65267.22679999999,
    "quantity": 0.06,
    "remaining_quantity": 0.06
  },
  {
    "event_id": "4c6244e6f9c1f5db59e0e7f8e08e1745440b56100b8f9c94375283bbd08e8965",
    "schema_version": "1.0.0",
    "event_type": "agent_order",
    "source": "synthetic_agent",
    "symbol": "BTCUSDT",
    "exchange": "binance_usdm",
    "timestamp": "2024-05-01T00:00:00.150000Z",
    "sequence": 5,
    "scenario_id": "scenario-189-stop_run_sweep",
    "agent_id": "agent-stop_run_sweep",
    "order_id": "scenario-189-stop_run_sweep-agent-stop_run_sweep-5",
    "action": "new",
    "side": "buy",
    "price": 65270.48625,
    "quantity": 0.06,
    "remaining_quantity": 0.06
  },
  {
    "event_id": "411af814a962fa50c29adba71a185d9b564ab4ca7c7de53f1aa47b01d51ef5dd",
    "schema_version": "1.0.0",
    "event_type": "agent_order",
    "source": "synthetic_agent",
    "symbol": "BTCUSDT",
    "exchange": "binance_usdm",
    "timestamp": "2024-05-01T00:00:00.180000Z",
    "sequence": 6,
    "scenario_id": "scenario-189-stop_run_sweep",
    "agent_id": "agent-stop_run_sweep",
    "order_id": "scenario-189-stop_run_sweep-agent-stop_run_sweep-6",
    "action": "new",
    "side": "buy",
    "price": 65273.74569999999,
    "quantity": 0.06,
    "remaining_quantity": 0.06
  },
  {
    "event_id": "f4dabc9945fe1707d49b41a241d2d8c4007adfbf6587f020e86128d1c0d7de05",
    "schema_version": "1.0.0",
    "event_type": "agent_order",
    "source": "synthetic_agent",
    "symbol": "BTCUSDT",
    "exchange": "binance_usdm",
    "timestamp": "2024-05-01T00:00:00.210000Z",
    "sequence": 7,
    "scenario_id": "scenario-189-stop_run_sweep",
    "agent_id": "agent-stop_run_sweep",
    "order_id": "scenario-189-stop_run_sweep-agent-stop_run_sweep-7",
    "action": "new",
    "side": "buy",
    "price": 65277.00515,
    "quantity": 0.06,
    "remaining_quantity": 0.06
  },
  {
    "event_id": "a89dd71bc3d276e720bde11f30e832c19287567dc90eba19128420712cf864ca",
    "schema_version": "1.0.0",
    "event_type": "agent_order",
    "source": "synthetic_agent",
    "symbol": "BTCUSDT",
    "exchange": "binance_usdm",
    "timestamp": "2024-05-01T00:00:00.240000Z",
    "sequence": 8,
    "scenario_id": "scenario-189-stop_run_sweep",
    "agent_id": "agent-stop_run_sweep",
    "order_id": "scenario-189-stop_run_sweep-agent-stop_run_sweep-8",
    "action": "new",
    "side": "buy",
    "price": 65280.26459999999,
    "quantity": 0.06,
    "remaining_quantity": 0.06
  },
  {
    "event_id": "7e7f5f030e7fe79b346a02d042773f6c52477ae79daecfdf9b50a78bfccf9074",
    "schema_version": "1.0.0",
    "event_type": "agent_order",
    "source": "synthetic_agent",
    "symbol": "BTCUSDT",
    "exchange": "binance_usdm",
    "timestamp": "2024-05-01T00:00:00.270000Z",
    "sequence": 9,
    "scenario_id": "scenario-189-stop_run_sweep",
    "agent_id": "agent-stop_run_sweep",
    "order_id": "scenario-189-stop_run_sweep-agent-stop_run_sweep-9",
    "action": "new",
    "side": "buy",
    "price": 65283.52405,
    "quantity": 0.06,
    "remaining_quantity": 0.06
  },
  {
    "event_id": "be25b21bcda8ea36d53bf1c250e2d599d897b1cc309b90ed5007bda152c8cc59",
    "schema_version": "1.0.0",
    "event_type": "agent_order",
    "source": "synthetic_agent",
    "symbol": "BTCUSDT",
    "exchange": "binance_usdm",
    "timestamp": "2024-05-01T00:00:00.300000Z",
    "sequence": 10,
    "scenario_id": "scenario-189-stop_run_sweep",
    "agent_id": "agent-stop_run_sweep",
    "order_id": "scenario-189-stop_run_sweep-agent-stop_run_sweep-10",
    "action": "new",
    "side": "buy",
    "price": 65286.78349999999,
    "quantity": 0.06,
    "remaining_quantity": 0.06
  },
  {
    "event_id": "5109638173f9b8caea124c4a06d1c51df2184feec58381f59db30748efc7935f",
    "schema_version": "1.0.0",
    "event_type": "agent_order",
    "source": "synthetic_agent",
    "symbol": "BTCUSDT",
    "exchange": "binance_usdm",
    "timestamp": "2024-05-01T00:00:00.330000Z",
    "sequence": 11,
    "scenario_id": "scenario-189-stop_run_sweep",
    "agent_id": "agent-stop_run_sweep",
    "order_id": "scenario-189-stop_run_sweep-agent-stop_run_sweep-11",
    "action": "new",
    "side": "buy",
    "price": 65290.042949999995,
    "quantity": 0.06,
    "remaining_quantity": 0.06
  },
  {
    "event_id": "32a98db8fa47af452022be0d394a0f3e59aacc8601ea058adca47ad05344b2c0",
    "schema_version": "1.0.0",
    "event_type": "agent_order",
    "source": "synthetic_agent",
    "symbol": "BTCUSDT",
    "exchange": "binance_usdm",
    "timestamp": "2024-05-01T00:00:00.360000Z",
    "sequence": 12,
    "scenario_id": "scenario-189-stop_run_sweep",
    "agent_id": "agent-stop_run_sweep",
    "order_id": "scenario-189-stop_run_sweep-agent-stop_run_sweep-12",
    "action": "new",
    "side": "buy",
    "price": 65293.302399999986,
    "quantity": 0.06,
    "remaining_quantity": 0.06
  },
  {
    "event_id": "84eab8021eb3c141dd32d434441d06ff6b45b761fb6b23e72c6d510d29ed68ed",
    "schema_version": "1.0.0",
    "event_type": "agent_order",
    "source": "synthetic_agent",
    "symbol": "BTCUSDT",
    "exchange": "binance_usdm",
    "timestamp": "2024-05-01T00:00:00.390000Z",
    "sequence": 13,
    "scenario_id": "scenario-189-stop_run_sweep",
    "agent_id": "agent-stop_run_sweep",
    "order_id": "scenario-189-stop_run_sweep-agent-stop_run_sweep-13",
    "action": "new",
    "side": "buy",
    "price": 65296.56185,
    "quantity": 0.06,
    "remaining_quantity": 0.06
  },
  {
    "event_id": "6394b6e7b30642c712a413dccf2bb8cceb37377deffd5a0b935299df85856d21",
    "schema_version": "1.0.0",
    "event_type": "agent_order",
    "source": "synthetic_agent",
    "symbol": "BTCUSDT",
    "exchange": "binance_usdm",
    "timestamp": "2024-05-01T00:00:00.420000Z",
    "sequence": 14,
    "scenario_id": "scenario-189-stop_run_sweep",
    "agent_id": "agent-stop_run_sweep",
    "order_id": "scenario-189-stop_run_sweep-agent-stop_run_sweep-14",
    "action": "new",
    "side": "buy",
    "price": 65299.82129999999,
    "quantity": 0.06,
    "remaining_quantity": 0.06
  },
  {
    "event_id": "5079be61259eb13e503be9ba64ae47d53bf1404093361052f8fd80f5bd9fbbd2",
    "schema_version": "1.0.0",
    "event_type": "agent_order",
    "source": "synthetic_agent",
    "symbol": "BTCUSDT",
    "exchange": "binance_usdm",
    "timestamp": "2024-05-01T00:00:00.450000Z",
    "sequence": 15,
    "scenario_id": "scenario-189-stop_run_sweep",
    "agent_id": "agent-stop_run_sweep",
    "order_id": "scenario-189-stop_run_sweep-agent-stop_run_sweep-15",
    "action": "new",
    "side": "buy",
    "price": 65303.080749999994,
    "quantity": 0.06,
    "remaining_quantity": 0.06
  },
  {
    "event_id": "b326e2a6c7ccbc16b645be0291fc1301b001c399bb8288d10536b951afe964f0",
    "schema_version": "1.0.0",
    "event_type": "agent_order",
    "source": "synthetic_agent",
    "symbol": "BTCUSDT",
    "exchange": "binance_usdm",
    "timestamp": "2024-05-01T00:00:00.480000Z",
    "sequence": 16,
    "scenario_id": "scenario-189-stop_run_sweep",
    "agent_id": "agent-stop_run_sweep",
    "order_id": "scenario-189-stop_run_sweep-agent-stop_run_sweep-16",
    "action": "new",
    "side": "buy",
    "price": 65306.340199999984,
    "quantity": 0.06,
    "remaining_quantity": 0.06
  },
  {
    "event_id": "6bc05aeb8103781c89438e2a337f4f5c8568d2edff84122f8494ff1618035ae4",
    "schema_version": "1.0.0",
    "event_type": "agent_order",
    "source": "synthetic_agent",
    "symbol": "BTCUSDT",
    "exchange": "binance_usdm",
    "timestamp": "2024-05-01T00:00:00.510000Z",
    "sequence": 17,
    "scenario_id": "scenario-189-stop_run_sweep",
    "agent_id": "agent-stop_run_sweep",
    "order_id": "scenario-189-stop_run_sweep-agent-stop_run_sweep-17",
    "action": "new",
    "side": "buy",
    "price": 65309.59965,
    "quantity": 0.06,
    "remaining_quantity": 0.06
  },
  {
    "event_id": "90c4f432a0bd9f6523cda04a4516cbcaddf29f90b2487be28ffb9c8abbdfb546",
    "schema_version": "1.0.0",
    "event_type": "agent_order",
    "source": "synthetic_agent",
    "symbol": "BTCUSDT",
    "exchange": "binance_usdm",
    "timestamp": "2024-05-01T00:00:00.540000Z",
    "sequence": 18,
    "scenario_id": "scenario-189-stop_run_sweep",
    "agent_id": "agent-stop_run_sweep",
    "order_id": "scenario-189-stop_run_sweep-agent-stop_run_sweep-18",
    "action": "new",
    "side": "buy",
    "price": 65312.85909999999,
    "quantity": 0.06,
    "remaining_quantity": 0.06
  },
  {
    "event_id": "8abf44a399807f5386169b3ac1a7f2b61e5af5d65653f0b40fde8cf05a293565",
    "schema_version": "1.0.0",
    "event_type": "agent_order",
    "source": "synthetic_agent",
    "symbol": "BTCUSDT",
    "exchange": "binance_usdm",
    "timestamp": "2024-05-01T00:00:00.570000Z",
    "sequence": 19,
    "scenario_id": "scenario-189-stop_run_sweep",
    "agent_id": "agent-stop_run_sweep",
    "order_id": "scenario-189-stop_run_sweep-agent-stop_run_sweep-19",
    "action": "new",
    "side": "buy",
    "price": 65316.11854999999,
    "quantity": 0.06,
    "remaining_quantity": 0.06
  },
  {
    "event_id": "e0de80220d454fd63a50ecf9c5cc55ad2f9de5522f079020f4e2ff786bf9e2b9",
    "schema_version": "1.0.0",
    "event_type": "agent_order",
    "source": "synthetic_agent",
    "symbol": "BTCUSDT",
    "exchange": "binance_usdm",
    "timestamp": "2024-05-01T00:00:00.600000Z",
    "sequence": 20,
    "scenario_id": "scenario-189-stop_run_sweep",
    "agent_id": "agent-stop_run_sweep",
    "order_id": "scenario-189-stop_run_sweep-agent-stop_run_sweep-20",
    "action": "new",
    "side": "buy",
    "price": 65319.37799999998,
    "quantity": 0.06,
    "remaining_quantity": 0.06
  },
  {
    "event_id": "e5078be32ef9c45016229b0e4d15528218f712bf65b798a4aea86e1d970cbc62",
    "schema_version": "1.0.0",
    "event_type": "agent_order",
    "source": "synthetic_agent",
    "symbol": "BTCUSDT",
    "exchange": "binance_usdm",
    "timestamp": "2024-05-01T00:00:00.630000Z",
    "sequence": 21,
    "scenario_id": "scenario-189-stop_run_sweep",
    "agent_id": "agent-stop_run_sweep",
    "order_id": "scenario-189-stop_run_sweep-agent-stop_run_sweep-21",
    "action": "new",
    "side": "buy",
    "price": 65322.637449999995,
    "quantity": 0.06,
    "remaining_quantity": 0.06
  },
  {
    "event_id": "e69c7e9074cb9b2c088f933b36e86d12540b7543dc0258765be88cf3bfc8bd09",
    "schema_version": "1.0.0",
    "event_type": "agent_order",
    "source": "synthetic_agent",
    "symbol": "BTCUSDT",
    "exchange": "binance_usdm",
    "timestamp": "2024-05-01T00:00:00.660000Z",
    "sequence": 22,
    "scenario_id": "scenario-189-stop_run_sweep",
    "agent_id": "agent-stop_run_sweep",
    "order_id": "scenario-189-stop_run_sweep-agent-stop_run_sweep-22",
    "action": "new",
    "side": "buy",
    "price": 65325.8969,
    "quantity": 0.06,
    "remaining_quantity": 0.06
  },
  {
    "event_id": "1e64cee703be68472bbd24015248783cb7ff839dcb666eee4e88e38e834c2fcf",
    "schema_version": "1.0.0",
    "event_type": "agent_order",
    "source": "synthetic_agent",
    "symbol": "BTCUSDT",
    "exchange": "binance_usdm",
    "timestamp": "2024-05-01T00:00:00.690000Z",
    "sequence": 23,
    "scenario_id": "scenario-189-stop_run_sweep",
    "agent_id": "agent-stop_run_sweep",
    "order_id": "scenario-189-stop_run_sweep-agent-stop_run_sweep-23",
    "action": "new",
    "side": "buy",
    "price": 65329.15634999999,
    "quantity": 0.06,
    "remaining_quantity": 0.06
  },
  {
    "event_id": "b0b1bcfa12dbe7f94cdb654de3c7d37141027d5e482061f1675422c3abd15430",
    "schema_version": "1.0.0",
    "event_type": "agent_order",
    "source": "synthetic_agent",
    "symbol": "BTCUSDT",
    "exchange": "binance_usdm",
    "timestamp": "2024-05-01T00:00:00.720000Z",
    "sequence": 24,
    "scenario_id": "scenario-189-stop_run_sweep",
    "agent_id": "agent-stop_run_sweep",
    "order_id": "scenario-189-stop_run_sweep-agent-stop_run_sweep-24",
    "action": "new",
    "side": "buy",
    "price": 65332.415799999995,
    "quantity": 0.06,
    "remaining_quantity": 0.06
  },
  {
    "event_id": "be2efe304018aa4fdba312dd9336c450085fdb4423e253142d363f79029627c9",
    "schema_version": "1.0.0",
    "event_type": "agent_order",
    "source": "synthetic_agent",
    "symbol": "BTCUSDT",
    "exchange": "binance_usdm",
    "timestamp": "2024-05-01T00:00:00.750000Z",
    "sequence": 25,
    "scenario_id": "scenario-189-stop_run_sweep",
    "agent_id": "agent-stop_run_sweep",
    "order_id": "scenario-189-stop_run_sweep-agent-stop_run_sweep-25",
    "action": "new",
    "side": "buy",
    "price": 65335.67524999999,
    "quantity": 0.06,
    "remaining_quantity": 0.06
  },
  {
    "event_id": "d4097e8d4bff0d8205e2b02515e328f3c95032d1f5e9cf85596d3a343f142e82",
    "schema_version": "1.0.0",
    "event_type": "agent_order",
    "source": "synthetic_agent",
    "symbol": "BTCUSDT",
    "exchange": "binance_usdm",
    "timestamp": "2024-05-01T00:00:00.780000Z",
    "sequence": 26,
    "scenario_id": "scenario-189-stop_run_sweep",
    "agent_id": "agent-stop_run_sweep",
    "order_id": "scenario-189-stop_run_sweep-agent-stop_run_sweep-26",
    "action": "new",
    "side": "buy",
    "price": 65338.9347,
    "quantity": 0.06,
    "remaining_quantity": 0.06
  },
  {
    "event_id": "d3ade30c021cd3152ee4b049d612abe55a1946adea06fc7eb8738fc56d3291e9",
    "schema_version": "1.0.0",
    "event_type": "agent_order",
    "source": "synthetic_agent",
    "symbol": "BTCUSDT",
    "exchange": "binance_usdm",
    "timestamp": "2024-05-01T00:00:00.810000Z",
    "sequence": 27,
    "scenario_id": "scenario-189-stop_run_sweep",
    "agent_id": "agent-stop_run_sweep",
    "order_id": "scenario-189-stop_run_sweep-agent-stop_run_sweep-27",
    "action": "new",
    "side": "buy",
    "price": 65342.19414999999,
    "quantity": 0.06,
    "remaining_quantity": 0.06
  },
  {
    "event_id": "fef38be4a6e94e50de93618ed492816befb853622f32d818155742365eef03a3",
    "schema_version": "1.0.0",
    "event_type": "agent_order",
    "source": "synthetic_agent",
    "symbol": "BTCUSDT",
    "exchange": "binance_usdm",
    "timestamp": "2024-05-01T00:00:00.840000Z",
    "sequence": 28,
    "scenario_id": "scenario-189-stop_run_sweep",
    "agent_id": "agent-stop_run_sweep",
    "order_id": "scenario-189-stop_run_sweep-agent-stop_run_sweep-28",
    "action": "new",
    "side": "buy",
    "price": 65345.4536,
    "quantity": 0.06,
    "remaining_quantity": 0.06
  },
  {
    "event_id": "82571f7fc2bf3deaff6ef7b586821fb5742fe0ecbf74d5de29410440442cac85",
    "schema_version": "1.0.0",
    "event_type": "agent_order",
    "source": "synthetic_agent",
    "symbol": "BTCUSDT",
    "exchange": "binance_usdm",
    "timestamp": "2024-05-01T00:00:00.870000Z",
    "sequence": 29,
    "scenario_id": "scenario-189-stop_run_sweep",
    "agent_id": "agent-stop_run_sweep",
    "order_id": "scenario-189-stop_run_sweep-agent-stop_run_sweep-29",
    "action": "new",
    "side": "buy",
    "price": 65348.71304999999,
    "quantity": 0.06,
    "remaining_quantity": 0.06
  }
]