[
  {
    "event_id": "d40678cec1ffe2e347d42145813b3056056ed9ebfac8ba469501104387049420",
    "schema_version": "1.0.0",
    "event_type": "agent_order",
    "source": "synthetic_agent",
    "symbol": "BTCUSDT",
    "exchange": "binance_usdm",
    "timestamp": "2024-05-01T00:00:00Z",
    "sequence": 0,
    "scenario_id": "scenario-080-latency_edge",
    "agent_id": "agent-latency_edge",
    "order_id": "scenario-080-latency_edge-agent-latency_edge-0",
    "action": "new",
    "side": "buy",
    "price": 65119.047999999995,
    "quantity": 0.006,
    "remaining_quantity": 0.006
  },
  {
    "event_id": "807223e15a38639eb8921e7c27a9bcaa28b969f2516a377d9ae0010b3e909abc",
    "schema_version": "1.0.0",
    "event_type": "agent_order",
    "source": "synthetic_agent",
    "symbol": "BTCUSDT",
    "exchange": "binance_usdm",
    "timestamp": "2024-05-01T00:00:00.008000Z",
    "sequence": 1,
    "scenario_id": "scenario-080-latency_edge",
    "agent_id": "agent-latency_edge",
    "order_id": "scenario-080-latency_edge-agent-latency_edge-1",
    "action": "new",
    "side": "buy",
    "price": 65119.047999999995,
    "quantity": 0.006,
    "remaining_quantity": 0.006
  },
  {
    "event_id": "a2ddfb963863c9b065c5e9031c71ee3ff8b3176402400604816909279826b0cd",
    "schema_version": "1.0.0",
    "event_type": "agent_order",
    "source": "synthetic_agent",
    "symbol": "BTCUSDT",
    "exchange": "binance_usdm",
    "timestamp": "2024-05-01T00:00:00.016000Z",
    "sequence": 2,
    "scenario_id": "scenario-080-latency_edge",
    "agent_id": "agent-latency_edge",
    "order_id": "scenario-080-latency_edge-agent-latency_edge-2",
    "action": "new",
    "side": "sell",
    "price": 65040.952,
    "quantity": 0.006,
    "remaining_quantity": 0.006
  },
  {
    "event_id": "b55995c1d9c54e86a93b6cf76f60b506ac0c9cd251736c7b8337f5424aac9227",
    "schema_version": "1.0.0",
    "event_type": "agent_order",
    "source": "synthetic_agent",
    "symbol": "BTCUSDT",
    "exchange": "binance_usdm",
    "timestamp": "2024-05-01T00:00:00.024000Z",
    "sequence": 3,
    "scenario_id": "scenario-080-latency_edge",
    "agent_id": "agent-latency_edge",
    "order_id": "scenario-080-latency_edge-agent-latency_edge-3",
    "action": "new",
    "side": "sell",
    "price": 65040.952,
    "quantity": 0.006,
    "remaining_quantity": 0.006
  },
  {
    "event_id": "6e78613152934512ec3b6e2d407926901879a49f6345ac4a4cb91ed2fbff4f62",
    "schema_version": "1.0.0",
    "event_type": "agent_order",
    "source": "synthetic_agent",
    "symbol": "BTCUSDT",
    "exchange": "binance_usdm",
    "timestamp": "2024-05-01T00:00:00.032000Z",
    "sequence": 4,
    "scenario_id": "scenario-080-latency_edge",
    "agent_id": "agent-latency_edge",
    "order_id": "scenario-080-latency_edge-agent-latency_edge-4",
    "action": "new",
    "side": "buy",
    "price": 65119.047999999995,
    "quantity": 0.006,
    "remaining_quantity": 0.006
  },
  {
    "event_id": "3c12b4b08b03400dfbcaee043f7b7d2d44a150f720f796b43bfe3a933d0f19fc",
    "schema_version": "1.0.0",
    "event_type": "agent_order",
    "source": "synthetic_agent",
    "symbol": "BTCUSDT",
    "exchange": "binance_usdm",
    "timestamp": "2024-05-01T00:00:00.040000Z",
    "sequence": 5,
    "scenario_id": "scenario-080-latency_edge",
    "agent_id": "agent-latency_edge",
    "order_id": "scenario-080-latency_edge-agent-latency_edge-5",
    "action": "new",
    "side": "buy",
    "price": 65119.047999999995,
    "quantity": 0.006,
    "remaining_quantity": 0.006
  },
  {
    "event_id": "0ad8f159ab451a87a6b5de802c3061f5ddc128c4acd9344bedc93e4e63903b49",
    "schema_version": "1.0.0",
    "event_type": "agent_order",
    "source": "synthetic_agent",
    "symbol": "BTCUSDT",
    "exchange": "binance_usdm",
    "timestamp": "2024-05-01T00:00:00.048000Z",
    "sequence": 6,
    "scenario_id": "scenario-080-latency_edge",
    "agent_id": "agent-latency_edge",
    "order_id": "scenario-080-latency_edge-agent-latency_edge-6",
    "action": "new",
    "side": "sell",
    "price": 65040.952,
    "quantity": 0.006,
    "remaining_quantity": 0.006
  },
  {
    "event_id": "38d43f4f31053e2d130d1612f377e435af82522ce42420a65631d6a913e9703c",
    "schema_version": "1.0.0",
    "event_type": "agent_order",
    "source": "synthetic_agent",
    "symbol": "BTCUSDT",
    "exchange": "binance_usdm",
    "timestamp": "2024-05-01T00:00:00.056000Z",
    "sequence": 7,
    "scenario_id": "scenario-080-latency_edge",
    "agent_id": "agent-latency_edge",
    "order_id": "scenario-080-latency_edge-agent-latency_edge-7",
    "action": "new",
    "side": "sell",
    "price": 65040.952,
    "quantity": 0.006,
    "remaining_quantity": 0.006
  },
  {
    "event_id": "48801997ae8ec10804ea35ccba8ed8eb9e9f99f2e2fbcc15c678022004cfb269",
    "schema_version": "1.0.0",
    "event_type": "agent_order",
    "source": "synthetic_agent",
    "symbol": "BTCUSDT",
    "exchange": "binance_usdm",
    "timestamp": "2024-05-01T00:00:00.064000Z",
    "sequence": 8,
    "scenario_id": "scenario-080-latency_edge",
    "agent_id": "agent-latency_edge",
    "order_id": "scenario-080-latency_edge-agent-latency_edge-8",
    "action": "new",
    "side": "buy",
    "price": 65119.047999999995,
    "quantity": 0.006,
    "remaining_quantity": 0.006
  },
  {
    "event_id": "7865eae2e4d51949ab163fa02052ced6d1cf67e8c822b713144fed50f62ecc82",
    "schema_version": "1.0.0",
    "event_type": "agent_order",
    "source": "synthetic_agent",
    "symbol": "BTCUSDT",
    "exchange": "binance_usdm",
    "timestamp": "2024-05-01T00:00:00.072000Z",
    "sequence": 9,
    "scenario_id": "scenario-080-latency_edge",
    "agent_id": "agent-latency_edge",
    "order_id": "scenario-080-latency_edge-agent-latency_edge-9",
    "action": "new",
    "side": "buy",
    "price": 65119.047999999995,
    "quantity": 0.006,
    "remaining_quantity": 0.006
  },
  {
    "event_id": "ecdefa48f1f591df23d6f459897f4715f3e3bbee6067eec776062b873f77a5d2",
    "schema_version": "1.0.0",
    "event_type": "agent_order",
    "source": "synthetic_agent",
    "symbol": "BTCUSDT",
    "exchange": "binance_usdm",
    "timestamp": "2024-05-01T00:00:00.080000Z",
    "sequence": 10,
    "scenario_id": "scenario-080-latency_edge",
    "agent_id": "agent-latency_edge",
    "order_id": "scenario-080-latency_edge-agent-latency_edge-10",
    "action": "new",
    "side": "sell",
    "price": 65040.952,
    "quantity": 0.006,
    "remaining_quantity": 0.006
  },
  {
    "event_id": "304af43e777d99abb05adaf038cab593bcac644bc975f783b513925382d2b725",
    "schema_version": "1.0.0",
    "event_type": "agent_order",
    "source": "synthetic_agent",
    "symbol": "BTCUSDT",
    "exchange": "binance_usdm",
    "timestamp": "2024-05-01T00:00:00.088000Z",
    "sequence": 11,
    "scenario_id": "scenario-080-latency_edge",
    "agent_id": "agent-latency_edge",
    "order_id": "scenario-080-latency_edge-agent-latency_edge-11",
    "action": "new",
    "side": "sell",
    "price": 65040.952,
    "quantity": 0.006,
    "remaining_quantity": 0.006
  },
  {
    "event_id": "e50421bd986aef40489736cc37d184f23bcce7a677b91daa9d491e5511154caa",
    "schema_version": "1.0.0",
    "event_type": "agent_order",
    "source": "synthetic_agent",
    "symbol": "BTCUSDT",
    "exchange": "binance_usdm",
    "timestamp": "2024-05-01T00:00:00.096000Z",
    "sequence": 12,
    "scenario_id": "scenario-080-latency_edge",
    "agent_id": "agent-latency_edge",
    "order_id": "scenario-080-latency_edge-agent-latency_edge-12",
    "action": "new",
    "side": "buy",
    "price": 65119.047999999995,
    "quantity": 0.006,
    "remaining_quantity": 0.006
  },
  {
    "event_id": "4094e318422ae17b89c40bb0360472407cb39173d5b18d9fcd1fb2f6026ff94f",
    "schema_version": "1.0.0",
    "event_type": "agent_order",
    "source": "synthetic_agent",
    "symbol": "BTCUSDT",
    "exchange": "binance_usdm",
    "timestamp": "2024-05-01T00:00:00.104000Z",
    "sequence": 13,
    "scenario_id": "scenario-080-latency_edge",
    "agent_id": "agent-latency_edge",
    "order_id": "scenario-080-latency_edge-agent-latency_edge-13",
    "action": "new",
    "side": "buy",
    "price": 65119.047999999995,
    "quantity": 0.006,
    "remaining_quantity": 0.006
  },
  {
    "event_id": "af318be0983e7db6e329022a024814bd22a235b2e679c720f29aeaa231364b28",
    "schema_version": "1.0.0",
    "event_type": "agent_order",
    "source": "synthetic_agent",
    "symbol": "BTCUSDT",
    "exchange": "binance_usdm",
    "timestamp": "2024-05-01T00:00:00.112000Z",
    "sequence": 14,
    "scenario_id": "scenario-080-latency_edge",
    "agent_id": "agent-latency_edge",
    "order_id": "scenario-080-latency_edge-agent-latency_edge-14",
    "action": "new",
    "side": "sell",
    "price": 65040.952,
    "quantity": 0.006,
    "remaining_quantity": 0.006
  },
  {
    "event_id": "282ba370524d6a3ff902a54008aff32283e9b961923c7ab608b9349a75702d97",
    "schema_version": "1.0.0",
    "event_type": "agent_order",
    "source": "synthetic_agent",
    "symbol": "BTCUSDT",
    "exchange": "binance_usdm",
    "timestamp": "2024-05-01T00:00:00.120000Z",
    "sequence": 15,
    "scenario_id": "scenario-080-latency_edge",
    "agent_id": "agent-latency_edge",
    "order_id": "scenario-080-latency_edge-agent-latency_edge-15",
    "action": "new",
    "side": "sell",
    "price": 65040.952,
    "quantity": 0.006,
    "remaining_quantity": 0.006
  },
  {
    "event_id": "931460c1b151ebeae95255b9a1f1be297353703bd80faed6ee8cbad33f0ab1fd",
    "schema_version": "1.0.0",
    "event_type": "agent_order",
    "source": "synthetic_agent",
    "symbol": "BTCUSDT",
    "exchange": "binance_usdm",
    "timestamp": "2024-05-01T00:00:00.128000Z",
    "sequence": 16,
    "scenario_id": "scenario-080-latency_edge",
    "agent_id": "agent-latency_edge",
    "order_id": "scenario-080-latency_edge-agent-latency_edge-16",
    "action": "new",
    "side": "buy",
    "price": 65119.047999999995,
    "quantity": 0.006,
    "remaining_quantity": 0.006
  },
  {
    "event_id": "4b9e8e537b40a5b96ceb960c1b32849a969b8e05c63fb55e715850310fd905f8",
    "schema_version": "1.0.0",
    "event_type": "agent_order",
    "source": "synthetic_agent",
    "symbol": "BTCUSDT",
    "exchange": "binance_usdm",
    "timestamp": "2024-05-01T00:00:00.136000Z",
    "sequence": 17,
    "scenario_id": "scenario-080-latency_edge",
    "agent_id": "agent-latency_edge",
    "order_id": "scenario-080-latency_edge-agent-latency_edge-17",
    "action": "new",
    "side": "buy",
    "price": 65119.047999999995,
    "quantity": 0.006,
    "remaining_quantity": 0.006
  },
  {
    "event_id": "4b1ef3be07d90ef1535c6fa9d94cb9a1bedeb173cc2f74b4358ff229fada731f",
    "schema_version": "1.0.0",
    "event_type": "agent_order",
    "source": "synthetic_agent",
    "symbol": "BTCUSDT",
    "exchange": "binance_usdm",
    "timestamp": "2024-05-01T00:00:00.144000Z",
    "sequence": 18,
    "scenario_id": "scenario-080-latency_edge",
    "agent_id": "agent-latency_edge",
    "order_id": "scenario-080-latency_edge-agent-latency_edge-18",
    "action": "new",
    "side": "sell",
    "price": 65040.952,
    "quantity": 0.006,
    "remaining_quantity": 0.006
  },
  {
    "event_id": "c88561cf24418e9e8b2c0b49ab702a20c6638e68d65a31c59682f580de3d70bf",
    "schema_version": "1.0.0",
    "event_type": "agent_order",
    "source": "synthetic_agent",
    "symbol": "BTCUSDT",
    "exchange": "binance_usdm",
    "timestamp": "2024-05-01T00:00:00.152000Z",
    "sequence": 19,
    "scenario_id": "scenario-080-latency_edge",
    "agent_id": "agent-latency_edge",
    "order_id": "scenario-080-latency_edge-agent-latency_edge-19",
    "action": "new",
    "side": "sell",
    "price": 65040.952,
    "quantity": 0.006,
    "remaining_quantity": 0.006
  },
  {
    "event_id": "d643a53c19204324b22cb4bca6a7c6972d56b84a39400721fb97513acc854470",
    "schema_version": "1.0.0",
    "event_type": "agent_order",
    "source": "synthetic_agent",
    "symbol": "BTCUSDT",
    "exchange": "binance_usdm",
    "timestamp": "2024-05-01T00:00:00.160000Z",
    "sequence": 20,
    "scenario_id": "scenario-080-latency_edge",
    "agent_id": "agent-latency_edge",
    "order_id": "scenario-080-latency_edge-agent-latency_edge-20",
    "action": "new",
    "side": "buy",
    "price": 65119.047999999995,
    "quantity": 0.006,
    "remaining_quantity": 0.006
  },
  {
    "event_id": "8e7870f712f23e49edea33546db4de46ea22b550d810141958ca59cf6cdb118c",
    "schema_version": "1.0.0",
    "event_type": "agent_order",
    "source": "synthetic_agent",
    "symbol": "BTCUSDT",
    "exchange": "binance_usdm",
    "timestamp": "2024-05-01T00:00:00.168000Z",
    "sequence": 21,
    "scenario_id": "scenario-080-latency_edge",
    "agent_id": "agent-latency_edge",
    "order_id": "scenario-080-latency_edge-agent-latency_edge-21",
    "action": "new",
    "side": "buy",
    "price": 65119.047999999995,
    "quantity": 0.006,
    "remaining_quantity": 0.006
  },
  {
    "event_id": "bc93f15666de36a1972df1ad87fc574d6558129c18719d99cc8fc20e08a76aa1",
    "schema_version": "1.0.0",
    "event_type": "agent_order",
    "source": "synthetic_agent",
    "symbol": "BTCUSDT",
    "exchange": "binance_usdm",
    "timestamp": "2024-05-01T00:00:00.176000Z",
    "sequence": 22,
    "scenario_id": "scenario-080-latency_edge",
    "agent_id": "agent-latency_edge",
    "order_id": "scenario-080-latency_edge-agent-latency_edge-22",
    "action": "new",
    "side": "sell",
    "price": 65040.952,
    "quantity": 0.006,
    "remaining_quantity": 0.006
  },
  {
    "event_id": "3c79c7072db048ec449f74d40ffc9830235c70535d4e3a952f971c3ed0e5c107",
    "schema_version": "1.0.0",
    "event_type": "agent_order",
    "source": "synthetic_agent",
    "symbol": "BTCUSDT",
    "exchange": "binance_usdm",
    "timestamp": "2024-05-01T00:00:00.184000Z",
    "sequence": 23,
    "scenario_id": "scenario-080-latency_edge",
    "agent_id": "agent-latency_edge",
    "order_id": "scenario-080-latency_edge-agent-latency_edge-23",
    "action": "new",
    "side": "sell",
    "price": 65040.952,
    "quantity": 0.006,
    "remaining_quantity": 0.006
  },
  {
    "event_id": "8997c64e933e209a0d14fe2c8608a5aff2e820e6b3a5de9912ef0af123a19ec8",
    "schema_version": "1.0.0",
    "event_type": "agent_order",
    "source": "synthetic_agent",
    "symbol": "BTCUSDT",
    "exchange": "binance_usdm",
    "timestamp": "2024-05-01T00:00:00.192000Z",
    "sequence": 24,
    "scenario_id": "scenario-080-latency_edge",
    "agent_id": "agent-latency_edge",
    "order_id": "scenario-080-latency_edge-agent-latency_edge-24",
    "action": "new",
    "side": "buy",
    "price": 65119.047999999995,
    "quantity": 0.006,
    "remaining_quantity": 0.006
  },
  {
    "event_id": "645a8aac9eb4ccc7a37ce496fb8e6beddb3c050aa19e8f82edeac88275c4e8a1",
    "schema_version": "1.0.0",
    "event_type": "agent_order",
    "source": "synthetic_agent",
    "symbol": "BTCUSDT",
    "exchange": "binance_usdm",
    "timestamp": "2024-05-01T00:00:00.200000Z",
    "sequence": 25,
    "scenario_id": "scenario-080-latency_edge",
    "agent_id": "agent-latency_edge",
    "order_id": "scenario-080-latency_edge-agent-latency_edge-25",
    "action": "new",
    "side": "buy",
    "price": 65119.047999999995,
    "quantity": 0.006,
    "remaining_quantity": 0.006
  },
  {
    "event_id": "ec3778b1ecf4562807bbc0a9cded6c3d35a3641d119e85423592d99cd94c4e31",
    "schema_version": "1.0.0",
    "event_type": "agent_order",
    "source": "synthetic_agent",
    "symbol": "BTCUSDT",
    "exchange": "binance_usdm",
    "timestamp": "2024-05-01T00:00:00.208000Z",
    "sequence": 26,
    "scenario_id": "scenario-080-latency_edge",
    "agent_id": "agent-latency_edge",
    "order_id": "scenario-080-latency_edge-agent-latency_edge-26",
    "action": "new",
    "side": "sell",
    "price": 65040.952,
    "quantity": 0.006,
    "remaining_quantity": 0.006
  },
  {
    "event_id": "964215d948fa62f7bf31942476197f8fc1af09a047e44779289826bbff147d61",
    "schema_version": "1.0.0",
    "event_type": "agent_order",
    "source": "synthetic_agent",
    "symbol": "BTCUSDT",
    "exchange": "binance_usdm",
    "timestamp": "2024-05-01T00:00:00.216000Z",
    "sequence": 27,
    "scenario_id": "scenario-080-latency_edge",
    "agent_id": "agent-latency_edge",
    "order_id": "scenario-080-latency_edge-agent-latency_edge-27",
    "action": "new",
    "side": "sell",
    "price": 65040.952,
    "quantity": 0.006,
    "remaining_quantity": 0.006
  },
  {
    "event_id": "28f34771263635a9eecae3a48d8a057ba90900382081fa1f08ca4d8ce87647ce",
    "schema_version": "1.0.0",
    "event_type": "agent_order",
    "source": "synthetic_agent",
    "symbol": "BTCUSDT",
    "exchange": "binance_usdm",
    "timestamp": "2024-05-01T00:00:00.224000Z",
    "sequence": 28,
    "scenario_id": "scenario-080-latency_edge",
    "agent_id": "agent-latency_edge",
    "order_id": "scenario-080-latency_edge-agent-latency_edge-28",
    "action": "new",
    "side": "buy",
    "price": 65119.047999999995,
    "quantity": 0.006,
    "remaining_quantity": 0.006
  },
  {
    "event_id": "7b5f604d3e10cbf019ec605d47d0ae2b25e36cc6f6c39a2a4a7b502a5cb7e318",
    "schema_version": "1.0.0",
    "event_type": "agent_order",
    "source": "synthetic_agent",
    "symbol": "BTCUSDT",
    "exchange": "binance_usdm",
    "timestamp": "2024-05-01T00:00:00.232000Z",
    "sequence": 29,
    "scenario_id": "scenario-080-latency_edge",
    "agent_id": "agent-latency_edge",
    "order_id": "scenario-080-latency_edge-agent-latency_edge-29",
    "action": "new",
    "side": "buy",
    "price": 65119.047999999995,
    "quantity": 0.006,
    "remaining_quantity": 0.006
  }
]