[
  {
    "event_id": "22fd01be731592e12baba3079209c599b4570a5d2d29164c588f86858f5c5728",
    "schema_version": "1.0.0",
    "event_type": "agent_order",
    "source": "synthetic_agent",
    "symbol": "BTCUSDT",
    "exchange": "binance_usdm",
    "timestamp": "2024-05-01T00:00:00Z",
    "sequence": 0,
    "scenario_id": "scenario-361-twap_execution",
    "agent_id": "agent-twap_execution",
    "order_id": "scenario-361-twap_execution-agent-twap_execution-0",
    "action": "new",
    "side": "buy",
    "price": 65328.319500000005,
    "quantity": 0.005,
    "remaining_quantity": 0.005
  },
  {
    "event_id": "f2dd8e793f37f8c8470d2526aa1309a9c2afa74d5f55038b79d80131b61f5555",
    "schema_version": "1.0.0",
    "event_type": "agent_order",
    "source": "synthetic_agent",
    "symbol": "BTCUSDT",
    "exchange": "binance_usdm",
    "timestamp": "2024-05-01T00:00:01Z",
    "sequence": 1,
    "scenario_id": "scenario-361-twap_execution",
    "agent_id": "agent-twap_execution",
    "order_id": "scenario-361-twap_execution-agent-twap_execution-1",
    "action": "new",
    "side": "buy",
    "price": 65328.319500000005,
    "quantity": 0.005,
    "remaining_quantity": 0.005
  },
  {
    "event_id": "f03bddbf79fd7c198a80c4e345dd9cd5a07f80a6d119b0cb8ac323a03920c9bf",
    "schema_version": "1.0.0",
    "event_type": "agent_order",
    "source": "synthetic_agent",
    "symbol": "BTCUSDT",
    "exchange": "binance_usdm",
    "timestamp": "2024-05-01T00:00:02Z",
    "sequence": 2,
    "scenario_id": "scenario-361-twap_execution",
    "agent_id": "agent-twap_execution",
    "order_id": "scenario-361-twap_execution-agent-twap_execution-2",
    "action": "new",
    "side": "buy",
    "price": 65328.319500000005,
    "quantity": 0.005,
    "remaining_quantity": 0.005
  },
  {
    "event_id": "867fad58025341d8ed71220574a0e2e549d3897512943d22b0021ce390744bb0",
    "schema_version": "1.0.0",
    "event_type": "agent_order",
    "source": "synthetic_agent",
    "symbol": "BTCUSDT",
    "exchange": "binance_usdm",
    "timestamp": "2024-05-01T00:00:03Z",
    "sequence": 3,
    "scenario_id": "scenario-361-twap_execution",
    "agent_id": "agent-twap_execution",
    "order_id": "scenario-361-twap_execution-agent-twap_execution-3",
    "action": "new",
    "side": "buy",
    "price": 65328.319500000005,
    "quantity": 0.005,
    "remaining_quantity": 0.005
  },
  {
    "event_id": "fa2a3280a9d366657d8d59fe9779a0fad89dae206dfba0ec33b5d6da08d14be8",
    "schema_version": "1.0.0",
    "event_type": "agent_order",
    "source": "synthetic_agent",
    "symbol": "BTCUSDT",
    "exchange": "binance_usdm",
    "timestamp": "2024-05-01T00:00:04Z",
    "sequence": 4,
    "scenario_id": "scenario-361-twap_execution",
    "agent_id": "agent-twap_execution",
    "order_id": "scenario-361-twap_execution-agent-twap_execution-4",
    "action": "new",
    "side": "buy",
    "price": 65328.319500000005,
    "quantity": 0.005,
    "remaining_quantity": 0.005
  },
  {
    "event_id": "bbe52736ae30a4c6dbf14329c6f9755632280bffe3963fd1a28c4dcd30269869",
    "schema_version": "1.0.0",
    "event_type": "agent_order",
    "source": "synthetic_agent",
    "symbol": "BTCUSDT",
    "exchange": "binance_usdm",
    "timestamp": "2024-05-01T00:00:05Z",
    "sequence": 5,
    "scenario_id": "scenario-361-twap_execution",
    "agent_id": "agent-twap_execution",
    "order_id": "scenario-361-twap_execution-agent-twap_execution-5",
    "action": "new",
    "side": "buy",
    "price": 65328.319500000005,
    "quantity": 0.005,
    "remaining_quantity": 0.005
  },
  {
    "event_id": "9b2da6edf93cb73d6722c39b76f31e7c35d06d9cba4bc2315aa519791175d344",
    "schema_version": "1.0.0",
    "event_type": "agent_order",
    "source": "synthetic_agent",
    "symbol": "BTCUSDT",
    "exchange": "binance_usdm",
    "timestamp": "2024-05-01T00:00:06Z",
    "sequence": 6,
    "scenario_id": "scenario-361-twap_execution",
    "agent_id": "agent-twap_execution",
    "order_id": "scenario-361-twap_execution-agent-twap_execution-6",
    "action": "new",
    "side": "buy",
    "price": 65328.319500000005,
    "quantity": 0.005,
    "remaining_quantity": 0.005
  },
  {
    "event_id": "eb5e8cef2caa1ff08b543ce7ca98fc6c0ca400653353385266f227a29776785f",
    "schema_version": "1.0.0",
    "event_type": "agent_order",
    "source": "synthetic_agent",
    "symbol": "BTCUSDT",
    "exchange": "binance_usdm",
    "timestamp": "2024-05-01T00:00:07Z",
    "sequence": 7,
    "scenario_id": "scenario-361-twap_execution",
    "agent_id": "agent-twap_execution",
    "order_id": "scenario-361-twap_execution-agent-twap_execution-7",
    "action": "new",
    "side": "buy",
    "price": 65328.319500000005,
    "quantity": 0.005,
    "remaining_quantity": 0.005
  },
  {
    "event_id": "eb0b3742180aa3c332040df6549042237352e596ec4edc89f6fe86338bb77d6c",
    "schema_version": "1.0.0",
    "event_type": "agent_order",
    "source": "synthetic_agent",
    "symbol": "BTCUSDT",
    "exchange": "binance_usdm",
    "timestamp": "2024-05-01T00:00:08Z",
    "sequence": 8,
    "scenario_id": "scenario-361-twap_execution",
    "agent_id": "agent-twap_execution",
    "order_id": "scenario-361-twap_execution-agent-twap_execution-8",
    "action": "new",
    "side": "buy",
    "price": 65328.319500000005,
    "quantity": 0.005,
    "remaining_quantity": 0.005
  },
  {
    "event_id": "37b9e7e4c5d562c52f1cc9c35eef2270ebfe12d760d54662116ef4b8bf9580cc",
    "schema_version": "1.0.0",
    "event_type": "agent_order",
    "source": "synthetic_agent",
    "symbol": "BTCUSDT",
    "exchange": "binance_usdm",
    "timestamp": "2024-05-01T00:00:09Z",
    "sequence": 9,
    "scenario_id": "scenario-361-twap_execution",
    "agent_id": "agent-twap_execution",
    "order_id": "scenario-361-twap_execution-agent-twap_execution-9",
    "action": "new",
    "side": "buy",
    "price": 65328.319500000005,
    "quantity": 0.005,
    "remaining_quantity": 0.005
  },
  {
    "event_id": "82873028cdbc43760d5c5edc79ff86ca45f2bd658a411e6ab84f0ba8d486fe5d",
    "schema_version": "1.0.0",
    "event_type": "agent_order",
    "source": "synthetic_agent",
    "symbol": "BTCUSDT",
    "exchange": "binance_usdm",
    "timestamp": "2024-05-01T00:00:10Z",
    "sequence": 10,
    "scenario_id": "scenario-361-twap_execution",
    "agent_id": "agent-twap_execution",
    "order_id": "scenario-361-twap_execution-agent-twap_execution-10",
    "action": "new",
    "side": "buy",
    "price": 65328.319500000005,
    "quantity": 0.005,
    "remaining_quantity": 0.005
  },
  {
    "event_id": "45f214982923541aa0e592745f326c4b58e4269d134748e2e302680379b83089",
    "schema_version": "1.0.0",
    "event_type": "agent_order",
    "source": "synthetic_agent",
    "symbol": "BTCUSDT",
    "exchange": "binance_usdm",
    "timestamp": "2024-05-01T00:00:11Z",
    "sequence": 11,
    "scenario_id": "scenario-361-twap_execution",
    "agent_id": "agent-twap_execution",
    "order_id": "scenario-361-twap_execution-agent-twap_execution-11",
    "action": "new",
    "side": "buy",
    "price": 65328.319500000005,
    "quantity": 0.005,
    "remaining_quantity": 0.005
  },
  {
    "event_id": "251f53e85c998973eaf37dcf4fa5935fd7ee0c725f33b5b01fa6d5d0b8f344bd",
    "schema_version": "1.0.0",
    "event_type": "agent_order",
    "source": "synthetic_agent",
    "symbol": "BTCUSDT",
    "exchange": "binance_usdm",
    "timestamp": "2024-05-01T00:00:12Z",
    "sequence": 12,
    "scenario_id": "scenario-361-twap_execution",
    "agent_id": "agent-twap_execution",
    "order_id": "scenario-361-twap_execution-agent-twap_execution-12",
    "action": "new",
    "side": "buy",
    "price": 65328.319500000005,
    "quantity": 0.005,
    "remaining_quantity": 0.005
  },
  {
    "event_id": "75a14429eab13b0daa69cb6de8adba012562989e30fe6fe79df199cdc6dc598f",
    "schema_version": "1.0.0",
    "event_type": "agent_order",
    "source": "synthetic_agent",
    "symbol": "BTCUSDT",
    "exchange": "binance_usdm",
    "timestamp": "2024-05-01T00:00:13Z",
    "sequence": 13,
    "scenario_id": "scenario-361-twap_execution",
    "agent_id": "agent-twap_execution",
    "order_id": "scenario-361-twap_execution-agent-twap_execution-13",
    "action": "new",
    "side": "buy",
    "price": 65328.319500000005,
    "quantity": 0.005,
    "remaining_quantity": 0.005
  },
  {
    "event_id": "0080b75ff6088406d6c0da97afb900f365697b2be56752bcf7dc8c2b84e9134c",
    "schema_version": "1.0.0",
    "event_type": "agent_order",
    "source": "synthetic_agent",
    "symbol": "BTCUSDT",
    "exchange": "binance_usdm",
    "timestamp": "2024-05-01T00:00:14Z",
    "sequence": 14,
    "scenario_id": "scenario-361-twap_execution",
    "agent_id": "agent-twap_execution",
    "order_id": "scenario-361-twap_execution-agent-twap_execution-14",
    "action": "new",
    "side": "buy",
    "price": 65328.319500000005,
    "quantity": 0.005,
    "remaining_quantity": 0.005
  },
  {
    "event_id": "d4a9a84126510348772446f0fd697c92413c99c43be1f0580c63f77b11fa980f",
    "schema_version": "1.0.0",
    "event_type": "agent_order",
    "source": "synthetic_agent",
    "symbol": "BTCUSDT",
    "exchange": "binance_usdm",
    "timestamp": "2024-05-01T00:00:15Z",
    "sequence": 15,
    "scenario_id": "scenario-361-twap_execution",
    "agent_id": "agent-twap_execution",
    "order_id": "scenario-361-twap_execution-agent-twap_execution-15",
    "action": "new",
    "side": "buy",
    "price": 65328.319500000005,
    "quantity": 0.005,
    "remaining_quantity": 0.005
  },
  {
    "event_id": "736421276ec621040ce1d487d98518c607ea2e82e52b18da512d0b27989bec7b",
    "schema_version": "1.0.0",
    "event_type": "agent_order",
    "source": "synthetic_agent",
    "symbol": "BTCUSDT",
    "exchange": "binance_usdm",
    "timestamp": "2024-05-01T00:00:16Z",
    "sequence": 16,
    "scenario_id": "scenario-361-twap_execution",
    "agent_id": "agent-twap_execution",
    "order_id": "scenario-361-twap_execution-agent-twap_execution-16",
    "action": "new",
    "side": "buy",
    "price": 65328.319500000005,
    "quantity": 0.005,
    "remaining_quantity": 0.005
  },
  {
    "event_id": "35f7f49ea7388ffca38cf2fbba6a90bf95dafbe135818936d1523cf576f42ff6",
    "schema_version": "1.0.0",
    "event_type": "agent_order",
    "source": "synthetic_agent",
    "symbol": "BTCUSDT",
    "exchange": "binance_usdm",
    "timestamp": "2024-05-01T00:00:17Z",
    "sequence": 17,
    "scenario_id": "scenario-361-twap_execution",
    "agent_id": "agent-twap_execution",
    "order_id": "scenario-361-twap_execution-agent-twap_execution-17",
    "action": "new",
    "side": "buy",
    "price": 65328.319500000005,
    "quantity": 0.005,
    "remaining_quantity": 0.005
  },
  {
    "event_id": "2d8330b3ee17c6eb7cf93ea2ffc059e8328c7e7be8d373bb6c51aa13267e2308",
    "schema_version": "1.0.0",
    "event_type": "agent_order",
    "source": "synthetic_agent",
    "symbol": "BTCUSDT",
    "exchange": "binance_usdm",
    "timestamp": "2024-05-01T00:00:18Z",
    "sequence": 18,
    "scenario_id": "scenario-361-twap_execution",
    "agent_id": "agent-twap_execution",
    "order_id": "scenario-361-twap_execution-agent-twap_execution-18",
    "action": "new",
    "side": "buy",
    "price": 65328.319500000005,
    "quantity": 0.005,
    "remaining_quantity": 0.005
  },
  {
    "event_id": "ac662fde71ed729a0f992a11ac1bde04140bd736137566721c846ce4c10d7bb4",
    "schema_version": "1.0.0",
    "event_type": "agent_order",
    "source": "synthetic_agent",
    "symbol": "BTCUSDT",
    "exchange": "binance_usdm",
    "timestamp": "2024-05-01T00:00:19Z",
    "sequence": 19,
    "scenario_id": "scenario-361-twap_execution",
    "agent_id": "agent-twap_execution",
    "order_id": "scenario-361-twap_execution-agent-twap_execution-19",
    "action": "new",
    "side": "buy",
    "price": 65328.319500000005,
    "quantity": 0.005,
    "remaining_quantity": 0.005
  },
  {
    "event_id": "84dcd183994e0ec5bd9aec2c74031022089b3eb31a600c2576b65ea4f9f4a08b",
    "schema_version": "1.0.0",
    "event_type": "agent_order",
    "source": "synthetic_agent",
    "symbol": "BTCUSDT",
    "exchange": "binance_usdm",
    "timestamp": "2024-05-01T00:00:20Z",
    "sequence": 20,
    "scenario_id": "scenario-361-twap_execution",
    "agent_id": "agent-twap_execution",
    "order_id": "scenario-361-twap_execution-agent-twap_execution-20",
    "action": "new",
    "side": "buy",
    "price": 65328.319500000005,
    "quantity": 0.005,
    "remaining_quantity": 0.005
  },
  {
    "event_id": "a86f48e6936a171b65281e2e36e95a2a4ea7049c01261c7a32dae35748fcd800",
    "schema_version": "1.0.0",
    "event_type": "agent_order",
    "source": "synthetic_agent",
    "symbol": "BTCUSDT",
    "exchange": "binance_usdm",
    "timestamp": "2024-05-01T00:00:21Z",
    "sequence": 21,
    "scenario_id": "scenario-361-twap_execution",
    "agent_id": "agent-twap_execution",
    "order_id": "scenario-361-twap_execution-agent-twap_execution-21",
    "action": "new",
    "side": "buy",
    "price": 65328.319500000005,
    "quantity": 0.005,
    "remaining_quantity": 0.005
  },
  {
    "event_id": "eb7234369cc9ee219ad8f232a99dcf9d9e9c9cbb401f9ac9c0466c30973d34e8",
    "schema_version": "1.0.0",
    "event_type": "agent_order",
    "source": "synthetic_agent",
    "symbol": "BTCUSDT",
    "exchange": "binance_usdm",
    "timestamp": "2024-05-01T00:00:22Z",
    "sequence": 22,
    "scenario_id": "scenario-361-twap_execution",
    "agent_id": "agent-twap_execution",
    "order_id": "scenario-361-twap_execution-agent-twap_execution-22",
    "action": "new",
    "side": "buy",
    "price": 65328.319500000005,
    "quantity": 0.005,
    "remaining_quantity": 0.005
  },
  {
    "event_id": "cb7a319d566852c061f1aee47e93322015cde6ad9b2bf5d4049fd7035f1bdb4b",
    "schema_version": "1.0.0",
    "event_type": "agent_order",
    "source": "synthetic_agent",
    "symbol": "BTCUSDT",
    "exchange": "binance_usdm",
    "timestamp": "2024-05-01T00:00:23Z",
    "sequence": 23,
    "scenario_id": "scenario-361-twap_execution",
    "agent_id": "agent-twap_execution",
    "order_id": "scenario-361-twap_execution-agent-twap_execution-23",
    "action": "new",
    "side": "buy",
    "price": 65328.319500000005,
    "quantity": 0.005,
    "remaining_quantity": 0.005
  },
  {
    "event_id": "9997349968f19af9ce401920d16c0b78aeb05933edb022325b400f1432cbe3b4",
    "schema_version": "1.0.0",
    "event_type": "agent_order",
    "source": "synthetic_agent",
    "symbol": "BTCUSDT",
    "exchange": "binance_usdm",
    "timestamp": "2024-05-01T00:00:24Z",
    "sequence": 24,
    "scenario_id": "scenario-361-twap_execution",
    "agent_id": "agent-twap_execution",
    "order_id": "scenario-361-twap_execution-agent-twap_execution-24",
    "action": "new",
    "side": "buy",
    "price": 65328.319500000005,
    "quantity": 0.005,
    "remaining_quantity": 0.005
  },
  {
    "event_id": "4d7473b311a6f17471d5be36ce7e190c5bdf69c719bb33d5533091d0bef2b430",
    "schema_version": "1.0.0",
    "event_type": "agent_order",
    "source": "synthetic_agent",
    "symbol": "BTCUSDT",
    "exchange": "binance_usdm",
    "timestamp": "2024-05-01T00:00:25Z",
    "sequence": 25,
    "scenario_id": "scenario-361-twap_execution",
    "agent_id": "agent-twap_execution",
    "order_id": "scenario-361-twap_execution-agent-twap_execution-25",
    "action": "new",
    "side": "buy",
    "price": 65328.319500000005,
    "quantity": 0.005,
    "remaining_quantity": 0.005
  },
  {
    "event_id": "b03e1a4008b11357c74cb056c3b55cba7209ed1a62eb94c50d7cda7e5617a136",
    "schema_version": "1.0.0",
    "event_type": "agent_order",
    "source": "synthetic_agent",
    "symbol": "BTCUSDT",
    "exchange": "binance_usdm",
    "timestamp": "2024-05-01T00:00:26Z",
    "sequence": 26,
    "scenario_id": "scenario-361-twap_execution",
    "agent_id": "agent-twap_execution",
    "order_id": "scenario-361-twap_execution-agent-twap_execution-26",
    "action": "new",
    "side": "buy",
    "price": 65328.319500000005,
    "quantity": 0.005,
    "remaining_quantity": 0.005
  },
  {
    "event_id": "306f8128cf40e76e9a6a72aff4864b241052529d355a6055ca6882d5b7947fcc",
    "schema_version": "1.0.0",
    "event_type": "agent_order",
    "source": "synthetic_agent",
    "symbol": "BTCUSDT",
    "exchange": "binance_usdm",
    "timestamp": "2024-05-01T00:00:27Z",
    "sequence": 27,
    "scenario_id": "scenario-361-twap_execution",
    "agent_id": "agent-twap_execution",
    "order_id": "scenario-361-twap_execution-agent-twap_execution-27",
    "action": "new",
    "side": "buy",
    "price": 65328.319500000005,
    "quantity": 0.005,
    "remaining_quantity": 0.005
  },
  {
    "event_id": "4dd02e86d9fa10f100003f05a03ada42c31a687ecb8eb52c3db35918d5834885",
    "schema_version": "1.0.0",
    "event_type": "agent_order",
    "source": "synthetic_agent",
    "symbol": "BTCUSDT",
    "exchange": "binance_usdm",
    "timestamp": "2024-05-01T00:00:28Z",
    "sequence": 28,
    "scenario_id": "scenario-361-twap_execution",
    "agent_id": "agent-twap_execution",
    "order_id": "scenario-361-twap_execution-agent-twap_execution-28",
    "action": "new",
    "side": "buy",
    "price": 65328.319500000005,
    "quantity": 0.005,
    "remaining_quantity": 0.005
  },
  {
    "event_id": "4893008b0ee7bcf9c4de88a0e700689b37a880ea3e074b851be7146b33dc9679",
    "schema_version": "1.0.0",
    "event_type": "agent_order",
    "source": "synthetic_agent",
    "symbol": "BTCUSDT",
    "exchange": "binance_usdm",
    "timestamp": "2024-05-01T00:00:29Z",
    "sequence": 29,
    "scenario_id": "scenario-361-twap_execution",
    "agent_id": "agent-twap_execution",
    "order_id": "scenario-361-twap_execution-agent-twap_execution-29",
    "action": "new",
    "side": "buy",
    "price": 65328.319500000005,
    "quantity": 0.005,
    "remaining_quantity": 0.005
  }
]