[
  {
    "event_id": "e2436542663de8919e658874eb48e7bc391a872fb4ff2af1e6aee2128ceec5c8",
    "schema_version": "1.0.0",
    "event_type": "agent_order",
    "source": "synthetic_agent",
    "symbol": "BTCUSDT",
    "exchange": "binance_usdm",
    "timestamp": "2024-05-01T00:00:00Z",
    "sequence": 0,
    "scenario_id": "scenario-597-stop_run_sweep",
    "agent_id": "agent-stop_run_sweep",
    "order_id": "scenario-597-stop_run_sweep-agent-stop_run_sweep-0",
    "action": "new",
    "side": "buy",
    "price": 65662.597,
    "quantity": 0.06,
    "remaining_quantity": 0.06
  },
  {
    "event_id": "ea498708d8411a34a313bb761a59cc7330851c7843f96a26ccd586e595fd49e0",
    "schema_version": "1.0.0",
    "event_type": "agent_order",
    "source": "synthetic_agent",
    "symbol": "BTCUSDT",
    "exchange": "binance_usdm",
    "timestamp": "2024-05-01T00:00:00.030000Z",
    "sequence": 1,
    "scenario_id": "scenario-597-stop_run_sweep",
    "agent_id": "agent-stop_run_sweep",
    "order_id": "scenario-597-stop_run_sweep-agent-stop_run_sweep-1",
    "action": "new",
    "side": "buy",
    "price": 65665.87685,
    "quantity": 0.06,
    "remaining_quantity": 0.06
  },
  {
    "event_id": "1e1c7b263cc1a46476cf0ca5ad066f0fa8e66503f7b9580741b96fc03047dc79",
    "schema_version": "1.0.0",
    "event_type": "agent_order",
    "source": "synthetic_agent",
    "symbol": "BTCUSDT",
    "exchange": "binance_usdm",
    "timestamp": "2024-05-01T00:00:00.060000Z",
    "sequence": 2,
    "scenario_id": "scenario-597-stop_run_sweep",
    "agent_id": "agent-stop_run_sweep",
    "order_id": "scenario-597-stop_run_sweep-agent-stop_run_sweep-2",
    "action": "new",
    "side": "buy",
    "price": 65669.15669999999,
    "quantity": 0.06,
    "remaining_quantity": 0.06
  },
  {
    "event_id": "6a37cadc58616092517e3c18279dee53679b3e298e3f79a9f0d7bf37c3674879",
    "schema_version": "1.0.0",
    "event_type": "agent_order",
    "source": "synthetic_agent",
    "symbol": "BTCUSDT",
    "exchange": "binance_usdm",
    "timestamp": "2024-05-01T00:00:00.090000Z",
    "sequence": 3,
    "scenario_id": "scenario-597-stop_run_sweep",
    "agent_id": "agent-stop_run_sweep",
    "order_id": "scenario-597-stop_run_sweep-agent-stop_run_sweep-3",
    "action": "new",
    "side": "buy",
    "price": 65672.43655,
    "quantity": 0.06,
    "remaining_quantity": 0.06
  },
  {
    "event_id": "261d6759cf4f233b10e3ef942200a1affd8812169ef75a1c80182fd88a8c2a56",
    "schema_version": "1.0.0",
    "event_type": "agent_order",
    "source": "synthetic_agent",
    "symbol": "BTCUSDT",
    "exchange": "binance_usdm",
    "timestamp": "2024-05-01T00:00:00.120000Z",
    "sequence": 4,
    "scenario_id": "scenario-597-stop_run_sweep",
    "agent_id": "agent-stop_run_sweep",
    "order_id": "scenario-597-stop_run_sweep-agent-stop_run_sweep-4",
    "action": "new",
    "side": "buy",
    "price": 65675.71639999999,
    "quantity": 0.06,
    "remaining_quantity": 0.06
  },
  {
    "event_id": "d40f095bf7ae6222189263ee7eb32249fcaa17a684239180434788dd5ce173f9",
    "schema_version": "1.0.0",
    "event_type": "agent_order",
    "source": "synthetic_agent",
    "symbol": "BTCUSDT",
    "exchange": "binance_usdm",
    "timestamp": "2024-05-01T00:00:00.150000Z",
    "sequence": 5,
    "scenario_id": "scenario-597-stop_run_sweep",
    "agent_id": "agent-stop_run_sweep",
    "order_id": "scenario-597-stop_run_sweep-agent-stop_run_sweep-5",
    "action": "new",
    "side": "buy",
    "price": 65678.99625,
    "quantity": 0.06,
    "remaining_quantity": 0.06
  },
  {
    "event_id": "b05f2e2cbbdeb2700a4cd3394df351ae7724ec29cb0813e8ce181eb6b4e81d57",
    "schema_version": "1.0.0",
    "event_type": "agent_order",
    "source": "synthetic_agent",
    "symbol": "BTCUSDT",
    "exchange": "binance_usdm",
    "timestamp": "2024-05-01T00:00:00.180000Z",
    "sequence": 6,
    "scenario_id": "scenario-597-stop_run_sweep",
    "agent_id": "agent-stop_run_sweep",
    "order_id": "scenario-597-stop_run_sweep-agent-stop_run_sweep-6",
    "action": "new",
    "side": "buy",
    "price": 65682.27609999999,
    "quantity": 0.06,
    "remaining_quantity": 0.06
  },
  {
    "event_id": "645b0c52ba4b08100ff234d0a346ed2235ae996fa62069dabb928ac2c91029c5",
    "schema_version": "1.0.0",
    "event_type": "agent_order",
    "source": "synthetic_agent",
    "symbol": "BTCUSDT",
    "exchange": "binance_usdm",
    "timestamp": "2024-05-01T00:00:00.210000Z",
    "sequence": 7,
    "scenario_id": "scenario-597-stop_run_sweep",
    "agent_id": "agent-stop_run_sweep",
    "order_id": "scenario-597-stop_run_sweep-agent-stop_run_sweep-7",
    "action": "new",
    "side": "buy",
    "price": 65685.55595,
    "quantity": 0.06,
    "remaining_quantity": 0.06
  },
  {
    "event_id": "27f2935fdfac01271714d90159c8bd0cd85fde4600263e5405fe5681caa3c7b1",
    "schema_version": "1.0.0",
    "event_type": "agent_order",
    "source": "synthetic_agent",
    "symbol": "BTCUSDT",
    "exchange": "binance_usdm",
    "timestamp": "2024-05-01T00:00:00.240000Z",
    "sequence": 8,
    "scenario_id": "scenario-597-stop_run_sweep",
    "agent_id": "agent-stop_run_sweep",
    "order_id": "scenario-597-stop_run_sweep-agent-stop_run_sweep-8",
    "action": "new",
    "side": "buy",
    "price": 65688.83579999999,
    "quantity": 0.06,
    "remaining_quantity": 0.06
  },
  {
    "event_id": "0a7379392831d787fdff103a0e1b0663b320ed5cdd7350dac626fefcd9079a5b",
    "schema_version": "1.0.0",
    "event_type": "agent_order",
    "source": "synthetic_agent",
    "symbol": "BTCUSDT",
    "exchange": "binance_usdm",
    "timestamp": "2024-05-01T00:00:00.270000Z",
    "sequence": 9,
    "scenario_id": "scenario-597-stop_run_sweep",
    "agent_id": "agent-stop_run_sweep",
    "order_id": "scenario-597-stop_run_sweep-agent-stop_run_sweep-9",
    "action": "new",
    "side": "buy",
    "price": 65692.11564999999,
    "quantity": 0.06,
    "remaining_quantity": 0.06
  },
  {
    "event_id": "790e6c198786a12c5d469f2375a802ff27ae56a0f75369097a8c14761660c1a9",
    "schema_version": "1.0.0",
    "event_type": "agent_order",
    "source": "synthetic_agent",
    "symbol": "BTCUSDT",
    "exchange": "binance_usdm",
    "timestamp": "2024-05-01T00:00:00.300000Z",
    "sequence": 10,
    "scenario_id": "scenario-597-stop_run_sweep",
    "agent_id": "agent-stop_run_sweep",
    "order_id": "scenario-597-stop_run_sweep-agent-stop_run_sweep-10",
    "action": "new",
    "side": "buy",
    "price": 65695.39549999998,
    "quantity": 0.06,
    "remaining_quantity": 0.06
  },
  {
    "event_id": "44628456852d9a5ed2bc0fb81c461bddf64c1cc02ee07c2d1a5693a9372929d1",
    "schema_version": "1.0.0",
    "event_type": "agent_order",
    "source": "synthetic_agent",
    "symbol": "BTCUSDT",
    "exchange": "binance_usdm",
    "timestamp": "2024-05-01T00:00:00.330000Z",
    "sequence": 11,
    "scenario_id": "scenario-597-stop_run_sweep",
    "agent_id": "agent-stop_run_sweep",
    "order_id": "scenario-597-stop_run_sweep-agent-stop_run_sweep-11",
    "action": "new",
    "side": "buy",
    "price": 65698.67534999999,
    "quantity": 0.06,
    "remaining_quantity": 0.06
  },
  {
    "event_id": "2ad299bc28c8632b1a0af7dd552dc33b870b513b2b047120e95402e12ce93907",
    "schema_version": "1.0.0",
    "event_type": "agent_order",
    "source": "synthetic_agent",
    "symbol": "BTCUSDT",
    "exchange": "binance_usdm",
    "timestamp": "2024-05-01T00:00:00.360000Z",
    "sequence": 12,
    "scenario_id": "scenario-597-stop_run_sweep",
    "agent_id": "agent-stop_run_sweep",
    "order_id": "scenario-597-stop_run_sweep-agent-stop_run_sweep-12",
    "action": "new",
    "side": "buy",
    "price": 65701.95519999998,
    "quantity": 0.06,
    "remaining_quantity": 0.06
  },
  {
    "event_id": "1c2c0dca6c3981ac336af1352860457414d16550ee24c4c66a8c8c0ef296e72d",
    "schema_version": "1.0.0",
    "event_type": "agent_order",
    "source": "synthetic_agent",
    "symbol": "BTCUSDT",
    "exchange": "binance_usdm",
    "timestamp": "2024-05-01T00:00:00.390000Z",
    "sequence": 13,
    "scenario_id": "scenario-597-stop_run_sweep",
    "agent_id": "agent-stop_run_sweep",
    "order_id": "scenario-597-stop_run_sweep-agent-stop_run_sweep-13",
    "action": "new",
    "side": "buy",
    "price": 65705.23504999999,
    "quantity": 0.06,
    "remaining_quantity": 0.06
  },
  {
    "event_id": "85917f50d0f8af383b52b2d9061fdc25c8aad38612ec3fa1858f1fae9645ee43",
    "schema_version": "1.0.0",
    "event_type": "agent_order",
    "source": "synthetic_agent",
    "symbol": "BTCUSDT",
    "exchange": "binance_usdm",
    "timestamp": "2024-05-01T00:00:00.420000Z",
    "sequence": 14,
    "scenario_id": "scenario-597-stop_run_sweep",
    "agent_id": "agent-stop_run_sweep",
    "order_id": "scenario-597-stop_run_sweep-agent-stop_run_sweep-14",
    "action": "new",
    "side": "buy",
    "price": 65708.5149,
    "quantity": 0.06,
    "remaining_quantity": 0.06
  },
  {
    "event_id": "7affa113784c214eba6abedaac5f8438286b4e92dcf8ff747ed64a3846b278de",
    "schema_version": "1.0.0",
    "event_type": "agent_order",
    "source": "synthetic_agent",
    "symbol": "BTCUSDT",
    "exchange": "binance_usdm",
    "timestamp": "2024-05-01T00:00:00.450000Z",
    "sequence": 15,
    "scenario_id": "scenario-597-stop_run_sweep",
    "agent_id": "agent-stop_run_sweep",
    "order_id": "scenario-597-stop_run_sweep-agent-stop_run_sweep-15",
    "action": "new",
    "side": "buy",
    "price": 65711.79475,
    "quantity": 0.06,
    "remaining_quantity": 0.06
  },
  {
    "event_id": "036709be66c1b2cf532ae3490b1c8ccc7b305a1316c2763df61daca5bac84789",
    "schema_version": "1.0.0",
    "event_type": "agent_order",
    "source": "synthetic_agent",
    "symbol": "BTCUSDT",
    "exchange": "binance_usdm",
    "timestamp": "2024-05-01T00:00:00.480000Z",
    "sequence": 16,
    "scenario_id": "scenario-597-stop_run_sweep",
    "agent_id": "agent-stop_run_sweep",
    "order_id": "scenario-597-stop_run_sweep-agent-stop_run_sweep-16",
    "action": "new",
    "side": "buy",
    "price": 65715.07459999999,
    "quantity": 0.06,
    "remaining_quantity": 0.06
  },
  {
    "event_id": "c6c3709879507639f8eb4316156ba9ca7cf02ce3684aa11308c495a02e888b98",
    "schema_version": "1.0.0",
    "event_type": "agent_order",
    "source": "synthetic_agent",
    "symbol": "BTCUSDT",
    "exchange": "binance_usdm",
    "timestamp": "2024-05-01T00:00:00.510000Z",
    "sequence": 17,
    "scenario_id": "scenario-597-stop_run_sweep",
    "agent_id": "agent-stop_run_sweep",
    "order_id": "scenario-597-stop_run_sweep-agent-stop_run_sweep-17",
    "action": "new",
    "side": "buy",
    "price": 65718.35445,
    "quantity": 0.06,
    "remaining_quantity": 0.06
  },
  {
    "event_id": "c08d5996a2510bb0f7138d9f90de7a4259e95643b3948e93bbc865b6e559ab87",
    "schema_version": "1.0.0",
    "event_type": "agent_order",
    "source": "synthetic_agent",
    "symbol": "BTCUSDT",
    "exchange": "binance_usdm",
    "timestamp": "2024-05-01T00:00:00.540000Z",
    "sequence": 18,
    "scenario_id": "scenario-597-stop_run_sweep",
    "agent_id": "agent-stop_run_sweep",
    "order_id": "scenario-597-stop_run_sweep-agent-stop_run_sweep-18",
    "action": "new",
    "side": "buy",
    "price": 65721.63429999999,
    "quantity": 0.06,
    "remaining_quantity": 0.06
  },
  {
    "event_id": "1ef9a4a450cf5189ac2d782a6e2785600e907e594dc8837a9773c7084c00058a",
    "schema_version": "1.0.0",
    "event_type": "agent_order",
    "source": "synthetic_agent",
    "symbol": "BTCUSDT",
    "exchange": "binance_usdm",
    "timestamp": "2024-05-01T00:00:00.570000Z",
    "sequence": 19,
    "scenario_id": "scenario-597-stop_run_sweep",
    "agent_id": "agent-stop_run_sweep",
    "order_id": "scenario-597-stop_run_sweep-agent-stop_run_sweep-19",
    "action": "new",
    "side": "buy",
    "price": 65724.91415,
    "quantity": 0.06,
    "remaining_quantity": 0.06
  },
  {
    "event_id": "7f84ddb12f5345d0c5c88622fc25026bce7192d983ca8272cc7fc0c6cbf70a64",
    "schema_version": "1.0.0",
    "event_type": "agent_order",
    "source": "synthetic_agent",
    "symbol": "BTCUSDT",
    "exchange": "binance_usdm",
    "timestamp": "2024-05-01T00:00:00.600000Z",
    "sequence": 20,
    "scenario_id": "scenario-597-stop_run_sweep",
    "agent_id": "agent-stop_run_sweep",
    "order_id": "scenario-597-stop_run_sweep-agent-stop_run_sweep-20",
    "action": "new",
    "side": "buy",
    "price": 65728.19399999999,
    "quantity": 0.06,
    "remaining_quantity": 0.06
  },
  {
    "event_id": "c15adeaf4956f03b7ab2bc24fff059994383467458af440bd8b57ee4c924860e",
    "schema_version": "1.0.0",
    "event_type": "agent_order",
    "source": "synthetic_agent",
    "symbol": "BTCUSDT",
    "exchange": "binance_usdm",
    "timestamp": "2024-05-01T00:00:00.630000Z",
    "sequence": 21,
    "scenario_id": "scenario-597-stop_run_sweep",
    "agent_id": "agent-stop_run_sweep",
    "order_id": "scenario-597-stop_run_sweep-agent-stop_run_sweep-21",
    "action": "new",
    "side": "buy",
    "price": 65731.47385,
    "quantity": 0.06,
    "remaining_quantity": 0.06
  },
  {
    "event_id": "cb9bd99a9b53af1b5b9f7aef2ea35ff89cfd6c83a96e11a0f410aedfc6838137",
    "schema_version": "1.0.0",
    "event_type": "agent_order",
    "source": "synthetic_agent",
    "symbol": "BTCUSDT",
    "exchange": "binance_usdm",
    "timestamp": "2024-05-01T00:00:00.660000Z",
    "sequence": 22,
    "scenario_id": "scenario-597-stop_run_sweep",
    "agent_id": "agent-stop_run_sweep",
    "order_id": "scenario-597-stop_run_sweep-agent-stop_run_sweep-22",
    "action": "new",
    "side": "buy",
    "price": 65734.7537,
    "quantity": 0.06,
    "remaining_quantity": 0.06
  },
  {
    "event_id": "7f9c2d75c26c9712cc94fe76d710268a38803b350409477120042ccb08f5a9e6",
    "schema_version": "1.0.0",
    "event_type": "agent_order",
    "source": "synthetic_agent",
    "symbol": "BTCUSDT",
    "exchange": "binance_usdm",
    "timestamp": "2024-05-01T00:00:00.690000Z",
    "sequence": 23,
    "scenario_id": "scenario-597-stop_run_sweep",
    "agent_id": "agent-stop_run_sweep",
    "order_id": "scenario-597-stop_run_sweep-agent-stop_run_sweep-23",
    "action": "new",
    "side": "buy",
    "price": 65738.03355,
    "quantity": 0.06,
    "remaining_quantity": 0.06
  },
  {
    "event_id": "52a41254515da4d04f0c17dd88af5124464a333a931864ff2ae7f64da166ffbb",
    "schema_version": "1.0.0",
    "event_type": "agent_order",
    "source": "synthetic_agent",
    "symbol": "BTCUSDT",
    "exchange": "binance_usdm",
    "timestamp": "2024-05-01T00:00:00.720000Z",
    "sequence": 24,
    "scenario_id": "scenario-597-stop_run_sweep",
    "agent_id": "agent-stop_run_sweep",
    "order_id": "scenario-597-stop_run_sweep-agent-stop_run_sweep-24",
    "action": "new",
    "side": "buy",
    "price": 65741.3134,
    "quantity": 0.06,
    "remaining_quantity": 0.06
  },
  {
    "event_id": "69772a41341e26025b26e463b810c10339ad66ae2d38f14a3d23cda036f6f3be",
    "schema_version": "1.0.0",
    "event_type": "agent_order",
    "source": "synthetic_agent",
    "symbol": "BTCUSDT",
    "exchange": "binance_usdm",
    "timestamp": "2024-05-01T00:00:00.750000Z",
    "sequence": 25,
    "scenario_id": "scenario-597-stop_run_sweep",
    "agent_id": "agent-stop_run_sweep",
    "order_id": "scenario-597-stop_run_sweep-agent-stop_run_sweep-25",
    "action": "new",
    "side": "buy",
    "price": 65744.59324999999,
    "quantity": 0.06,
    "remaining_quantity": 0.06
  },
  {
    "event_id": "5161078e15d3add13a250a1fd913c330ee22588d760ba04277631334e47518da",
    "schema_version": "1.0.0",
    "event_type": "agent_order",
    "source": "synthetic_agent",
    "symbol": "BTCUSDT",
    "exchange": "binance_usdm",
    "timestamp": "2024-05-01T00:00:00.780000Z",
    "sequence": 26,
    "scenario_id": "scenario-597-stop_run_sweep",
    "agent_id": "agent-stop_run_sweep",
    "order_id": "scenario-597-stop_run_sweep-agent-stop_run_sweep-26",
    "action": "new",
    "side": "buy",
    "price": 65747.8731,
    "quantity": 0.06,
    "remaining_quantity": 0.06
  },
  {
    "event_id": "8bef77a5b822322ce6c597667c6d1b0012b9e70a2b4d3382c0b389c9fed1cac9",
    "schema_version": "1.0.0",
    "event_type": "agent_order",
    "source": "synthetic_agent",
    "symbol": "BTCUSDT",
    "exchange": "binance_usdm",
    "timestamp": "2024-05-01T00:00:00.810000Z",
    "sequence": 27,
    "scenario_id": "scenario-597-stop_run_sweep",
    "agent_id": "agent-stop_run_sweep",
    "order_id": "scenario-597-stop_run_sweep-agent-stop_run_sweep-27",
    "action": "new",
    "side": "buy",
    "price": 65751.15294999999,
    "quantity": 0.06,
    "remaining_quantity": 0.06
  },
  {
    "event_id": "e3d659d1ecc2e564b7adcaa88fb5bd18f063fba589ebbd7a7677ebd9badea2d0",
    "schema_version": "1.0.0",
    "event_type": "agent_order",
    "source": "synthetic_agent",
    "symbol": "BTCUSDT",
    "exchange": "binance_usdm",
    "timestamp": "2024-05-01T00:00:00.840000Z",
    "sequence": 28,
    "scenario_id": "scenario-597-stop_run_sweep",
    "agent_id": "agent-stop_run_sweep",
    "order_id": "scenario-597-stop_run_sweep-agent-stop_run_sweep-28",
    "action": "new",
    "side": "buy",
    "price": 65754.4328,
    "quantity": 0.06,
    "remaining_quantity": 0.06
  },
  {
    "event_id": "d1f290d68746b4ba58b1027c526fd7c155b94cddbdb2b95baf8a04a18fc407ae",
    "schema_version": "1.0.0",
    "event_type": "agent_order",
    "source": "synthetic_agent",
    "symbol": "BTCUSDT",
    "exchange": "binance_usdm",
    "timestamp": "2024-05-01T00:00:00.870000Z",
    "sequence": 29,
    "scenario_id": "scenario-597-stop_run_sweep",
    "agent_id": "agent-stop_run_sweep",
    "order_id": "scenario-597-stop_run_sweep-agent-stop_run_sweep-29",
    "action": "new",
    "side": "buy",
    "price": 65757.71264999999,
    "quantity": 0.06,
    "remaining_quantity": 0.06
  }
]