[
  {
    "event_id": "5bea110075930afd10d921bcd6298f9a1ba22c43526dd8df0ff191915e27cb2d",
    "schema_version": "1.0.0",
    "event_type": "agent_order",
    "source": "synthetic_agent",
    "symbol": "BTCUSDT",
    "exchange": "binance_usdm",
    "timestamp": "2024-05-01T00:00:00Z",
    "sequence": 0,
    "scenario_id": "scenario-311-volatility_feedback",
    "agent_id": "agent-volatility_feedback",
    "order_id": "scenario-311-volatility_feedback-agent-volatility_feedback-0",
    "action": "new",
    "side": "buy",
    "price": 65376.310999999994,
    "quantity": 0.02,
    "remaining_quantity": 0.02
  },
  {
    "event_id": "a4cac074e8694538f7fdecdc35b304a2775ab612a6a85372c2e21bf8521e84de",
    "schema_version": "1.0.0",
    "event_type": "agent_order",
    "source": "synthetic_agent",
    "symbol": "BTCUSDT",
    "exchange": "binance_usdm",
    "timestamp": "2024-05-01T00:00:00.020000Z",
    "sequence": 1,
    "scenario_id": "scenario-311-volatility_feedback",
    "agent_id": "agent-volatility_feedback",
    "order_id": "scenario-311-volatility_feedback-agent-volatility_feedback-1",
    "action": "new",
    "side": "sell",
    "price": 65244.38278,
    "quantity": 0.03,
    "remaining_quantity": 0.03
  },
  {
    "event_id": "2bf8e729a682c28119c694a06c0b3e45357d08ef8d0fa8cbe5caba630e93dd79",
    "schema_version": "1.0.0",
    "event_type": "agent_order",
    "source": "synthetic_agent",
    "symbol": "BTCUSDT",
    "exchange": "binance_usdm",
    "timestamp": "2024-05-01T00:00:00.040000Z",
    "sequence": 2,
    "scenario_id": "scenario-311-volatility_feedback",
    "agent_id": "agent-volatility_feedback",
    "order_id": "scenario-311-volatility_feedback-agent-volatility_feedback-2",
    "action": "new",
    "side": "buy",
    "price": 65378.92344,
    "quantity": 0.04,
    "remaining_quantity": 0.04
  },
  {
    "event_id": "1e11782c281f2c997c93bbeb7b706048515c857f38b90f36bb5acd5bb39681e1",
    "schema_version": "1.0.0",
    "event_type": "agent_order",
    "source": "synthetic_agent",
    "symbol": "BTCUSDT",
    "exchange": "binance_usdm",
    "timestamp": "2024-05-01T00:00:00.060000Z",
    "sequence": 3,
    "scenario_id": "scenario-311-volatility_feedback",
    "agent_id": "agent-volatility_feedback",
    "order_id": "scenario-311-volatility_feedback-agent-volatility_feedback-3",
    "action": "new",
    "side": "sell",
    "price": 65241.77034,
    "quantity": 0.05,
    "remaining_quantity": 0.05
  },
  {
    "event_id": "b432973c552fb2ff7d5f398514737bb8de583ea6e6594b39d0f9ceb3df33f585",
    "schema_version": "1.0.0",
    "event_type": "agent_order",
    "source": "synthetic_agent",
    "symbol": "BTCUSDT",
    "exchange": "binance_usdm",
    "timestamp": "2024-05-01T00:00:00.080000Z",
    "sequence": 4,
    "scenario_id": "scenario-311-volatility_feedback",
    "agent_id": "agent-volatility_feedback",
    "order_id": "scenario-311-volatility_feedback-agent-volatility_feedback-4",
    "action": "new",
    "side": "buy",
    "price": 65381.535879999996,
    "quantity": 0.02,
    "remaining_quantity": 0.02
  },
  {
    "event_id": "c858a0f3dd3c0dd1078238b7fb1724665f3e793b91ae7549938ae5102c188653",
    "schema_version": "1.0.0",
    "event_type": "agent_order",
    "source": "synthetic_agent",
    "symbol": "BTCUSDT",
    "exchange": "binance_usdm",
    "timestamp": "2024-05-01T00:00:00.100000Z",
    "sequence": 5,
    "scenario_id": "scenario-311-volatility_feedback",
    "agent_id": "agent-volatility_feedback",
    "order_id": "scenario-311-volatility_feedback-agent-volatility_feedback-5",
    "action": "new",
    "side": "sell",
    "price": 65239.1579,
    "quantity": 0.03,
    "remaining_quantity": 0.03
  },
  {
    "event_id": "95be978e7339ac0bca81ef1a89b2d586e02f9273ef5df43b9b18dff32f39f7e7",
    "schema_version": "1.0.0",
    "event_type": "agent_order",
    "source": "synthetic_agent",
    "symbol": "BTCUSDT",
    "exchange": "binance_usdm",
    "timestamp": "2024-05-01T00:00:00.120000Z",
    "sequence": 6,
    "scenario_id": "scenario-311-volatility_feedback",
    "agent_id": "agent-volatility_feedback",
    "order_id": "scenario-311-volatility_feedback-agent-volatility_feedback-6",
    "action": "new",
    "side": "buy",
    "price": 65384.14832,
    "quantity": 0.04,
    "remaining_quantity": 0.04
  },
  {
    "event_id": "9dcdad5d587d8eade625b262f1f1be7293e54d1fe28a22f0b066f4925131280e",
    "schema_version": "1.0.0",
    "event_type": "agent_order",
    "source": "synthetic_agent",
    "symbol": "BTCUSDT",
    "exchange": "binance_usdm",
    "timestamp": "2024-05-01T00:00:00.140000Z",
    "sequence": 7,
    "scenario_id": "scenario-311-volatility_feedback",
    "agent_id": "agent-volatility_feedback",
    "order_id": "scenario-311-volatility_feedback-agent-volatility_feedback-7",
    "action": "new",
    "side": "sell",
    "price": 65236.54546,
    "quantity": 0.05,
    "remaining_quantity": 0.05
  },
  {
    "event_id": "e7e3e0435611bf0ab97237c3512cd53fbfd1fcdf30eb12372d9457b4de796e43",
    "schema_version": "1.0.0",
    "event_type": "agent_order",
    "source": "synthetic_agent",
    "symbol": "BTCUSDT",
    "exchange": "binance_usdm",
    "timestamp": "2024-05-01T00:00:00.160000Z",
    "sequence": 8,
    "scenario_id": "scenario-311-volatility_feedback",
    "agent_id": "agent-volatility_feedback",
    "order_id": "scenario-311-volatility_feedback-agent-volatility_feedback-8",
    "action": "new",
    "side": "buy",
    "price": 65386.760760000005,
    "quantity": 0.02,
    "remaining_quantity": 0.02
  },
  {
    "event_id": "2e7eb258eda917364764be0ad69012394284f41a43398fbf3ca23f2e25c4162d",
    "schema_version": "1.0.0",
    "event_type": "agent_order",
    "source": "synthetic_agent",
    "symbol": "BTCUSDT",
    "exchange": "binance_usdm",
    "timestamp": "2024-05-01T00:00:00.180000Z",
    "sequence": 9,
    "scenario_id": "scenario-311-volatility_feedback",
    "agent_id": "agent-volatility_feedback",
    "order_id": "scenario-311-volatility_feedback-agent-volatility_feedback-9",
    "action": "new",
    "side": "sell",
    "price": 65233.933020000004,
    "quantity": 0.03,
    "remaining_quantity": 0.03
  },
  {
    "event_id": "e68f9503aa33f77e99c8e7501d14cd283648f7a5ccea634d53a0cc25d686097e",
    "schema_version": "1.0.0",
    "event_type": "agent_order",
    "source": "synthetic_agent",
    "symbol": "BTCUSDT",
    "exchange": "binance_usdm",
    "timestamp": "2024-05-01T00:00:00.200000Z",
    "sequence": 10,
    "scenario_id": "scenario-311-volatility_feedback",
    "agent_id": "agent-volatility_feedback",
    "order_id": "scenario-311-volatility_feedback-agent-volatility_feedback-10",
    "action": "new",
    "side": "buy",
    "price": 65389.37320000001,
    "quantity": 0.04,
    "remaining_quantity": 0.04
  },
  {
    "event_id": "28c559aacf6edc1392cd84405530d32c37d19f00caa188d4a359725baeb93384",
    "schema_version": "1.0.0",
    "event_type": "agent_order",
    "source": "synthetic_agent",
    "symbol": "BTCUSDT",
    "exchange": "binance_usdm",
    "timestamp": "2024-05-01T00:00:00.220000Z",
    "sequence": 11,
    "scenario_id": "scenario-311-volatility_feedback",
    "agent_id": "agent-volatility_feedback",
    "order_id": "scenario-311-volatility_feedback-agent-volatility_feedback-11",
    "action": "new",
    "side": "sell",
    "price": 65231.32058,
    "quantity": 0.05,
    "remaining_quantity": 0.05
  },
  {
    "event_id": "c904c61fadd1e5f3c6bcf3250a3e528d64f81856373f709445a4178e7c07708a",
    "schema_version": "1.0.0",
    "event_type": "agent_order",
    "source": "synthetic_agent",
    "symbol": "BTCUSDT",
    "exchange": "binance_usdm",
    "timestamp": "2024-05-01T00:00:00.240000Z",
    "sequence": 12,
    "scenario_id": "scenario-311-volatility_feedback",
    "agent_id": "agent-volatility_feedback",
    "order_id": "scenario-311-volatility_feedback-agent-volatility_feedback-12",
    "action": "new",
    "side": "buy",
    "price": 65391.98563999999,
    "quantity": 0.02,
    "remaining_quantity": 0.02
  },
  {
    "event_id": "62ef46c3338dd592361d74bff1ac64ff4f3d32f2751e90c66827ad7b44aed4de",
    "schema_version": "1.0.0",
    "event_type": "agent_order",
    "source": "synthetic_agent",
    "symbol": "BTCUSDT",
    "exchange": "binance_usdm",
    "timestamp": "2024-05-01T00:00:00.260000Z",
    "sequence": 13,
    "scenario_id": "scenario-311-volatility_feedback",
    "agent_id": "agent-volatility_feedback",
    "order_id": "scenario-311-volatility_feedback-agent-volatility_feedback-13",
    "action": "new",
    "side": "sell",
    "price": 65228.708139999995,
    "quantity": 0.03,
    "remaining_quantity": 0.03
  },
  {
    "event_id": "55efb6c6ccc24eef049cbc421971a63d00f9291b428af97cc84f25759e05bccd",
    "schema_version": "1.0.0",
    "event_type": "agent_order",
    "source": "synthetic_agent",
    "symbol": "BTCUSDT",
    "exchange": "binance_usdm",
    "timestamp": "2024-05-01T00:00:00.280000Z",
    "sequence": 14,
    "scenario_id": "scenario-311-volatility_feedback",
    "agent_id": "agent-volatility_feedback",
    "order_id": "scenario-311-volatility_feedback-agent-volatility_feedback-14",
    "action": "new",
    "side": "buy",
    "price": 65394.598079999996,
    "quantity": 0.04,
    "remaining_quantity": 0.04
  },
  {
    "event_id": "dac78f2c59e47116c8f2e630a5b7204ebde00d8cb7b312deaa06ff9e2f6bcbcf",
    "schema_version": "1.0.0",
    "event_type": "agent_order",
    "source": "synthetic_agent",
    "symbol": "BTCUSDT",
    "exchange": "binance_usdm",
    "timestamp": "2024-05-01T00:00:00.300000Z",
    "sequence": 15,
    "scenario_id": "scenario-311-volatility_feedback",
    "agent_id": "agent-volatility_feedback",
    "order_id": "scenario-311-volatility_feedback-agent-volatility_feedback-15",
    "action": "new",
    "side": "sell",
    "price": 65226.095700000005,
    "quantity": 0.05,
    "remaining_quantity": 0.05
  },
  {
    "event_id": "75674e945b0223bca2ddf44146cf65f8874cf6f545d1021fc4b08b37f2101a06",
    "schema_version": "1.0.0",
    "event_type": "agent_order",
    "source": "synthetic_agent",
    "symbol": "BTCUSDT",
    "exchange": "binance_usdm",
    "timestamp": "2024-05-01T00:00:00.320000Z",
    "sequence": 16,
    "scenario_id": "scenario-311-volatility_feedback",
    "agent_id": "agent-volatility_feedback",
    "order_id": "scenario-311-volatility_feedback-agent-volatility_feedback-16",
    "action": "new",
    "side": "buy",
    "price": 65397.21052,
    "quantity": 0.02,
    "remaining_quantity": 0.02
  },
  {
    "event_id": "179e5230230009c759b2ec39292f8a3234ac44218e4f5d8834a4cc41813d39e4",
    "schema_version": "1.0.0",
    "event_type": "agent_order",
    "source": "synthetic_agent",
    "symbol": "BTCUSDT",
    "exchange": "binance_usdm",
    "timestamp": "2024-05-01T00:00:00.340000Z",
    "sequence": 17,
    "scenario_id": "scenario-311-volatility_feedback",
    "agent_id": "agent-volatility_feedback",
    "order_id": "scenario-311-volatility_feedback-agent-volatility_feedback-17",
    "action": "new",
    "side": "sell",
    "price": 65223.48326,
    "quantity": 0.03,
    "remaining_quantity": 0.03
  },
  {
    "event_id": "70f6f9a68bd8dc76492c389d8c3c130fc9cf001463c7e99f9ae32b5ab87613bd",
    "schema_version": "1.0.0",
    "event_type": "agent_order",
    "source": "synthetic_agent",
    "symbol": "BTCUSDT",
    "exchange": "binance_usdm",
    "timestamp": "2024-05-01T00:00:00.360000Z",
    "sequence": 18,
    "scenario_id": "scenario-311-volatility_feedback",
    "agent_id": "agent-volatility_feedback",
    "order_id": "scenario-311-volatility_feedback-agent-volatility_feedback-18",
    "action": "new",
    "side": "buy",
    "price": 65399.822960000005,
    "quantity": 0.04,
    "remaining_quantity": 0.04
  },
  {
    "event_id": "da3ee7a4afd357dc8435f90ada8aa98300876d6cdade0f1e62c5880eb5f9c1cc",
    "schema_version": "1.0.0",
    "event_type": "agent_order",
    "source": "synthetic_agent",
    "symbol": "BTCUSDT",
    "exchange": "binance_usdm",
    "timestamp": "2024-05-01T00:00:00.380000Z",
    "sequence": 19,
    "scenario_id": "scenario-311-volatility_feedback",
    "agent_id": "agent-volatility_feedback",
    "order_id": "scenario-311-volatility_feedback-agent-volatility_feedback-19",
    "action": "new",
    "side": "sell",
    "price": 65220.87082,
    "quantity": 0.05,
    "remaining_quantity": 0.05
  },
  {
    "event_id": "82876640dc8ee18526ad9a787dc4d398b7445537413a81b7f867a7edc6ce6b3f",
    "schema_version": "1.0.0",
    "event_type": "agent_order",
    "source": "synthetic_agent",
    "symbol": "BTCUSDT",
    "exchange": "binance_usdm",
    "timestamp": "2024-05-01T00:00:00.400000Z",
    "sequence": 20,
    "scenario_id": "scenario-311-volatility_feedback",
    "agent_id": "agent-volatility_feedback",
    "order_id": "scenario-311-volatility_feedback-agent-volatility_feedback-20",
    "action": "new",
    "side": "buy",
    "price": 65402.4354,
    "quantity": 0.02,
    "remaining_quantity": 0.02
  },
  {
    "event_id": "712fe962c5b5a4ba702223fdae70b37952fd517276c183bda65968d787866b9a",
    "schema_version": "1.0.0",
    "event_type": "agent_order",
    "source": "synthetic_agent",
    "symbol": "BTCUSDT",
    "exchange": "binance_usdm",
    "timestamp": "2024-05-01T00:00:00.420000Z",
    "sequence": 21,
    "scenario_id": "scenario-311-volatility_feedback",
    "agent_id": "agent-volatility_feedback",
    "order_id": "scenario-311-volatility_feedback-agent-volatility_feedback-21",
    "action": "new",
    "side": "sell",
    "price": 65218.25838,
    "quantity": 0.03,
    "remaining_quantity": 0.03
  },
  {
    "event_id": "743dc49572d5da7a00b357cf8768ae74ef048edbe66ba0eddd26ac3e3052bc64",
    "schema_version": "1.0.0",
    "event_type": "agent_order",
    "source": "synthetic_agent",
    "symbol": "BTCUSDT",
    "exchange": "binance_usdm",
    "timestamp": "2024-05-01T00:00:00.440000Z",
    "sequence": 22,
    "scenario_id": "scenario-311-volatility_feedback",
    "agent_id": "agent-volatility_feedback",
    "order_id": "scenario-311-volatility_feedback-agent-volatility_feedback-22",
    "action": "new",
    "side": "buy",
    "price": 65405.04784000001,
    "quantity": 0.04,
    "remaining_quantity": 0.04
  },
  {
    "event_id": "d3061c9ce9858d837835111bbfda37417153dd5963ef68dd298d1b11d8e0fda2",
    "schema_version": "1.0.0",
    "event_type": "agent_order",
    "source": "synthetic_agent",
    "symbol": "BTCUSDT",
    "exchange": "binance_usdm",
    "timestamp": "2024-05-01T00:00:00.460000Z",
    "sequence": 23,
    "scenario_id": "scenario-311-volatility_feedback",
    "agent_id": "agent-volatility_feedback",
    "order_id": "scenario-311-volatility_feedback-agent-volatility_feedback-23",
    "action": "new",
    "side": "sell",
    "price": 65215.64594,
    "quantity": 0.05,
    "remaining_quantity": 0.05
  },
  {
    "event_id": "8ae28b5553a0520fa40028ec29dba90fee49c0f88ca34909cb97e975bb87021a",
    "schema_version": "1.0.0",
    "event_type": "agent_order",
    "source": "synthetic_agent",
    "symbol": "BTCUSDT",
    "exchange": "binance_usdm",
    "timestamp": "2024-05-01T00:00:00.480000Z",
    "sequence": 24,
    "scenario_id": "scenario-311-volatility_feedback",
    "agent_id": "agent-volatility_feedback",
    "order_id": "scenario-311-volatility_feedback-agent-volatility_feedback-24",
    "action": "new",
    "side": "buy",
    "price": 65407.66028,
    "quantity": 0.02,
    "remaining_quantity": 0.02
  },
  {
    "event_id": "224a19fba953c7c01bc47167a3d416680edc7248a2b11be4d6b4b7b698ef13c1",
    "schema_version": "1.0.0",
    "event_type": "agent_order",
    "source": "synthetic_agent",
    "symbol": "BTCUSDT",
    "exchange": "binance_usdm",
    "timestamp": "2024-05-01T00:00:00.500000Z",
    "sequence": 25,
    "scenario_id": "scenario-311-volatility_feedback",
    "agent_id": "agent-volatility_feedback",
    "order_id": "scenario-311-volatility_feedback-agent-volatility_feedback-25",
    "action": "new",
    "side": "sell",
    "price": 65213.033500000005,
    "quantity": 0.03,
    "remaining_quantity": 0.03
  },
  {
    "event_id": "e9def0940e214799577a9cece6c4d6093d1243e302b46d8ead672d52ffd80498",
    "schema_version": "1.0.0",
    "event_type": "agent_order",
    "source": "synthetic_agent",
    "symbol": "BTCUSDT",
    "exchange": "binance_usdm",
    "timestamp": "2024-05-01T00:00:00.520000Z",
    "sequence": 26,
    "scenario_id": "scenario-311-volatility_feedback",
    "agent_id": "agent-volatility_feedback",
    "order_id": "scenario-311-volatility_feedback-agent-volatility_feedback-26",
    "action": "new",
    "side": "buy",
    "price": 65410.27272,
    "quantity": 0.04,
    "remaining_quantity": 0.04
  },
  {
    "event_id": "b4e8342a76d1b34add43168a53d177b369a8164995648bf2436b8f6015ecbd0d",
    "schema_version": "1.0.0",
    "event_type": "agent_order",
    "source": "synthetic_agent",
    "symbol": "BTCUSDT",
    "exchange": "binance_usdm",
    "timestamp": "2024-05-01T00:00:00.540000Z",
    "sequence": 27,
    "scenario_id": "scenario-311-volatility_feedback",
    "agent_id": "agent-volatility_feedback",
    "order_id": "scenario-311-volatility_feedback-agent-volatility_feedback-27",
    "action": "new",
    "side": "sell",
    "price": 65210.42106,
    "quantity": 0.05,
    "remaining_quantity": 0.05
  },
  {
    "event_id": "2fb50afea78af7fd627bfb697ce1348360f992934a3c38c47f7c0cda20e6b204",
    "schema_version": "1.0.0",
    "event_type": "agent_order",
    "source": "synthetic_agent",
    "symbol": "BTCUSDT",
    "exchange": "binance_usdm",
    "timestamp": "2024-05-01T00:00:00.560000Z",
    "sequence": 28,
    "scenario_id": "scenario-311-volatility_feedback",
    "agent_id": "agent-volatility_feedback",
    "order_id": "scenario-311-volatility_feedback-agent-volatility_feedback-28",
    "action": "new",
    "side": "buy",
    "price": 65412.88516,
    "quantity": 0.02,
    "remaining_quantity": 0.02
  },
  {
    "event_id": "d9946f7f722542479081ec9bb5283169b696907ad63957d589ea5b45e77e9a5c",
    "schema_version": "1.0.0",
    "event_type": "agent_order",
    "source": "synthetic_agent",
    "symbol": "BTCUSDT",
    "exchange": "binance_usdm",
    "timestamp": "2024-05-01T00:00:00.580000Z",
    "sequence": 29,
    "scenario_id": "scenario-311-volatility_feedback",
    "agent_id": "agent-volatility_feedback",
    "order_id": "scenario-311-volatility_feedback-agent-volatility_feedback-29",
    "action": "new",
    "side": "sell",
    "price": 65207.808619999996,
    "quantity": 0.03,
    "remaining_quantity": 0.03
  }
]