[
  {
    "event_id": "e26a75220c12c089f2b8261b46387b97456b0a2f103cc2128421e3c438e7465b",
    "schema_version": "1.0.0",
    "event_type": "agent_order",
    "source": "synthetic_agent",
    "symbol": "BTCUSDT",
    "exchange": "binance_usdm",
    "timestamp": "2024-05-01T00:00:00Z",
    "sequence": 0,
    "scenario_id": "scenario-272-latency_edge",
    "agent_id": "agent-latency_edge",
    "order_id": "scenario-272-latency_edge-agent-latency_edge-0",
    "action": "new",
    "side": "buy",
    "price": 65311.163199999995,
    "quantity": 0.006,
    "remaining_quantity": 0.006
  },
  {
    "event_id": "c66e53d6334124047c9d0a3801ca9c309db07a4c1ade7478fe6076ae2a416e30",
    "schema_version": "1.0.0",
    "event_type": "agent_order",
    "source": "synthetic_agent",
    "symbol": "BTCUSDT",
    "exchange": "binance_usdm",
    "timestamp": "2024-05-01T00:00:00.008000Z",
    "sequence": 1,
    "scenario_id": "scenario-272-latency_edge",
    "agent_id": "agent-latency_edge",
    "order_id": "scenario-272-latency_edge-agent-latency_edge-1",
    "action": "new",
    "side": "buy",
    "price": 65311.163199999995,
    "quantity": 0.006,
    "remaining_quantity": 0.006
  },
  {
    "event_id": "0e2659d1787020f0e977fc8617dbc7bebacd844ceae3ae5b6931d99959879532",
    "schema_version": "1.0.0",
    "event_type": "agent_order",
    "source": "synthetic_agent",
    "symbol": "BTCUSDT",
    "exchange": "binance_usdm",
    "timestamp": "2024-05-01T00:00:00.016000Z",
    "sequence": 2,
    "scenario_id": "scenario-272-latency_edge",
    "agent_id": "agent-latency_edge",
    "order_id": "scenario-272-latency_edge-agent-latency_edge-2",
    "action": "new",
    "side": "sell",
    "price": 65232.8368,
    "quantity": 0.006,
    "remaining_quantity": 0.006
  },
  {
    "event_id": "5223d02ebd6a87bceefc52b5fb1647e8dc78fe3c4b430613d00096daeaa11a6e",
    "schema_version": "1.0.0",
    "event_type": "agent_order",
    "source": "synthetic_agent",
    "symbol": "BTCUSDT",
    "exchange": "binance_usdm",
    "timestamp": "2024-05-01T00:00:00.024000Z",
    "sequence": 3,
    "scenario_id": "scenario-272-latency_edge",
    "agent_id": "agent-latency_edge",
    "order_id": "scenario-272-latency_edge-agent-latency_edge-3",
    "action": "new",
    "side": "sell",
    "price": 65232.8368,
    "quantity": 0.006,
    "remaining_quantity": 0.006
  },
  {
    "event_id": "71275e192529a2422e287a11fca11f03660d2c88a9e7a7e5f5f91f907de8b1d2",
    "schema_version": "1.0.0",
    "event_type": "agent_order",
    "source": "synthetic_agent",
    "symbol": "BTCUSDT",
    "exchange": "binance_usdm",
    "timestamp": "2024-05-01T00:00:00.032000Z",
    "sequence": 4,
    "scenario_id": "scenario-272-latency_edge",
    "agent_id": "agent-latency_edge",
    "order_id": "scenario-272-latency_edge-agent-latency_edge-4",
    "action": "new",
    "side": "buy",
    "price": 65311.163199999995,
    "quantity": 0.006,
    "remaining_quantity": 0.006
  },
  {
    "event_id": "6b7ace71cc6f71bddf24eae75d8e4fa73782710387dada94b244824aba4ffee5",
    "schema_version": "1.0.0",
    "event_type": "agent_order",
    "source": "synthetic_agent",
    "symbol": "BTCUSDT",
    "exchange": "binance_usdm",
    "timestamp": "2024-05-01T00:00:00.040000Z",
    "sequence": 5,
    "scenario_id": "scenario-272-latency_edge",
    "agent_id": "agent-latency_edge",
    "order_id": "scenario-272-latency_edge-agent-latency_edge-5",
    "action": "new",
    "side": "buy",
    "price": 65311.163199999995,
    "quantity": 0.006,
    "remaining_quantity": 0.006
  },
  {
    "event_id": "0b4997c36856eb26b977cd6a1984259c3182fc8bb27c7ef2273cc88ad2804da7",
    "schema_version": "1.0.0",
    "event_type": "agent_order",
    "source": "synthetic_agent",
    "symbol": "BTCUSDT",
    "exchange": "binance_usdm",
    "timestamp": "2024-05-01T00:00:00.048000Z",
    "sequence": 6,
    "scenario_id": "scenario-272-latency_edge",
    "agent_id": "agent-latency_edge",
    "order_id": "scenario-272-latency_edge-agent-latency_edge-6",
    "action": "new",
    "side": "sell",
    "price": 65232.8368,
    "quantity": 0.006,
    "remaining_quantity": 0.006
  },
  {
    "event_id": "4793f58b48fb612e390df0aa5a82353fac4eedce4ddff9d4184eab218a4afd74",
    "schema_version": "1.0.0",
    "event_type": "agent_order",
    "source": "synthetic_agent",
    "symbol": "BTCUSDT",
    "exchange": "binance_usdm",
    "timestamp": "2024-05-01T00:00:00.056000Z",
    "sequence": 7,
    "scenario_id": "scenario-272-latency_edge",
    "agent_id": "agent-latency_edge",
    "order_id": "scenario-272-latency_edge-agent-latency_edge-7",
    "action": "new",
    "side": "sell",
    "price": 65232.8368,
    "quantity": 0.006,
    "remaining_quantity": 0.006
  },
  {
    "event_id": "85436eaf447a2a74bdb516e6ffca32254cc0e5246ad93e1b538079e29dc50d81",
    "schema_version": "1.0.0",
    "event_type": "agent_order",
    "source": "synthetic_agent",
    "symbol": "BTCUSDT",
    "exchange": "binance_usdm",
    "timestamp": "2024-05-01T00:00:00.064000Z",
    "sequence": 8,
    "scenario_id": "scenario-272-latency_edge",
    "agent_id": "agent-latency_edge",
    "order_id": "scenario-272-latency_edge-agent-latency_edge-8",
    "action": "new",
    "side": "buy",
    "price": 65311.163199999995,
    "quantity": 0.006,
    "remaining_quantity": 0.006
  },
  {
    "event_id": "a66720286dccdeda53be2556063c2a38a40963970f1ac1a0c3fac2b1837b0b7c",
    "schema_version": "1.0.0",
    "event_type": "agent_order",
    "source": "synthetic_agent",
    "symbol": "BTCUSDT",
    "exchange": "binance_usdm",
    "timestamp": "2024-05-01T00:00:00.072000Z",
    "sequence": 9,
    "scenario_id": "scenario-272-latency_edge",
    "agent_id": "agent-latency_edge",
    "order_id": "scenario-272-latency_edge-agent-latency_edge-9",
    "action": "new",
    "side": "buy",
    "price": 65311.163199999995,
    "quantity": 0.006,
    "remaining_quantity": 0.006
  },
  {
    "event_id": "55323fc8e0aef2a70189c1a7bf1852f2d6ba866e8b524cd6ecc7e4318a17239b",
    "schema_version": "1.0.0",
    "event_type": "agent_order",
    "source": "synthetic_agent",
    "symbol": "BTCUSDT",
    "exchange": "binance_usdm",
    "timestamp": "2024-05-01T00:00:00.080000Z",
    "sequence": 10,
    "scenario_id": "scenario-272-latency_edge",
    "agent_id": "agent-latency_edge",
    "order_id": "scenario-272-latency_edge-agent-latency_edge-10",
    "action": "new",
    "side": "sell",
    "price": 65232.8368,
    "quantity": 0.006,
    "remaining_quantity": 0.006
  },
  {
    "event_id": "32460ecf158b60c4b4ced0be952730782a54d3f53168347d97642ffda27bbfc7",
    "schema_version": "1.0.0",
    "event_type": "agent_order",
    "source": "synthetic_agent",
    "symbol": "BTCUSDT",
    "exchange": "binance_usdm",
    "timestamp": "2024-05-01T00:00:00.088000Z",
    "sequence": 11,
    "scenario_id": "scenario-272-latency_edge",
    "agent_id": "agent-latency_edge",
    "order_id": "scenario-272-latency_edge-agent-latency_edge-11",
    "action": "new",
    "side": "sell",
    "price": 65232.8368,
    "quantity": 0.006,
    "remaining_quantity": 0.006
  },
  {
    "event_id": "2f8d8a85abbdeb52db1ceb342b3257deece95f5d3ac8a2d8d293c933a9570c0a",
    "schema_version": "1.0.0",
    "event_type": "agent_order",
    "source": "synthetic_agent",
    "symbol": "BTCUSDT",
    "exchange": "binance_usdm",
    "timestamp": "2024-05-01T00:00:00.096000Z",
    "sequence": 12,
    "scenario_id": "scenario-272-latency_edge",
    "agent_id": "agent-latency_edge",
    "order_id": "scenario-272-latency_edge-agent-latency_edge-12",
    "action": "new",
    "side": "buy",
    "price": 65311.163199999995,
    "quantity": 0.006,
    "remaining_quantity": 0.006
  },
  {
    "event_id": "43f51f666a85686ef6e5eda8fc66b359f851f298fa3793be4d6eac8c4c741461",
    "schema_version": "1.0.0",
    "event_type": "agent_order",
    "source": "synthetic_agent",
    "symbol": "BTCUSDT",
    "exchange": "binance_usdm",
    "timestamp": "2024-05-01T00:00:00.104000Z",
    "sequence": 13,
    "scenario_id": "scenario-272-latency_edge",
    "agent_id": "agent-latency_edge",
    "order_id": "scenario-272-latency_edge-agent-latency_edge-13",
    "action": "new",
    "side": "buy",
    "price": 65311.163199999995,
    "quantity": 0.006,
    "remaining_quantity": 0.006
  },
  {
    "event_id": "11a06c4f6326f2653d3576ede4af54f55e0d6a0bfa025401c6b7ef5915a0be0f",
    "schema_version": "1.0.0",
    "event_type": "agent_order",
    "source": "synthetic_agent",
    "symbol": "BTCUSDT",
    "exchange": "binance_usdm",
    "timestamp": "2024-05-01T00:00:00.112000Z",
    "sequence": 14,
    "scenario_id": "scenario-272-latency_edge",
    "agent_id": "agent-latency_edge",
    "order_id": "scenario-272-latency_edge-agent-latency_edge-14",
    "action": "new",
    "side": "sell",
    "price": 65232.8368,
    "quantity": 0.006,
    "remaining_quantity": 0.006
  },
  {
    "event_id": "d7bec5942187e65b1170254f38061bc2d2dc77cef398e9b32410e3e35d738bc3",
    "schema_version": "1.0.0",
    "event_type": "agent_order",
    "source": "synthetic_agent",
    "symbol": "BTCUSDT",
    "exchange": "binance_usdm",
    "timestamp": "2024-05-01T00:00:00.120000Z",
    "sequence": 15,
    "scenario_id": "scenario-272-latency_edge",
    "agent_id": "agent-latency_edge",
    "order_id": "scenario-272-latency_edge-agent-latency_edge-15",
    "action": "new",
    "side": "sell",
    "price": 65232.8368,
    "quantity": 0.006,
    "remaining_quantity": 0.006
  },
  {
    "event_id": "b4d22ead747547bca85732640111dd085b9fc5424c7b86e6732c65f90c1a463b",
    "schema_version": "1.0.0",
    "event_type": "agent_order",
    "source": "synthetic_agent",
    "symbol": "BTCUSDT",
    "exchange": "binance_usdm",
    "timestamp": "2024-05-01T00:00:00.128000Z",
    "sequence": 16,
    "scenario_id": "scenario-272-latency_edge",
    "agent_id": "agent-latency_edge",
    "order_id": "scenario-272-latency_edge-agent-latency_edge-16",
    "action": "new",
    "side": "buy",
    "price": 65311.163199999995,
    "quantity": 0.006,
    "remaining_quantity": 0.006
  },
  {
    "event_id": "31e8f3999a43f360516c1e473079535a56bd6fdfa3fb0f56a7ef0fe2537d74fb",
    "schema_version": "1.0.0",
    "event_type": "agent_order",
    "source": "synthetic_agent",
    "symbol": "BTCUSDT",
    "exchange": "binance_usdm",
    "timestamp": "2024-05-01T00:00:00.136000Z",
    "sequence": 17,
    "scenario_id": "scenario-272-latency_edge",
    "agent_id": "agent-latency_edge",
    "order_id": "scenario-272-latency_edge-agent-latency_edge-17",
    "action": "new",
    "side": "buy",
    "price": 65311.163199999995,
    "quantity": 0.006,
    "remaining_quantity": 0.006
  },
  {
    "event_id": "a16fbc275500f23fcb5097382b8e3f6afeb90dadad645587e722494dc6133ec9",
    "schema_version": "1.0.0",
    "event_type": "agent_order",
    "source": "synthetic_agent",
    "symbol": "BTCUSDT",
    "exchange": "binance_usdm",
    "timestamp": "2024-05-01T00:00:00.144000Z",
    "sequence": 18,
    "scenario_id": "scenario-272-latency_edge",
    "agent_id": "agent-latency_edge",
    "order_id": "scenario-272-latency_edge-agent-latency_edge-18",
    "action": "new",
    "side": "sell",
    "price": 65232.8368,
    "quantity": 0.006,
    "remaining_quantity": 0.006
  },
  {
    "event_id": "a913d99a557935a15c7783beb57a70d7aeb936efb20894842740951ba61a7554",
    "schema_version": "1.0.0",
    "event_type": "agent_order",
    "source": "synthetic_agent",
    "symbol": "BTCUSDT",
    "exchange": "binance_usdm",
    "timestamp": "2024-05-01T00:00:00.152000Z",
    "sequence": 19,
    "scenario_id": "scenario-272-latency_edge",
    "agent_id": "agent-latency_edge",
    "order_id": "scenario-272-latency_edge-agent-latency_edge-19",
    "action": "new",
    "side": "sell",
    "price": 65232.8368,
    "quantity": 0.006,
    "remaining_quantity": 0.006
  },
  {
    "event_id": "76a062dfcd595711605f6625fdc6ecdd2bb9fdf9a87a58c9c7192561d55d5324",
    "schema_version": "1.0.0",
    "event_type": "agent_order",
    "source": "synthetic_agent",
    "symbol": "BTCUSDT",
    "exchange": "binance_usdm",
    "timestamp": "2024-05-01T00:00:00.160000Z",
    "sequence": 20,
    "scenario_id": "scenario-272-latency_edge",
    "agent_id": "agent-latency_edge",
    "order_id": "scenario-272-latency_edge-agent-latency_edge-20",
    "action": "new",
    "side": "buy",
    "price": 65311.163199999995,
    "quantity": 0.006,
    "remaining_quantity": 0.006
  },
  {
    "event_id": "11b368937f7bd6d30b5e7e6ca7e311c33313b219d27c62bd4c670be246c93772",
    "schema_version": "1.0.0",
    "event_type": "agent_order",
    "source": "synthetic_agent",
    "symbol": "BTCUSDT",
    "exchange": "binance_usdm",
    "timestamp": "2024-05-01T00:00:00.168000Z",
    "sequence": 21,
    "scenario_id": "scenario-272-latency_edge",
    "agent_id": "agent-latency_edge",
    "order_id": "scenario-272-latency_edge-agent-latency_edge-21",
    "action": "new",
    "side": "buy",
    "price": 65311.163199999995,
    "quantity": 0.006,
    "remaining_quantity": 0.006
  },
  {
    "event_id": "de24055b15e4b1d618932c92f622bf54cdf4d43208bba1f67a6d9d497b92761b",
    "schema_version": "1.0.0",
    "event_type": "agent_order",
    "source": "synthetic_agent",
    "symbol": "BTCUSDT",
    "exchange": "binance_usdm",
    "timestamp": "2024-05-01T00:00:00.176000Z",
    "sequence": 22,
    "scenario_id": "scenario-272-latency_edge",
    "agent_id": "agent-latency_edge",
    "order_id": "scenario-272-latency_edge-agent-latency_edge-22",
    "action": "new",
    "side": "sell",
    "price": 65232.8368,
    "quantity": 0.006,
    "remaining_quantity": 0.006
  },
  {
    "event_id": "3b3c625a8ad71d2a237152363dc362e0ce7a0a1bd65e0d17163d15126decbf73",
    "schema_version": "1.0.0",
    "event_type": "agent_order",
    "source": "synthetic_agent",
    "symbol": "BTCUSDT",
    "exchange": "binance_usdm",
    "timestamp": "2024-05-01T00:00:00.184000Z",
    "sequence": 23,
    "scenario_id": "scenario-272-latency_edge",
    "agent_id": "agent-latency_edge",
    "order_id": "scenario-272-latency_edge-agent-latency_edge-23",
    "action": "new",
    "side": "sell",
    "price": 65232.8368,
    "quantity": 0.006,
    "remaining_quantity": 0.006
  },
  {
    "event_id": "c36ddea52c8bea38007245270c385a020bdbbf1dc9a1786af71b0046a019c831",
    "schema_version": "1.0.0",
    "event_type": "agent_order",
    "source": "synthetic_agent",
    "symbol": "BTCUSDT",
    "exchange": "binance_usdm",
    "timestamp": "2024-05-01T00:00:00.192000Z",
    "sequence": 24,
    "scenario_id": "scenario-272-latency_edge",
    "agent_id": "agent-latency_edge",
    "order_id": "scenario-272-latency_edge-agent-latency_edge-24",
    "action": "new",
    "side": "buy",
    "price": 65311.163199999995,
    "quantity": 0.006,
    "remaining_quantity": 0.006
  },
  {
    "event_id": "b16dee4d7be5c48e338683d59440c279452146d3bfeb9b3c3ac53e3579914d74",
    "schema_version": "1.0.0",
    "event_type": "agent_order",
    "source": "synthetic_agent",
    "symbol": "BTCUSDT",
    "exchange": "binance_usdm",
    "timestamp": "2024-05-01T00:00:00.200000Z",
    "sequence": 25,
    "scenario_id": "scenario-272-latency_edge",
    "agent_id": "agent-latency_edge",
    "order_id": "scenario-272-latency_edge-agent-latency_edge-25",
    "action": "new",
    "side": "buy",
    "price": 65311.163199999995,
    "quantity": 0.006,
    "remaining_quantity": 0.006
  },
  {
    "event_id": "53efc1b9dfa2c928d76427df57659d891ac7bafa81b3d33bc9077b5acff2d679",
    "schema_version": "1.0.0",
    "event_type": "agent_order",
    "source": "synthetic_agent",
    "symbol": "BTCUSDT",
    "exchange": "binance_usdm",
    "timestamp": "2024-05-01T00:00:00.208000Z",
    "sequence": 26,
    "scenario_id": "scenario-272-latency_edge",
    "agent_id": "agent-latency_edge",
    "order_id": "scenario-272-latency_edge-agent-latency_edge-26",
    "action": "new",
    "side": "sell",
    "price": 65232.8368,
    "quantity": 0.006,
    "remaining_quantity": 0.006
  },
  {
    "event_id": "e46674e5c433faacc41340b13dc7c184f1f4ad5002955cdd56cf13831b76f507",
    "schema_version": "1.0.0",
    "event_type": "agent_order",
    "source": "synthetic_agent",
    "symbol": "BTCUSDT",
    "exchange": "binance_usdm",
    "timestamp": "2024-05-01T00:00:00.216000Z",
    "sequence": 27,
    "scenario_id": "scenario-272-latency_edge",
    "agent_id": "agent-latency_edge",
    "order_id": "scenario-272-latency_edge-agent-latency_edge-27",
    "action": "new",
    "side": "sell",
    "price": 65232.8368,
    "quantity": 0.006,
    "remaining_quantity": 0.006
  },
  {
    "event_id": "096258e045efc52ada19a16f6f9d5f01a290ebcf8fd1be0a555f5a622c5135f0",
    "schema_version": "1.0.0",
    "event_type": "agent_order",
    "source": "synthetic_agent",
    "symbol": "BTCUSDT",
    "exchange": "binance_usdm",
    "timestamp": "2024-05-01T00:00:00.224000Z",
    "sequence": 28,
    "scenario_id": "scenario-272-latency_edge",
    "agent_id": "agent-latency_edge",
    "order_id": "scenario-272-latency_edge-agent-latency_edge-28",
    "action": "new",
    "side": "buy",
    "price": 65311.163199999995,
    "quantity": 0.006,
    "remaining_quantity": 0.006
  },
  {
    "event_id": "45fe533db2358b0efabc2635e9dc3f0071ed715bff605e533d82f037291d9ae0",
    "schema_version": "1.0.0",
    "event_type": "agent_order",
    "source": "synthetic_agent",
    "symbol": "BTCUSDT",
    "exchange": "binance_usdm",
    "timestamp": "2024-05-01T00:00:00.232000Z",
    "sequence": 29,
    "scenario_id": "scenario-272-latency_edge",
    "agent_id": "agent-latency_edge",
    "order_id": "scenario-272-latency_edge-agent-latency_edge-29",
    "action": "new",
    "side": "buy",
    "price": 65311.163199999995,
    "quantity": 0.006,
    "remaining_quantity": 0.006
  }
]