[
  {
    "event_id": "2fc105f2c39a0d330a9ecab10292894fed2d99930fc6125f75a7d82834b96762",
    "schema_version": "1.0.0",
    "event_type": "agent_order",
    "source": "synthetic_agent",
    "symbol": "BTCUSDT",
    "exchange": "binance_usdm",
    "timestamp": "2024-05-01T00:00:00Z",
    "sequence": 0,
    "scenario_id": "scenario-327-spoofing_layering",
    "agent_id": "agent-spoofing_layering",
    "order_id": "scenario-327-spoofing_layering-agent-spoofing_layering-0",
    "action": "new",
    "side": "sell",
    "price": 65359.663499999995,
    "quantity": 0.5,
    "remaining_quantity": 0.5
  },
  {
    "event_id": "305f2cf1ee70667e4950e39a4cc8a13a5ed015ecf2933479904744aaa077b2a0",
    "schema_version": "1.0.0",
    "event_type": "agent_order",
    "source": "synthetic_agent",
    "symbol": "BTCUSDT",
    "exchange": "binance_usdm",
    "timestamp": "2024-05-01T00:00:00.050000Z",
    "sequence": 1,
    "scenario_id": "scenario-327-spoofing_layering",
    "agent_id": "agent-spoofing_layering",
    "order_id": "scenario-327-spoofing_layering-agent-spoofing_layering-1",
    "action": "new",
    "side": "sell",
    "price": 65360.31677,
    "quantity": 0.5,
    "remaining_quantity": 0.5
  },
  {
    "event_id": "8f0005a79a4a3c9cd7d4c0d7cfe8b7b7275e623d377edf2e26f1b77a00a58d87",
    "schema_version": "1.0.0",
    "event_type": "agent_order",
    "source": "synthetic_agent",
    "symbol": "BTCUSDT",
    "exchange": "binance_usdm",
    "timestamp": "2024-05-01T00:00:00.100000Z",
    "sequence": 2,
    "scenario_id": "scenario-327-spoofing_layering",
    "agent_id": "agent-spoofing_layering",
    "order_id": "scenario-327-spoofing_layering-agent-spoofing_layering-2",
    "action": "new",
    "side": "sell",
    "price": 65360.97003999999,
    "quantity": 0.5,
    "remaining_quantity": 0.5
  },
  {
    "event_id": "21350412ac306d3c31f003d4f84ee3266b06b770c30061baaeb1b25dbf803a09",
    "schema_version": "1.0.0",
    "event_type": "agent_order",
    "source": "synthetic_agent",
    "symbol": "BTCUSDT",
    "exchange": "binance_usdm",
    "timestamp": "2024-05-01T00:00:00.150000Z",
    "sequence": 3,
    "scenario_id": "scenario-327-spoofing_layering",
    "agent_id": "agent-spoofing_layering",
    "order_id": "scenario-327-spoofing_layering-agent-spoofing_layering-3",
    "action": "new",
    "side": "sell",
    "price": 65361.623309999995,
    "quantity": 0.5,
    "remaining_quantity": 0.5
  },
  {
    "event_id": "8338057a1f3e7951115564935491872554204665da886c462ec46cc7f9f0e4fa",
    "schema_version": "1.0.0",
    "event_type": "agent_order",
    "source": "synthetic_agent",
    "symbol": "BTCUSDT",
    "exchange": "binance_usdm",
    "timestamp": "2024-05-01T00:00:00.200000Z",
    "sequence": 4,
    "scenario_id": "scenario-327-spoofing_layering",
    "agent_id": "agent-spoofing_layering",
    "order_id": "scenario-327-spoofing_layering-agent-spoofing_layering-4",
    "action": "new",
    "side": "sell",
    "price": 65362.27658,
    "quantity": 0.5,
    "remaining_quantity": 0.5
  },
  {
    "event_id": "1bd7497c87cc8542c0c2d7b2972988a3d03ff4f0c2501d26dd4b6b3b45b52769",
    "schema_version": "1.0.0",
    "event_type": "agent_order",
    "source": "synthetic_agent",
    "symbol": "BTCUSDT",
    "exchange": "binance_usdm",
    "timestamp": "2024-05-01T00:00:00.250000Z",
    "sequence": 5,
    "scenario_id": "scenario-327-spoofing_layering",
    "agent_id": "agent-spoofing_layering",
    "order_id": "scenario-327-spoofing_layering-agent-spoofing_layering-5",
    "action": "new",
    "side": "sell",
    "price": 65362.92985,
    "quantity": 0.5,
    "remaining_quantity": 0.5
  },
  {
    "event_id": "3080a09d416da03fa5b33eb5b20c670d03c7e2ad00e7019fe8c79c0350054cb3",
    "schema_version": "1.0.0",
    "event_type": "agent_order",
    "source": "synthetic_agent",
    "symbol": "BTCUSDT",
    "exchange": "binance_usdm",
    "timestamp": "2024-05-01T00:00:00.300000Z",
    "sequence": 6,
    "scenario_id": "scenario-327-spoofing_layering",
    "agent_id": "agent-spoofing_layering",
    "order_id": "scenario-327-spoofing_layering-agent-spoofing_layering-6",
    "action": "new",
    "side": "sell",
    "price": 65363.583119999996,
    "quantity": 0.5,
    "remaining_quantity": 0.5
  },
  {
    "event_id": "f935e3e72341bc4a829b701b8ecfe930eee8901ee28fdf581e37219b2cf65eb6",
    "schema_version": "1.0.0",
    "event_type": "agent_order",
    "source": "synthetic_agent",
    "symbol": "BTCUSDT",
    "exchange": "binance_usdm",
    "timestamp": "2024-05-01T00:00:00.350000Z",
    "sequence": 7,
    "scenario_id": "scenario-327-spoofing_layering",
    "agent_id": "agent-spoofing_layering",
    "order_id": "scenario-327-spoofing_layering-agent-spoofing_layering-7",
    "action": "new",
    "side": "sell",
    "price": 65364.23639,
    "quantity": 0.5,
    "remaining_quantity": 0.5
  },
  {
    "event_id": "e2908e1f9eea0932a605e1d90d0ca3760e61b181ab15edd619cc13f33ea12420",
    "schema_version": "1.0.0",
    "event_type": "agent_order",
    "source": "synthetic_agent",
    "symbol": "BTCUSDT",
    "exchange": "binance_usdm",
    "timestamp": "2024-05-01T00:00:00.400000Z",
    "sequence": 8,
    "scenario_id": "scenario-327-spoofing_layering",
    "agent_id": "agent-spoofing_layering",
    "order_id": "scenario-327-spoofing_layering-agent-spoofing_layering-8",
    "action": "new",
    "side": "sell",
    "price": 65364.88966,
    "quantity": 0.5,
    "remaining_quantity": 0.5
  },
  {
    "event_id": "c6f540eba4a84491c929572e274db0be690032fa704766cf0b096e22079d5ac1",
    "schema_version": "1.0.0",
    "event_type": "agent_order",
    "source": "synthetic_agent",
    "symbol": "BTCUSDT",
    "exchange": "binance_usdm",
    "timestamp": "2024-05-01T00:00:00.450000Z",
    "sequence": 9,
    "scenario_id": "scenario-327-spoofing_layering",
    "agent_id": "agent-spoofing_layering",
    "order_id": "scenario-327-spoofing_layering-agent-spoofing_layering-9",
    "action": "new",
    "side": "sell",
    "price": 65365.54292999999,
    "quantity": 0.5,
    "remaining_quantity": 0.5
  },
  {
    "event_id": "dca61abc141be134eb57f60ee88ca976b46e393da61d69cbc4240bdd754c10d5",
    "schema_version": "1.0.0",
    "event_type": "agent_order",
    "source": "synthetic_agent",
    "symbol": "BTCUSDT",
    "exchange": "binance_usdm",
    "timestamp": "2024-05-01T00:00:00.500000Z",
    "sequence": 10,
    "scenario_id": "scenario-327-spoofing_layering",
    "agent_id": "agent-spoofing_layering",
    "order_id": "scenario-327-spoofing_layering-agent-spoofing_layering-10",
    "action": "new",
    "side": "sell",
    "price": 65366.1962,
    "quantity": 0.5,
    "remaining_quantity": 0.5
  },
  {
    "event_id": "ac4bda80492b373071d495ce691546bc087c293c8d8479756cea74234843c363",
    "schema_version": "1.0.0",
    "event_type": "agent_order",
    "source": "synthetic_agent",
    "symbol": "BTCUSDT",
    "exchange": "binance_usdm",
    "timestamp": "2024-05-01T00:00:00.550000Z",
    "sequence": 11,
    "scenario_id": "scenario-327-spoofing_layering",
    "agent_id": "agent-spoofing_layering",
    "order_id": "scenario-327-spoofing_layering-agent-spoofing_layering-11",
    "action": "new",
    "side": "sell",
    "price": 65366.84947,
    "quantity": 0.5,
    "remaining_quantity": 0.5
  },
  {
    "event_id": "c4ce961242fecf0fe0d5f4ccd722278e747e6dee690b8896d6848c144fb88df5",
    "schema_version": "1.0.0",
    "event_type": "agent_order",
    "source": "synthetic_agent",
    "symbol": "BTCUSDT",
    "exchange": "binance_usdm",
    "timestamp": "2024-05-01T00:00:00.600000Z",
    "sequence": 12,
    "scenario_id": "scenario-327-spoofing_layering",
    "agent_id": "agent-spoofing_layering",
    "order_id": "scenario-327-spoofing_layering-agent-spoofing_layering-12",
    "action": "new",
    "side": "sell",
    "price": 65367.50273999999,
    "quantity": 0.5,
    "remaining_quantity": 0.5
  },
  {
    "event_id": "c6edf1e65e58911482aa6757f90d4b1e2ed6738d286447522a9ef531ec42c7d1",
    "schema_version": "1.0.0",
    "event_type": "agent_order",
    "source": "synthetic_agent",
    "symbol": "BTCUSDT",
    "exchange": "binance_usdm",
    "timestamp": "2024-05-01T00:00:00.650000Z",
    "sequence": 13,
    "scenario_id": "scenario-327-spoofing_layering",
    "agent_id": "agent-spoofing_layering",
    "order_id": "scenario-327-spoofing_layering-agent-spoofing_layering-13",
    "action": "new",
    "side": "sell",
    "price": 65368.15600999999,
    "quantity": 0.5,
    "remaining_quantity": 0.5
  },
  {
    "event_id": "77bbefcc313f2bdf2dad016574b80743601faf84a846b1acd8fab0c773930767",
    "schema_version": "1.0.0",
    "event_type": "agent_order",
    "source": "synthetic_agent",
    "symbol": "BTCUSDT",
    "exchange": "binance_usdm",
    "timestamp": "2024-05-01T00:00:00.700000Z",
    "sequence": 14,
    "scenario_id": "scenario-327-spoofing_layering",
    "agent_id": "agent-spoofing_layering",
    "order_id": "scenario-327-spoofing_layering-agent-spoofing_layering-14",
    "action": "new",
    "side": "sell",
    "price": 65368.80928,
    "quantity": 0.5,
    "remaining_quantity": 0.5
  },
  {
    "event_id": "361ebf342cb846c2fe62154ce62211204c7710e7f58c0c9ab7bbcb6518c26257",
    "schema_version": "1.0.0",
    "event_type": "agent_order",
    "source": "synthetic_agent",
    "symbol": "BTCUSDT",
    "exchange": "binance_usdm",
    "timestamp": "2024-05-01T00:00:00.750000Z",
    "sequence": 15,
    "scenario_id": "scenario-327-spoofing_layering",
    "agent_id": "agent-spoofing_layering",
    "order_id": "scenario-327-spoofing_layering-agent-spoofing_layering-15",
    "action": "new",
    "side": "sell",
    "price": 65369.462550000004,
    "quantity": 0.5,
    "remaining_quantity": 0.5
  },
  {
    "event_id": "b3057d70f93acbc8a8adea79e122d0196c7ab641815ce0bea25446b1e4a5e1ec",
    "schema_version": "1.0.0",
    "event_type": "agent_order",
    "source": "synthetic_agent",
    "symbol": "BTCUSDT",
    "exchange": "binance_usdm",
    "timestamp": "2024-05-01T00:00:00.800000Z",
    "sequence": 16,
    "scenario_id": "scenario-327-spoofing_layering",
    "agent_id": "agent-spoofing_layering",
    "order_id": "scenario-327-spoofing_layering-agent-spoofing_layering-16",
    "action": "new",
    "side": "sell",
    "price": 65370.11581999999,
    "quantity": 0.5,
    "remaining_quantity": 0.5
  },
  {
    "event_id": "25f454e6442e4010f86395e46a19c690f8998d39a740c5d51eadf1c204773f89",
    "schema_version": "1.0.0",
    "event_type": "agent_order",
    "source": "synthetic_agent",
    "symbol": "BTCUSDT",
    "exchange": "binance_usdm",
    "timestamp": "2024-05-01T00:00:00.850000Z",
    "sequence": 17,
    "scenario_id": "scenario-327-spoofing_layering",
    "agent_id": "agent-spoofing_layering",
    "order_id": "scenario-327-spoofing_layering-agent-spoofing_layering-17",
    "action": "new",
    "side": "sell",
    "price": 65370.769089999994,
    "quantity": 0.5,
    "remaining_quantity": 0.5
  },
  {
    "event_id": "35aba7cf60c8f18d51ad5fb2bcd2ef3d4ea62b4de0659a3bc9f459e936e3eacb",
    "schema_version": "1.0.0",
    "event_type": "agent_order",
    "source": "synthetic_agent",
    "symbol": "BTCUSDT",
    "exchange": "binance_usdm",
    "timestamp": "2024-05-01T00:00:00.900000Z",
    "sequence": 18,
    "scenario_id": "scenario-327-spoofing_layering",
    "agent_id": "agent-spoofing_layering",
    "order_id": "scenario-327-spoofing_layering-agent-spoofing_layering-18",
    "action": "new",
    "side": "sell",
    "price": 65371.422360000004,
    "quantity": 0.5,
    "remaining_quantity": 0.5
  },
  {
    "event_id": "832d531b00de93a84c0aaa43e8575755429db1ff8c3796a8546f31c11fd5e6a9",
    "schema_version": "1.0.0",
    "event_type": "agent_order",
    "source": "synthetic_agent",
    "symbol": "BTCUSDT",
    "exchange": "binance_usdm",
    "timestamp": "2024-05-01T00:00:00.950000Z",
    "sequence": 19,
    "scenario_id": "scenario-327-spoofing_layering",
    "agent_id": "agent-spoofing_layering",
    "order_id": "scenario-327-spoofing_layering-agent-spoofing_layering-19",
    "action": "new",
    "side": "sell",
    "price": 65372.07562999999,
    "quantity": 0.5,
    "remaining_quantity": 0.5
  },
  {
    "event_id": "ec0bf2513030caeeab338a50ccd74b83ba6c79e29f52fff325202f2056f97dc3",
    "schema_version": "1.0.0",
    "event_type": "agent_order",
    "source": "synthetic_agent",
    "symbol": "BTCUSDT",
    "exchange": "binance_usdm",
    "timestamp": "2024-05-01T00:00:01Z",
    "sequence": 20,
    "scenario_id": "scenario-327-spoofing_layering",
    "agent_id": "agent-spoofing_layering",
    "order_id": "scenario-327-spoofing_layering-agent-spoofing_layering-20",
    "action": "new",
    "side": "sell",
    "price": 65372.728899999995,
    "quantity": 0.5,
    "remaining_quantity": 0.5
  },
  {
    "event_id": "cbbbf08f498e854e65809f162735185941ce15bcd2bad2cacbfb36ffc6a2e797",
    "schema_version": "1.0.0",
    "event_type": "agent_order",
    "source": "synthetic_agent",
    "symbol": "BTCUSDT",
    "exchange": "binance_usdm",
    "timestamp": "2024-05-01T00:00:01.050000Z",
    "sequence": 21,
    "scenario_id": "scenario-327-spoofing_layering",
    "agent_id": "agent-spoofing_layering",
    "order_id": "scenario-327-spoofing_layering-agent-spoofing_layering-21",
    "action": "new",
    "side": "sell",
    "price": 65373.38217,
    "quantity": 0.5,
    "remaining_quantity": 0.5
  },
  {
    "event_id": "95ebe075c318152e44f4964ee6d9a46e4ebe22d9cd9b2e6e76fe3c6a9f9f5249",
    "schema_version": "1.0.0",
    "event_type": "agent_order",
    "source": "synthetic_agent",
    "symbol": "BTCUSDT",
    "exchange": "binance_usdm",
    "timestamp": "2024-05-01T00:00:01.100000Z",
    "sequence": 22,
    "scenario_id": "scenario-327-spoofing_layering",
    "agent_id": "agent-spoofing_layering",
    "order_id": "scenario-327-spoofing_layering-agent-spoofing_layering-22",
    "action": "new",
    "side": "sell",
    "price": 65374.03544000001,
    "quantity": 0.5,
    "remaining_quantity": 0.5
  },
  {
    "event_id": "ec54f4c9b764ff4509edc19719e6c5f0c2363a86480064d9f9428c50226f372e",
    "schema_version": "1.0.0",
    "event_type": "agent_order",
    "source": "synthetic_agent",
    "symbol": "BTCUSDT",
    "exchange": "binance_usdm",
    "timestamp": "2024-05-01T00:00:01.150000Z",
    "sequence": 23,
    "scenario_id": "scenario-327-spoofing_layering",
    "agent_id": "agent-spoofing_layering",
    "order_id": "scenario-327-spoofing_layering-agent-spoofing_layering-23",
    "action": "new",
    "side": "sell",
    "price": 65374.688709999995,
    "quantity": 0.5,
    "remaining_quantity": 0.5
  },
  {
    "event_id": "b4d61b3cc417c773f8df3b365e30daf85449d9846e995a5da21e1bbd2161187c",
    "schema_version": "1.0.0",
    "event_type": "agent_order",
    "source": "synthetic_agent",
    "symbol": "BTCUSDT",
    "exchange": "binance_usdm",
    "timestamp": "2024-05-01T00:00:01.200000Z",
    "sequence": 24,
    "scenario_id": "scenario-327-spoofing_layering",
    "agent_id": "agent-spoofing_layering",
    "order_id": "scenario-327-spoofing_layering-agent-spoofing_layering-24",
    "action": "new",
    "side": "sell",
    "price": 65375.34198,
    "quantity": 0.5,
    "remaining_quantity": 0.5
  },
  {
    "event_id": "1d1ee63ec6c5d19ac47421e239cabeb3a89129f1d94ef18ec76794105d123ae7",
    "schema_version": "1.0.0",
    "event_type": "agent_order",
    "source": "synthetic_agent",
    "symbol": "BTCUSDT",
    "exchange": "binance_usdm",
    "timestamp": "2024-05-01T00:00:01.250000Z",
    "sequence": 25,
    "scenario_id": "scenario-327-spoofing_layering",
    "agent_id": "agent-spoofing_layering",
    "order_id": "scenario-327-spoofing_layering-agent-spoofing_layering-25",
    "action": "new",
    "side": "sell",
    "price": 65375.99525,
    "quantity": 0.5,
    "remaining_quantity": 0.5
  },
  {
    "event_id": "b8e96fb8a94578f4a08383f3d4f59dbf6da7bf48900eb038bf975c004e2f8855",
    "schema_version": "1.0.0",
    "event_type": "agent_order",
    "source": "synthetic_agent",
    "symbol": "BTCUSDT",
    "exchange": "binance_usdm",
    "timestamp": "2024-05-01T00:00:01.300000Z",
    "sequence": 26,
    "scenario_id": "scenario-327-spoofing_layering",
    "agent_id": "agent-spoofing_layering",
    "order_id": "scenario-327-spoofing_layering-agent-spoofing_layering-26",
    "action": "new",
    "side": "sell",
    "price": 65376.648519999995,
    "quantity": 0.5,
    "remaining_quantity": 0.5
  },
  {
    "event_id": "33fb6253c6c055303c6c375096e3fe61e35c34d14f6d02584633bc280d3cc792",
    "schema_version": "1.0.0",
    "event_type": "agent_order",
    "source": "synthetic_agent",
    "symbol": "BTCUSDT",
    "exchange": "binance_usdm",
    "timestamp": "2024-05-01T00:00:01.350000Z",
    "sequence": 27,
    "scenario_id": "scenario-327-spoofing_layering",
    "agent_id": "agent-spoofing_layering",
    "order_id": "scenario-327-spoofing_layering-agent-spoofing_layering-27",
    "action": "new",
    "side": "sell",
    "price": 65377.30179,
    "quantity": 0.5,
    "remaining_quantity": 0.5
  },
  {
    "event_id": "603ff93977631fad38e54eda4d15e9aad3b447e659807c6b1b4a660b60f5215f",
    "schema_version": "1.0.0",
    "event_type": "agent_order",
    "source": "synthetic_agent",
    "symbol": "BTCUSDT",
    "exchange": "binance_usdm",
    "timestamp": "2024-05-01T00:00:01.400000Z",
    "sequence": 28,
    "scenario_id": "scenario-327-spoofing_layering",
    "agent_id": "agent-spoofing_layering",
    "order_id": "scenario-327-spoofing_layering-agent-spoofing_layering-28",
    "action": "new",
    "side": "sell",
    "price": 65377.95506,
    "quantity": 0.5,
    "remaining_quantity": 0.5
  },
  {
    "event_id": "8f58a3130cb7f77f7e868fe634808bbe3fec6c0cfc5d775c5e85ee8708d88169",
    "schema_version": "1.0.0",
    "event_type": "agent_order",
    "source": "synthetic_agent",
    "symbol": "BTCUSDT",
    "exchange": "binance_usdm",
    "timestamp": "2024-05-01T00:00:01.450000Z",
    "sequence": 29,
    "scenario_id": "scenario-327-spoofing_layering",
    "agent_id": "agent-spoofing_layering",
    "order_id": "scenario-327-spoofing_layering-agent-spoofing_layering-29",
    "action": "new",
    "side": "sell",
    "price": 65378.60832999999,
    "quantity": 0.5,
    "remaining_quantity": 0.5
  }
]