[
  {
    "event_id": "808548f1d163b67a52bd456e21cc3a06ff69d1499fc0d17e7448342139d292c3",
    "schema_version": "1.0.0",
    "event_type": "agent_order",
    "source": "synthetic_agent",
    "symbol": "BTCUSDT",
    "exchange": "binance_usdm",
    "timestamp": "2024-05-01T00:00:00Z",
    "sequence": 0,
    "scenario_id": "scenario-107-volatility_feedback",
    "agent_id": "agent-volatility_feedback",
    "order_id": "scenario-107-volatility_feedback-agent-volatility_feedback-0",
    "action": "new",
    "side": "buy",
    "price": 65172.106999999996,
    "quantity": 0.02,
    "remaining_quantity": 0.02
  },
  {
    "event_id": "44649e71f47aa615572b297d5bed2713f79cf38cea0f5390d39188a1f2cd97bf",
    "schema_version": "1.0.0",
    "event_type": "agent_order",
    "source": "synthetic_agent",
    "symbol": "BTCUSDT",
    "exchange": "binance_usdm",
    "timestamp": "2024-05-01T00:00:00.020000Z",
    "sequence": 1,
    "scenario_id": "scenario-107-volatility_feedback",
    "agent_id": "agent-volatility_feedback",
    "order_id": "scenario-107-volatility_feedback-agent-volatility_feedback-1",
    "action": "new",
    "side": "sell",
    "price": 65040.59086,
    "quantity": 0.03,
    "remaining_quantity": 0.03
  },
  {
    "event_id": "23643f64c0d8fb4a12a9488fc7cf58c0083a25df2755736b7f8ae59534ce94ef",
    "schema_version": "1.0.0",
    "event_type": "agent_order",
    "source": "synthetic_agent",
    "symbol": "BTCUSDT",
    "exchange": "binance_usdm",
    "timestamp": "2024-05-01T00:00:00.040000Z",
    "sequence": 2,
    "scenario_id": "scenario-107-volatility_feedback",
    "agent_id": "agent-volatility_feedback",
    "order_id": "scenario-107-volatility_feedback-agent-volatility_feedback-2",
    "action": "new",
    "side": "buy",
    "price": 65174.711279999996,
    "quantity": 0.04,
    "remaining_quantity": 0.04
  },
  {
    "event_id": "b0435e226246aee102c5e79684144eb51c64530de71975e895bfe01178660115",
    "schema_version": "1.0.0",
    "event_type": "agent_order",
    "source": "synthetic_agent",
    "symbol": "BTCUSDT",
    "exchange": "binance_usdm",
    "timestamp": "2024-05-01T00:00:00.060000Z",
    "sequence": 3,
    "scenario_id": "scenario-107-volatility_feedback",
    "agent_id": "agent-volatility_feedback",
    "order_id": "scenario-107-volatility_feedback-agent-volatility_feedback-3",
    "action": "new",
    "side": "sell",
    "price": 65037.986580000004,
    "quantity": 0.05,
    "remaining_quantity": 0.05
  },
  {
    "event_id": "576df738eaff90c92faa2965e4ac8c005e37db1df231cc8a00ac77005d288293",
    "schema_version": "1.0.0",
    "event_type": "agent_order",
    "source": "synthetic_agent",
    "symbol": "BTCUSDT",
    "exchange": "binance_usdm",
    "timestamp": "2024-05-01T00:00:00.080000Z",
    "sequence": 4,
    "scenario_id": "scenario-107-volatility_feedback",
    "agent_id": "agent-volatility_feedback",
    "order_id": "scenario-107-volatility_feedback-agent-volatility_feedback-4",
    "action": "new",
    "side": "buy",
    "price": 65177.315559999995,
    "quantity": 0.02,
    "remaining_quantity": 0.02
  },
  {
    "event_id": "3ef3917eee1075848563d92c72f5b8c6eddaabd7c3d19cbb10d87daca1850e93",
    "schema_version": "1.0.0",
    "event_type": "agent_order",
    "source": "synthetic_agent",
    "symbol": "BTCUSDT",
    "exchange": "binance_usdm",
    "timestamp": "2024-05-01T00:00:00.100000Z",
    "sequence": 5,
    "scenario_id": "scenario-107-volatility_feedback",
    "agent_id": "agent-volatility_feedback",
    "order_id": "scenario-107-volatility_feedback-agent-volatility_feedback-5",
    "action": "new",
    "side": "sell",
    "price": 65035.3823,
    "quantity": 0.03,
    "remaining_quantity": 0.03
  },
  {
    "event_id": "c6c045263b46c9ddcd0578cbd9e25a0fa131b45cbdcf5d915d187cf257521b28",
    "schema_version": "1.0.0",
    "event_type": "agent_order",
    "source": "synthetic_agent",
    "symbol": "BTCUSDT",
    "exchange": "binance_usdm",
    "timestamp": "2024-05-01T00:00:00.120000Z",
    "sequence": 6,
    "scenario_id": "scenario-107-volatility_feedback",
    "agent_id": "agent-volatility_feedback",
    "order_id": "scenario-107-volatility_feedback-agent-volatility_feedback-6",
    "action": "new",
    "side": "buy",
    "price": 65179.91984,
    "quantity": 0.04,
    "remaining_quantity": 0.04
  },
  {
    "event_id": "3d9ae4f84a5c5bd13afb541141586600aa11151add0531458a9876a3791daf7a",
    "schema_version": "1.0.0",
    "event_type": "agent_order",
    "source": "synthetic_agent",
    "symbol": "BTCUSDT",
    "exchange": "binance_usdm",
    "timestamp": "2024-05-01T00:00:00.140000Z",
    "sequence": 7,
    "scenario_id": "scenario-107-volatility_feedback",
    "agent_id": "agent-volatility_feedback",
    "order_id": "scenario-107-volatility_feedback-agent-volatility_feedback-7",
    "action": "new",
    "side": "sell",
    "price": 65032.77802,
    "quantity": 0.05,
    "remaining_quantity": 0.05
  },
  {
    "event_id": "8d8fd1bfa01a5d5268e6f47792a8aaad48ccd1be1141bbb9ca609aacead0eaa2",
    "schema_version": "1.0.0",
    "event_type": "agent_order",
    "source": "synthetic_agent",
    "symbol": "BTCUSDT",
    "exchange": "binance_usdm",
    "timestamp": "2024-05-01T00:00:00.160000Z",
    "sequence": 8,
    "scenario_id": "scenario-107-volatility_feedback",
    "agent_id": "agent-volatility_feedback",
    "order_id": "scenario-107-volatility_feedback-agent-volatility_feedback-8",
    "action": "new",
    "side": "buy",
    "price": 65182.52412,
    "quantity": 0.02,
    "remaining_quantity": 0.02
  },
  {
    "event_id": "c1dc18500f652de3f8fbd77a02d6911403e75dda7cc7d0bb87cf376291c8f39d",
    "schema_version": "1.0.0",
    "event_type": "agent_order",
    "source": "synthetic_agent",
    "symbol": "BTCUSDT",
    "exchange": "binance_usdm",
    "timestamp": "2024-05-01T00:00:00.180000Z",
    "sequence": 9,
    "scenario_id": "scenario-107-volatility_feedback",
    "agent_id": "agent-volatility_feedback",
    "order_id": "scenario-107-volatility_feedback-agent-volatility_feedback-9",
    "action": "new",
    "side": "sell",
    "price": 65030.173740000006,
    "quantity": 0.03,
    "remaining_quantity": 0.03
  },
  {
    "event_id": "9e5e93b8576b9fef8ff94ab7f67e3bcc805b44d9e19dc69aec7276c3489eb70f",
    "schema_version": "1.0.0",
    "event_type": "agent_order",
    "source": "synthetic_agent",
    "symbol": "BTCUSDT",
    "exchange": "binance_usdm",
    "timestamp": "2024-05-01T00:00:00.200000Z",
    "sequence": 10,
    "scenario_id": "scenario-107-volatility_feedback",
    "agent_id": "agent-volatility_feedback",
    "order_id": "scenario-107-volatility_feedback-agent-volatility_feedback-10",
    "action": "new",
    "side": "buy",
    "price": 65185.12840000001,
    "quantity": 0.04,
    "remaining_quantity": 0.04
  },
  {
    "event_id": "b354f652ff6fb030d9c85a11e689d49b9938e2f16e69989a2114832d30de2600",
    "schema_version": "1.0.0",
    "event_type": "agent_order",
    "source": "synthetic_agent",
    "symbol": "BTCUSDT",
    "exchange": "binance_usdm",
    "timestamp": "2024-05-01T00:00:00.220000Z",
    "sequence": 11,
    "scenario_id": "scenario-107-volatility_feedback",
    "agent_id": "agent-volatility_feedback",
    "order_id": "scenario-107-volatility_feedback-agent-volatility_feedback-11",
    "action": "new",
    "side": "sell",
    "price": 65027.56946,
    "quantity": 0.05,
    "remaining_quantity": 0.05
  },
  {
    "event_id": "c811d07c231ccab93cd775e537d8d78cc0ce33a1b80b1ec880dd0fef50a730e0",
    "schema_version": "1.0.0",
    "event_type": "agent_order",
    "source": "synthetic_agent",
    "symbol": "BTCUSDT",
    "exchange": "binance_usdm",
    "timestamp": "2024-05-01T00:00:00.240000Z",
    "sequence": 12,
    "scenario_id": "scenario-107-volatility_feedback",
    "agent_id": "agent-volatility_feedback",
    "order_id": "scenario-107-volatility_feedback-agent-volatility_feedback-12",
    "action": "new",
    "side": "buy",
    "price": 65187.732679999994,
    "quantity": 0.02,
    "remaining_quantity": 0.02
  },
  {
    "event_id": "060500647644fa094b42c7dfecd9043a6e6876f1a5578e18471d6db3151cc58b",
    "schema_version": "1.0.0",
    "event_type": "agent_order",
    "source": "synthetic_agent",
    "symbol": "BTCUSDT",
    "exchange": "binance_usdm",
    "timestamp": "2024-05-01T00:00:00.260000Z",
    "sequence": 13,
    "scenario_id": "scenario-107-volatility_feedback",
    "agent_id": "agent-volatility_feedback",
    "order_id": "scenario-107-volatility_feedback-agent-volatility_feedback-13",
    "action": "new",
    "side": "sell",
    "price": 65024.96518,
    "quantity": 0.03,
    "remaining_quantity": 0.03
  },
  {
    "event_id": "f39aa1a1ed59a7265df33db1794cf30b2e8fa7aaf0e6ffb99fd1dc91fe7f0ffc",
    "schema_version": "1.0.0",
    "event_type": "agent_order",
    "source": "synthetic_agent",
    "symbol": "BTCUSDT",
    "exchange": "binance_usdm",
    "timestamp": "2024-05-01T00:00:00.280000Z",
    "sequence": 14,
    "scenario_id": "scenario-107-volatility_feedback",
    "agent_id": "agent-volatility_feedback",
    "order_id": "scenario-107-volatility_feedback-agent-volatility_feedback-14",
    "action": "new",
    "side": "buy",
    "price": 65190.33695999999,
    "quantity": 0.04,
    "remaining_quantity": 0.04
  },
  {
    "event_id": "ccc0a85bda25b03f3c61cfc7eeea704c6113cc2dede414b7b078ae4eb94d4264",
    "schema_version": "1.0.0",
    "event_type": "agent_order",
    "source": "synthetic_agent",
    "symbol": "BTCUSDT",
    "exchange": "binance_usdm",
    "timestamp": "2024-05-01T00:00:00.300000Z",
    "sequence": 15,
    "scenario_id": "scenario-107-volatility_feedback",
    "agent_id": "agent-volatility_feedback",
    "order_id": "scenario-107-volatility_feedback-agent-volatility_feedback-15",
    "action": "new",
    "side": "sell",
    "price": 65022.3609,
    "quantity": 0.05,
    "remaining_quantity": 0.05
  },
  {
    "event_id": "2617bc78f1ba7dc6c7ec742389210f1a006874848401797c7869fd141945affd",
    "schema_version": "1.0.0",
    "event_type": "agent_order",
    "source": "synthetic_agent",
    "symbol": "BTCUSDT",
    "exchange": "binance_usdm",
    "timestamp": "2024-05-01T00:00:00.320000Z",
    "sequence": 16,
    "scenario_id": "scenario-107-volatility_feedback",
    "agent_id": "agent-volatility_feedback",
    "order_id": "scenario-107-volatility_feedback-agent-volatility_feedback-16",
    "action": "new",
    "side": "buy",
    "price": 65192.94124,
    "quantity": 0.02,
    "remaining_quantity": 0.02
  },
  {
    "event_id": "58c27f6dcb0749f696f451d8fd555f6ff4fd8c83f3ec90fc925c3645a8483f00",
    "schema_version": "1.0.0",
    "event_type": "agent_order",
    "source": "synthetic_agent",
    "symbol": "BTCUSDT",
    "exchange": "binance_usdm",
    "timestamp": "2024-05-01T00:00:00.340000Z",
    "sequence": 17,
    "scenario_id": "scenario-107-volatility_feedback",
    "agent_id": "agent-volatility_feedback",
    "order_id": "scenario-107-volatility_feedback-agent-volatility_feedback-17",
    "action": "new",
    "side": "sell",
    "price": 65019.75662,
    "quantity": 0.03,
    "remaining_quantity": 0.03
  },
  {
    "event_id": "a7ba5c23886c885db126bc977ee2fe2eed0b8d4b5b31b109a269cde264d4a8f7",
    "schema_version": "1.0.0",
    "event_type": "agent_order",
    "source": "synthetic_agent",
    "symbol": "BTCUSDT",
    "exchange": "binance_usdm",
    "timestamp": "2024-05-01T00:00:00.360000Z",
    "sequence": 18,
    "scenario_id": "scenario-107-volatility_feedback",
    "agent_id": "agent-volatility_feedback",
    "order_id": "scenario-107-volatility_feedback-agent-volatility_feedback-18",
    "action": "new",
    "side": "buy",
    "price": 65195.54552,
    "quantity": 0.04,
    "remaining_quantity": 0.04
  },
  {
    "event_id": "2f84ff91cceff75b45b2a88c6e9f1b9474081d312030eb624419ac4fac540dc2",
    "schema_version": "1.0.0",
    "event_type": "agent_order",
    "source": "synthetic_agent",
    "symbol": "BTCUSDT",
    "exchange": "binance_usdm",
    "timestamp": "2024-05-01T00:00:00.380000Z",
    "sequence": 19,
    "scenario_id": "scenario-107-volatility_feedback",
    "agent_id": "agent-volatility_feedback",
    "order_id": "scenario-107-volatility_feedback-agent-volatility_feedback-19",
    "action": "new",
    "side": "sell",
    "price": 65017.15233999999,
    "quantity": 0.05,
    "remaining_quantity": 0.05
  },
  {
    "event_id": "8e7821a28af16ec124b675e1f38d2e51a508f48884a9b5297a6e4d88346e3b3e",
    "schema_version": "1.0.0",
    "event_type": "agent_order",
    "source": "synthetic_agent",
    "symbol": "BTCUSDT",
    "exchange": "binance_usdm",
    "timestamp": "2024-05-01T00:00:00.400000Z",
    "sequence": 20,
    "scenario_id": "scenario-107-volatility_feedback",
    "agent_id": "agent-volatility_feedback",
    "order_id": "scenario-107-volatility_feedback-agent-volatility_feedback-20",
    "action": "new",
    "side": "buy",
    "price": 65198.14980000001,
    "quantity": 0.02,
    "remaining_quantity": 0.02
  },
  {
    "event_id": "9d52caf7b2a978c979358e1aa1a4b54753b4330bf748f87efd2ebc3e2a2eace4",
    "schema_version": "1.0.0",
    "event_type": "agent_order",
    "source": "synthetic_agent",
    "symbol": "BTCUSDT",
    "exchange": "binance_usdm",
    "timestamp": "2024-05-01T00:00:00.420000Z",
    "sequence": 21,
    "scenario_id": "scenario-107-volatility_feedback",
    "agent_id": "agent-volatility_feedback",
    "order_id": "scenario-107-volatility_feedback-agent-volatility_feedback-21",
    "action": "new",
    "side": "sell",
    "price": 65014.54806,
    "quantity": 0.03,
    "remaining_quantity": 0.03
  },
  {
    "event_id": "327ccafac12c7220f575e74dddd7bd9e9c6095aec8f2347d54e303f1d25a5ae3",
    "schema_version": "1.0.0",
    "event_type": "agent_order",
    "source": "synthetic_agent",
    "symbol": "BTCUSDT",
    "exchange": "binance_usdm",
    "timestamp": "2024-05-01T00:00:00.440000Z",
    "sequence": 22,
    "scenario_id": "scenario-107-volatility_feedback",
    "agent_id": "agent-volatility_feedback",
    "order_id": "scenario-107-volatility_feedback-agent-volatility_feedback-22",
    "action": "new",
    "side": "buy",
    "price": 65200.754080000006,
    "quantity": 0.04,
    "remaining_quantity": 0.04
  },
  {
    "event_id": "3493abfdbfccea208f95b5a6742317d7f3bacc1e99e953c507f9a685df71fae8",
    "schema_version": "1.0.0",
    "event_type": "agent_order",
    "source": "synthetic_agent",
    "symbol": "BTCUSDT",
    "exchange": "binance_usdm",
    "timestamp": "2024-05-01T00:00:00.460000Z",
    "sequence": 23,
    "scenario_id": "scenario-107-volatility_feedback",
    "agent_id": "agent-volatility_feedback",
    "order_id": "scenario-107-volatility_feedback-agent-volatility_feedback-23",
    "action": "new",
    "side": "sell",
    "price": 65011.94378,
    "quantity": 0.05,
    "remaining_quantity": 0.05
  },
  {
    "event_id": "ec100142408095dd59c5c8f5b0df4aafb0c844a94e0b6e09287d0fa5cc6b6a32",
    "schema_version": "1.0.0",
    "event_type": "agent_order",
    "source": "synthetic_agent",
    "symbol": "BTCUSDT",
    "exchange": "binance_usdm",
    "timestamp": "2024-05-01T00:00:00.480000Z",
    "sequence": 24,
    "scenario_id": "scenario-107-volatility_feedback",
    "agent_id": "agent-volatility_feedback",
    "order_id": "scenario-107-volatility_feedback-agent-volatility_feedback-24",
    "action": "new",
    "side": "buy",
    "price": 65203.35836,
    "quantity": 0.02,
    "remaining_quantity": 0.02
  },
  {
    "event_id": "393a94181376b3aee296d51b6c229092c1631c01f542361837ebddaeff9d41df",
    "schema_version": "1.0.0",
    "event_type": "agent_order",
    "source": "synthetic_agent",
    "symbol": "BTCUSDT",
    "exchange": "binance_usdm",
    "timestamp": "2024-05-01T00:00:00.500000Z",
    "sequence": 25,
    "scenario_id": "scenario-107-volatility_feedback",
    "agent_id": "agent-volatility_feedback",
    "order_id": "scenario-107-volatility_feedback-agent-volatility_feedback-25",
    "action": "new",
    "side": "sell",
    "price": 65009.3395,
    "quantity": 0.03,
    "remaining_quantity": 0.03
  },
  {
    "event_id": "5f7e2e29054c06e16cf5b3eafb43bb6d0342d3f98792ee1267f72ed3756c0ad1",
    "schema_version": "1.0.0",
    "event_type": "agent_order",
    "source": "synthetic_agent",
    "symbol": "BTCUSDT",
    "exchange": "binance_usdm",
    "timestamp": "2024-05-01T00:00:00.520000Z",
    "sequence": 26,
    "scenario_id": "scenario-107-volatility_feedback",
    "agent_id": "agent-volatility_feedback",
    "order_id": "scenario-107-volatility_feedback-agent-volatility_feedback-26",
    "action": "new",
    "side": "buy",
    "price": 65205.96264,
    "quantity": 0.04,
    "remaining_quantity": 0.04
  },
  {
    "event_id": "23bde310ddeefb8938b057776b4695be22963718e1d141253659d1434e5cc31b",
    "schema_version": "1.0.0",
    "event_type": "agent_order",
    "source": "synthetic_agent",
    "symbol": "BTCUSDT",
    "exchange": "binance_usdm",
    "timestamp": "2024-05-01T00:00:00.540000Z",
    "sequence": 27,
    "scenario_id": "scenario-107-volatility_feedback",
    "agent_id": "agent-volatility_feedback",
    "order_id": "scenario-107-volatility_feedback-agent-volatility_feedback-27",
    "action": "new",
    "side": "sell",
    "price": 65006.73522,
    "quantity": 0.05,
    "remaining_quantity": 0.05
  },
  {
    "event_id": "3929a364f338bc5a20dd8744df97afc085d0421eeb6c068eecb2d9d750439866",
    "schema_version": "1.0.0",
    "event_type": "agent_order",
    "source": "synthetic_agent",
    "symbol": "BTCUSDT",
    "exchange": "binance_usdm",
    "timestamp": "2024-05-01T00:00:00.560000Z",
    "sequence": 28,
    "scenario_id": "scenario-107-volatility_feedback",
    "agent_id": "agent-volatility_feedback",
    "order_id": "scenario-107-volatility_feedback-agent-volatility_feedback-28",
    "action": "new",
    "side": "buy",
    "price": 65208.56692,
    "quantity": 0.02,
    "remaining_quantity": 0.02
  },
  {
    "event_id": "ad41dc4c24b6d62c23ee2a43523ba87baf1cdbf3337bee0d304c3cfab0b42ef5",
    "schema_version": "1.0.0",
    "event_type": "agent_order",
    "source": "synthetic_agent",
    "symbol": "BTCUSDT",
    "exchange": "binance_usdm",
    "timestamp": "2024-05-01T00:00:00.580000Z",
    "sequence": 29,
    "scenario_id": "scenario-107-volatility_feedback",
    "agent_id": "agent-volatility_feedback",
    "order_id": "scenario-107-volatility_feedback-agent-volatility_feedback-29",
    "action": "new",
    "side": "sell",
    "price": 65004.130939999995,
    "quantity": 0.03,
    "remaining_quantity": 0.03
  }
]