[
  {
    "event_id": "5cd752eb8c03a1e70b47f508dea59407ae5675c13cf7572b30dcf829a0accc15",
    "schema_version": "1.0.0",
    "event_type": "agent_order",
    "source": "synthetic_agent",
    "symbol": "BTCUSDT",
    "exchange": "binance_usdm",
    "timestamp": "2024-05-01T00:00:00Z",
    "sequence": 0,
    "scenario_id": "scenario-201-stop_run_sweep",
    "agent_id": "agent-stop_run_sweep",
    "order_id": "scenario-201-stop_run_sweep-agent-stop_run_sweep-0",
    "action": "new",
    "side": "buy",
    "price": 65266.200999999994,
    "quantity": 0.06,
    "remaining_quantity": 0.06
  },
  {
    "event_id": "1d8496cb50fc64c0107b355c0dae66e7c591faff5bf326f2ee8060f69d01c039",
    "schema_version": "1.0.0",
    "event_type": "agent_order",
    "source": "synthetic_agent",
    "symbol": "BTCUSDT",
    "exchange": "binance_usdm",
    "timestamp": "2024-05-01T00:00:00.030000Z",
    "sequence": 1,
    "scenario_id": "scenario-201-stop_run_sweep",
    "agent_id": "agent-stop_run_sweep",
    "order_id": "scenario-201-stop_run_sweep-agent-stop_run_sweep-1",
    "action": "new",
    "side": "buy",
    "price": 65269.46105,
    "quantity": 0.06,
    "remaining_quantity": 0.06
  },
  {
    "event_id": "f06d3c55c63866b2b915e1f6461bad0a7f0c4475370488252fc3a0132d57601b",
    "schema_version": "1.0.0",
    "event_type": "agent_order",
    "source": "synthetic_agent",
    "symbol": "BTCUSDT",
    "exchange": "binance_usdm",
    "timestamp": "2024-05-01T00:00:00.060000Z",
    "sequence": 2,
    "scenario_id": "scenario-201-stop_run_sweep",
    "agent_id": "agent-stop_run_sweep",
    "order_id": "scenario-201-stop_run_sweep-agent-stop_run_sweep-2",
    "action": "new",
    "side": "buy",
    "price": 65272.721099999995,
    "quantity": 0.06,
    "remaining_quantity": 0.06
  },
  {
    "event_id": "ec60211f04961f7be17dcf8ff633e614ee4fbf3185ca559fdea36cbacadb9d6c",
    "schema_version": "1.0.0",
    "event_type": "agent_order",
    "source": "synthetic_agent",
    "symbol": "BTCUSDT",
    "exchange": "binance_usdm",
    "timestamp": "2024-05-01T00:00:00.090000Z",
    "sequence": 3,
    "scenario_id": "scenario-201-stop_run_sweep",
    "agent_id": "agent-stop_run_sweep",
    "order_id": "scenario-201-stop_run_sweep-agent-stop_run_sweep-3",
    "action": "new",
    "side": "buy",
    "price": 65275.98115,
    "quantity": 0.06,
    "remaining_quantity": 0.06
  },
  {
    "event_id": "a71494f8401d3424f1e8f24b87b9a2c93353cebdf3638dc295396b87e4153758",
    "schema_version": "1.0.0",
    "event_type": "agent_order",
    "source": "synthetic_agent",
    "symbol": "BTCUSDT",
    "exchange": "binance_usdm",
    "timestamp": "2024-05-01T00:00:00.120000Z",
    "sequence": 4,
    "scenario_id": "scenario-201-stop_run_sweep",
    "agent_id": "agent-stop_run_sweep",
    "order_id": "scenario-201-stop_run_sweep-agent-stop_run_sweep-4",
    "action": "new",
    "side": "buy",
    "price": 65279.24119999999,
    "quantity": 0.06,
    "remaining_quantity": 0.06
  },
  {
    "event_id": "a5eacd3f124b3daa3547ec0834ebb603724a1deb6694415f6c29fbd47aeceeb0",
    "schema_version": "1.0.0",
    "event_type": "agent_order",
    "source": "synthetic_agent",
    "symbol": "BTCUSDT",
    "exchange": "binance_usdm",
    "timestamp": "2024-05-01T00:00:00.150000Z",
    "sequence": 5,
    "scenario_id": "scenario-201-stop_run_sweep",
    "agent_id": "agent-stop_run_sweep",
    "order_id": "scenario-201-stop_run_sweep-agent-stop_run_sweep-5",
    "action": "new",
    "side": "buy",
    "price": 65282.50125,
    "quantity": 0.06,
    "remaining_quantity": 0.06
  },
  {
    "event_id": "90bf5e88b2a9f17b6d968dbfd4a5400da158d97d48d49809724c31e8202fcc73",
    "schema_version": "1.0.0",
    "event_type": "agent_order",
    "source": "synthetic_agent",
    "symbol": "BTCUSDT",
    "exchange": "binance_usdm",
    "timestamp": "2024-05-01T00:00:00.180000Z",
    "sequence": 6,
    "scenario_id": "scenario-201-stop_run_sweep",
    "agent_id": "agent-stop_run_sweep",
    "order_id": "scenario-201-stop_run_sweep-agent-stop_run_sweep-6",
    "action": "new",
    "side": "buy",
    "price": 65285.76129999999,
    "quantity": 0.06,
    "remaining_quantity": 0.06
  },
  {
    "event_id": "18c3a3069db7f89fccaf74e3e989506e2302a242faab765045b678134a3abc9a",
    "schema_version": "1.0.0",
    "event_type": "agent_order",
    "source": "synthetic_agent",
    "symbol": "BTCUSDT",
    "exchange": "binance_usdm",
    "timestamp": "2024-05-01T00:00:00.210000Z",
    "sequence": 7,
    "scenario_id": "scenario-201-stop_run_sweep",
    "agent_id": "agent-stop_run_sweep",
    "order_id": "scenario-201-stop_run_sweep-agent-stop_run_sweep-7",
    "action": "new",
    "side": "buy",
    "price": 65289.021349999995,
    "quantity": 0.06,
    "remaining_quantity": 0.06
  },
  {
    "event_id": "7ccf2cc0eae4983041fa535fb344dce8ee0fa2daf74ea206cdf74ef4af131c0d",
    "schema_version": "1.0.0",
    "event_type": "agent_order",
    "source": "synthetic_agent",
    "symbol": "BTCUSDT",
    "exchange": "binance_usdm",
    "timestamp": "2024-05-01T00:00:00.240000Z",
    "sequence": 8,
    "scenario_id": "scenario-201-stop_run_sweep",
    "agent_id": "agent-stop_run_sweep",
    "order_id": "scenario-201-stop_run_sweep-agent-stop_run_sweep-8",
    "action": "new",
    "side": "buy",
    "price": 65292.28139999999,
    "quantity": 0.06,
    "remaining_quantity": 0.06
  },
  {
    "event_id": "6b60a2b1b4a5a81c188e59f22fa1d8fbc14ab24cbbb5bf2763e3ef7a5966666d",
    "schema_version": "1.0.0",
    "event_type": "agent_order",
    "source": "synthetic_agent",
    "symbol": "BTCUSDT",
    "exchange": "binance_usdm",
    "timestamp": "2024-05-01T00:00:00.270000Z",
    "sequence": 9,
    "scenario_id": "scenario-201-stop_run_sweep",
    "agent_id": "agent-stop_run_sweep",
    "order_id": "scenario-201-stop_run_sweep-agent-stop_run_sweep-9",
    "action": "new",
    "side": "buy",
    "price": 65295.54145,
    "quantity": 0.06,
    "remaining_quantity": 0.06
  },
  {
    "event_id": "2028a3abdaefab66b07f76d1b850191ae3e1835ef4bcf9b4c620d5331f823f61",
    "schema_version": "1.0.0",
    "event_type": "agent_order",
    "source": "synthetic_agent",
    "symbol": "BTCUSDT",
    "exchange": "binance_usdm",
    "timestamp": "2024-05-01T00:00:00.300000Z",
    "sequence": 10,
    "scenario_id": "scenario-201-stop_run_sweep",
    "agent_id": "agent-stop_run_sweep",
    "order_id": "scenario-201-stop_run_sweep-agent-stop_run_sweep-10",
    "action": "new",
    "side": "buy",
    "price": 65298.80149999999,
    "quantity": 0.06,
    "remaining_quantity": 0.06
  },
  {
    "event_id": "a34b31867944c0d3e78c70b836fc361c620e37262291cafe9103402d465ea814",
    "schema_version": "1.0.0",
    "event_type": "agent_order",
    "source": "synthetic_agent",
    "symbol": "BTCUSDT",
    "exchange": "binance_usdm",
    "timestamp": "2024-05-01T00:00:00.330000Z",
    "sequence": 11,
    "scenario_id": "scenario-201-stop_run_sweep",
    "agent_id": "agent-stop_run_sweep",
    "order_id": "scenario-201-stop_run_sweep-agent-stop_run_sweep-11",
    "action": "new",
    "side": "buy",
    "price": 65302.06155,
    "quantity": 0.06,
    "remaining_quantity": 0.06
  },
  {
    "event_id": "9b109198d175d3b3b0eb6ff79e08e49a3dfb31889f0e3a4139ef3d7a32c56855",
    "schema_version": "1.0.0",
    "event_type": "agent_order",
    "source": "synthetic_agent",
    "symbol": "BTCUSDT",
    "exchange": "binance_usdm",
    "timestamp": "2024-05-01T00:00:00.360000Z",
    "sequence": 12,
    "scenario_id": "scenario-201-stop_run_sweep",
    "agent_id": "agent-stop_run_sweep",
    "order_id": "scenario-201-stop_run_sweep-agent-stop_run_sweep-12",
    "action": "new",
    "side": "buy",
    "price": 65305.32159999999,
    "quantity": 0.06,
    "remaining_quantity": 0.06
  },
  {
    "event_id": "c346d881ebe0c95435963f74a87dab6003b00a7e902ff22c138ce64de1f64dbc",
    "schema_version": "1.0.0",
    "event_type": "agent_order",
    "source": "synthetic_agent",
    "symbol": "BTCUSDT",
    "exchange": "binance_usdm",
    "timestamp": "2024-05-01T00:00:00.390000Z",
    "sequence": 13,
    "scenario_id": "scenario-201-stop_run_sweep",
    "agent_id": "agent-stop_run_sweep",
    "order_id": "scenario-201-stop_run_sweep-agent-stop_run_sweep-13",
    "action": "new",
    "side": "buy",
    "price": 65308.58164999999,
    "quantity": 0.06,
    "remaining_quantity": 0.06
  },
  {
    "event_id": "8f3817cb5a8c9130cbe19e2fd355120036d85e17b1984aa62a4055e58d75c34f",
    "schema_version": "1.0.0",
    "event_type": "agent_order",
    "source": "synthetic_agent",
    "symbol": "BTCUSDT",
    "exchange": "binance_usdm",
    "timestamp": "2024-05-01T00:00:00.420000Z",
    "sequence": 14,
    "scenario_id": "scenario-201-stop_run_sweep",
    "agent_id": "agent-stop_run_sweep",
    "order_id": "scenario-201-stop_run_sweep-agent-stop_run_sweep-14",
    "action": "new",
    "side": "buy",
    "price": 65311.84169999999,
    "quantity": 0.06,
    "remaining_quantity": 0.06
  },
  {
    "event_id": "75c95aba16d05b3beb1ff23bad90fb39f766fea808443e01f766f67f264c744b",
    "schema_version": "1.0.0",
    "event_type": "agent_order",
    "source": "synthetic_agent",
    "symbol": "BTCUSDT",
    "exchange": "binance_usdm",
    "timestamp": "2024-05-01T00:00:00.450000Z",
    "sequence": 15,
    "scenario_id": "scenario-201-stop_run_sweep",
    "agent_id": "agent-stop_run_sweep",
    "order_id": "scenario-201-stop_run_sweep-agent-stop_run_sweep-15",
    "action": "new",
    "side": "buy",
    "price": 65315.101749999994,
    "quantity": 0.06,
    "remaining_quantity": 0.06
  },
  {
    "event_id": "a74a4aa8f676f6872c2977fa00acb957e98643691d573c58cab7722a95b8eeb2",
    "schema_version": "1.0.0",
    "event_type": "agent_order",
    "source": "synthetic_agent",
    "symbol": "BTCUSDT",
    "exchange": "binance_usdm",
    "timestamp": "2024-05-01T00:00:00.480000Z",
    "sequence": 16,
    "scenario_id": "scenario-201-stop_run_sweep",
    "agent_id": "agent-stop_run_sweep",
    "order_id": "scenario-201-stop_run_sweep-agent-stop_run_sweep-16",
    "action": "new",
    "side": "buy",
    "price": 65318.361799999984,
    "quantity": 0.06,
    "remaining_quantity": 0.06
  },
  {
    "event_id": "62cf4136a04ee304aaf237a8f90523b8456fa519300b2f695ce5c5d068a6a8de",
    "schema_version": "1.0.0",
    "event_type": "agent_order",
    "source": "synthetic_agent",
    "symbol": "BTCUSDT",
    "exchange": "binance_usdm",
    "timestamp": "2024-05-01T00:00:00.510000Z",
    "sequence": 17,
    "scenario_id": "scenario-201-stop_run_sweep",
    "agent_id": "agent-stop_run_sweep",
    "order_id": "scenario-201-stop_run_sweep-agent-stop_run_sweep-17",
    "action": "new",
    "side": "buy",
    "price": 65321.621849999996,
    "quantity": 0.06,
    "remaining_quantity": 0.06
  },
  {
    "event_id": "5a3d6cf6bf820ec3d458232af0818eaab5c0c1770e01ae107af7cf48f0ea598c",
    "schema_version": "1.0.0",
    "event_type": "agent_order",
    "source": "synthetic_agent",
    "symbol": "BTCUSDT",
    "exchange": "binance_usdm",
    "timestamp": "2024-05-01T00:00:00.540000Z",
    "sequence": 18,
    "scenario_id": "scenario-201-stop_run_sweep",
    "agent_id": "agent-stop_run_sweep",
    "order_id": "scenario-201-stop_run_sweep-agent-stop_run_sweep-18",
    "action": "new",
    "side": "buy",
    "price": 65324.881899999986,
    "quantity": 0.06,
    "remaining_quantity": 0.06
  },
  {
    "event_id": "4fde4517e6e0afbc650b54b2d7c6601bb90139115f3c348a255d42475636a3f5",
    "schema_version": "1.0.0",
    "event_type": "agent_order",
    "source": "synthetic_agent",
    "symbol": "BTCUSDT",
    "exchange": "binance_usdm",
    "timestamp": "2024-05-01T00:00:00.570000Z",
    "sequence": 19,
    "scenario_id": "scenario-201-stop_run_sweep",
    "agent_id": "agent-stop_run_sweep",
    "order_id": "scenario-201-stop_run_sweep-agent-stop_run_sweep-19",
    "action": "new",
    "side": "buy",
    "price": 65328.14194999999,
    "quantity": 0.06,
    "remaining_quantity": 0.06
  },
  {
    "event_id": "f00ddb01380776aa37c4308c13c5ab9faf63317af17a9043353387dd78ba75c3",
    "schema_version": "1.0.0",
    "event_type": "agent_order",
    "source": "synthetic_agent",
    "symbol": "BTCUSDT",
    "exchange": "binance_usdm",
    "timestamp": "2024-05-01T00:00:00.600000Z",
    "sequence": 20,
    "scenario_id": "scenario-201-stop_run_sweep",
    "agent_id": "agent-stop_run_sweep",
    "order_id": "scenario-201-stop_run_sweep-agent-stop_run_sweep-20",
    "action": "new",
    "side": "buy",
    "price": 65331.40199999999,
    "quantity": 0.06,
    "remaining_quantity": 0.06
  },
  {
    "event_id": "f2dabe5577c2e53318d4f503e72f4d2d799c185d5b0430dc9b650f7944f4d996",
    "schema_version": "1.0.0",
    "event_type": "agent_order",
    "source": "synthetic_agent",
    "symbol": "BTCUSDT",
    "exchange": "binance_usdm",
    "timestamp": "2024-05-01T00:00:00.630000Z",
    "sequence": 21,
    "scenario_id": "scenario-201-stop_run_sweep",
    "agent_id": "agent-stop_run_sweep",
    "order_id": "scenario-201-stop_run_sweep-agent-stop_run_sweep-21",
    "action": "new",
    "side": "buy",
    "price": 65334.66204999999,
    "quantity": 0.06,
    "remaining_quantity": 0.06
  },
  {
    "event_id": "ddd182eaa9d1264dec51ef784136e879518d22841dfbdfb4222b492fa684ae26",
    "schema_version": "1.0.0",
    "event_type": "agent_order",
    "source": "synthetic_agent",
    "symbol": "BTCUSDT",
    "exchange": "binance_usdm",
    "timestamp": "2024-05-01T00:00:00.660000Z",
    "sequence": 22,
    "scenario_id": "scenario-201-stop_run_sweep",
    "agent_id": "agent-stop_run_sweep",
    "order_id": "scenario-201-stop_run_sweep-agent-stop_run_sweep-22",
    "action": "new",
    "side": "buy",
    "price": 65337.922099999996,
    "quantity": 0.06,
    "remaining_quantity": 0.06
  },
  {
    "event_id": "a19181117cb086849302d2300843624b925c46facbccc26049f9e53c741e8b78",
    "schema_version": "1.0.0",
    "event_type": "agent_order",
    "source": "synthetic_agent",
    "symbol": "BTCUSDT",
    "exchange": "binance_usdm",
    "timestamp": "2024-05-01T00:00:00.690000Z",
    "sequence": 23,
    "scenario_id": "scenario-201-stop_run_sweep",
    "agent_id": "agent-stop_run_sweep",
    "order_id": "scenario-201-stop_run_sweep-agent-stop_run_sweep-23",
    "action": "new",
    "side": "buy",
    "price": 65341.18214999999,
    "quantity": 0.06,
    "remaining_quantity": 0.06
  },
  {
    "event_id": "6f49c8f1fba439086c958119d0a1136afcf86e6c73b110bf02a3da308519b227",
    "schema_version": "1.0.0",
    "event_type": "agent_order",
    "source": "synthetic_agent",
    "symbol": "BTCUSDT",
    "exchange": "binance_usdm",
    "timestamp": "2024-05-01T00:00:00.720000Z",
    "sequence": 24,
    "scenario_id": "scenario-201-stop_run_sweep",
    "agent_id": "agent-stop_run_sweep",
    "order_id": "scenario-201-stop_run_sweep-agent-stop_run_sweep-24",
    "action": "new",
    "side": "buy",
    "price": 65344.4422,
    "quantity": 0.06,
    "remaining_quantity": 0.06
  },
  {
    "event_id": "8e7139a5da3bee3999590c400ca9292b895bc881ed6d79276f9b7fdcb25a5ee0",
    "schema_version": "1.0.0",
    "event_type": "agent_order",
    "source": "synthetic_agent",
    "symbol": "BTCUSDT",
    "exchange": "binance_usdm",
    "timestamp": "2024-05-01T00:00:00.750000Z",
    "sequence": 25,
    "scenario_id": "scenario-201-stop_run_sweep",
    "agent_id": "agent-stop_run_sweep",
    "order_id": "scenario-201-stop_run_sweep-agent-stop_run_sweep-25",
    "action": "new",
    "side": "buy",
    "price": 65347.70224999999,
    "quantity": 0.06,
    "remaining_quantity": 0.06
  },
  {
    "event_id": "6876dd44e20bf8f40b7865978b7ffa3a1cabd8f29315fe90b434467660a84a79",
    "schema_version": "1.0.0",
    "event_type": "agent_order",
    "source": "synthetic_agent",
    "symbol": "BTCUSDT",
    "exchange": "binance_usdm",
    "timestamp": "2024-05-01T00:00:00.780000Z",
    "sequence": 26,
    "scenario_id": "scenario-201-stop_run_sweep",
    "agent_id": "agent-stop_run_sweep",
    "order_id": "scenario-201-stop_run_sweep-agent-stop_run_sweep-26",
    "action": "new",
    "side": "buy",
    "price": 65350.9623,
    "quantity": 0.06,
    "remaining_quantity": 0.06
  },
  {
    "event_id": "76c051f4d95a2fd17c6efd267d7b23e84e157e0e9978d18a60fa781b4bf205fe",
    "schema_version": "1.0.0",
    "event_type": "agent_order",
    "source": "synthetic_agent",
    "symbol": "BTCUSDT",
    "exchange": "binance_usdm",
    "timestamp": "2024-05-01T00:00:00.810000Z",
    "sequence": 27,
    "scenario_id": "scenario-201-stop_run_sweep",
    "agent_id": "agent-stop_run_sweep",
    "order_id": "scenario-201-stop_run_sweep-agent-stop_run_sweep-27",
    "action": "new",
    "side": "buy",
    "price": 65354.22234999999,
    "quantity": 0.06,
    "remaining_quantity": 0.06
  },
  {
    "event_id": "d6b6368d5c1af7298f0e174de0a750379173368d8cfb46b170428387ba419c3c",
    "schema_version": "1.0.0",
    "event_type": "agent_order",
    "source": "synthetic_agent",
    "symbol": "BTCUSDT",
    "exchange": "binance_usdm",
    "timestamp": "2024-05-01T00:00:00.840000Z",
    "sequence": 28,
    "scenario_id": "scenario-201-stop_run_sweep",
    "agent_id": "agent-stop_run_sweep",
    "order_id": "scenario-201-stop_run_sweep-agent-stop_run_sweep-28",
    "action": "new",
    "side": "buy",
    "price": 65357.4824,
    "quantity": 0.06,
    "remaining_quantity": 0.06
  },
  {
    "event_id": "60241a4c54a47fd1cd118e8e45761d35481bd6efe7d178bd70254f0d8c32c6b4",
    "schema_version": "1.0.0",
    "event_type": "agent_order",
    "source": "synthetic_agent",
    "symbol": "BTCUSDT",
    "exchange": "binance_usdm",
    "timestamp": "2024-05-01T00:00:00.870000Z",
    "sequence": 29,
    "scenario_id": "scenario-201-stop_run_sweep",
    "agent_id": "agent-stop_run_sweep",
    "order_id": "scenario-201-stop_run_sweep-agent-stop_run_sweep-29",
    "action": "new",
    "side": "buy",
    "price": 65360.74244999999,
    "quantity": 0.06,
    "remaining_quantity": 0.06
  }
]