[
  {
    "event_id": "0363ad674f528a266070df7abe9b5209063bda5098a87202635b2f5c8924930c",
    "schema_version": "1.0.0",
    "event_type": "agent_order",
    "source": "synthetic_agent",
    "symbol": "BTCUSDT",
    "exchange": "binance_usdm",
    "timestamp": "2024-05-01T00:00:00Z",
    "sequence": 0,
    "scenario_id": "scenario-152-latency_edge",
    "agent_id": "agent-latency_edge",
    "order_id": "scenario-152-latency_edge-agent-latency_edge-0",
    "action": "new",
    "side": "buy",
    "price": 65191.091199999995,
    "quantity": 0.006,
    "remaining_quantity": 0.006
  },
  {
    "event_id": "25f37e29242aedb446afc9daa680a0321603955d986ab7a89ada2c0ed115396a",
    "schema_version": "1.0.0",
    "event_type": "agent_order",
    "source": "synthetic_agent",
    "symbol": "BTCUSDT",
    "exchange": "binance_usdm",
    "timestamp": "2024-05-01T00:00:00.008000Z",
    "sequence": 1,
    "scenario_id": "scenario-152-latency_edge",
    "agent_id": "agent-latency_edge",
    "order_id": "scenario-152-latency_edge-agent-latency_edge-1",
    "action": "new",
    "side": "buy",
    "price": 65191.091199999995,
    "quantity": 0.006,
    "remaining_quantity": 0.006
  },
  {
    "event_id": "938ad2e3afe4f1632e95d68c7ca5e50b9f3cdcedc7d588c6a2cec58dbbd478db",
    "schema_version": "1.0.0",
    "event_type": "agent_order",
    "source": "synthetic_agent",
    "symbol": "BTCUSDT",
    "exchange": "binance_usdm",
    "timestamp": "2024-05-01T00:00:00.016000Z",
    "sequence": 2,
    "scenario_id": "scenario-152-latency_edge",
    "agent_id": "agent-latency_edge",
    "order_id": "scenario-152-latency_edge-agent-latency_edge-2",
    "action": "new",
    "side": "sell",
    "price": 65112.9088,
    "quantity": 0.006,
    "remaining_quantity": 0.006
  },
  {
    "event_id": "16977ea0f6fa250cfcb3f37bad0091f333430f43951551f2250dfc3e6afcc77c",
    "schema_version": "1.0.0",
    "event_type": "agent_order",
    "source": "synthetic_agent",
    "symbol": "BTCUSDT",
    "exchange": "binance_usdm",
    "timestamp": "2024-05-01T00:00:00.024000Z",
    "sequence": 3,
    "scenario_id": "scenario-152-latency_edge",
    "agent_id": "agent-latency_edge",
    "order_id": "scenario-152-latency_edge-agent-latency_edge-3",
    "action": "new",
    "side": "sell",
    "price": 65112.9088,
    "quantity": 0.006,
    "remaining_quantity": 0.006
  },
  {
    "event_id": "106a9d395932029becb57b1390184672cba5f92fe40d7bf9cd990fd9b8518151",
    "schema_version": "1.0.0",
    "event_type": "agent_order",
    "source": "synthetic_agent",
    "symbol": "BTCUSDT",
    "exchange": "binance_usdm",
    "timestamp": "2024-05-01T00:00:00.032000Z",
    "sequence": 4,
    "scenario_id": "scenario-152-latency_edge",
    "agent_id": "agent-latency_edge",
    "order_id": "scenario-152-latency_edge-agent-latency_edge-4",
    "action": "new",
    "side": "buy",
    "price": 65191.091199999995,
    "quantity": 0.006,
    "remaining_quantity": 0.006
  },
  {
    "event_id": "9ee041a300948f8fdb04b84a01db37bd4fc41a68fffe9478f289c896ffaccbb7",
    "schema_version": "1.0.0",
    "event_type": "agent_order",
    "source": "synthetic_agent",
    "symbol": "BTCUSDT",
    "exchange": "binance_usdm",
    "timestamp": "2024-05-01T00:00:00.040000Z",
    "sequence": 5,
    "scenario_id": "scenario-152-latency_edge",
    "agent_id": "agent-latency_edge",
    "order_id": "scenario-152-latency_edge-agent-latency_edge-5",
    "action": "new",
    "side": "buy",
    "price": 65191.091199999995,
    "quantity": 0.006,
    "remaining_quantity": 0.006
  },
  {
    "event_id": "f68e74467aeedd13b79a73fc201c2d8ed5ab51f0f081a928c2fbbb7ad75fb98f",
    "schema_version": "1.0.0",
    "event_type": "agent_order",
    "source": "synthetic_agent",
    "symbol": "BTCUSDT",
    "exchange": "binance_usdm",
    "timestamp": "2024-05-01T00:00:00.048000Z",
    "sequence": 6,
    "scenario_id": "scenario-152-latency_edge",
    "agent_id": "agent-latency_edge",
    "order_id": "scenario-152-latency_edge-agent-latency_edge-6",
    "action": "new",
    "side": "sell",
    "price": 65112.9088,
    "quantity": 0.006,
    "remaining_quantity": 0.006
  },
  {
    "event_id": "55e952d28d40d4da9c978a7a4ab7dd58aa1ad45a146efae3eae1d411afae2d9f",
    "schema_version": "1.0.0",
    "event_type": "agent_order",
    "source": "synthetic_agent",
    "symbol": "BTCUSDT",
    "exchange": "binance_usdm",
    "timestamp": "2024-05-01T00:00:00.056000Z",
    "sequence": 7,
    "scenario_id": "scenario-152-latency_edge",
    "agent_id": "agent-latency_edge",
    "order_id": "scenario-152-latency_edge-agent-latency_edge-7",
    "action": "new",
    "side": "sell",
    "price": 65112.9088,
    "quantity": 0.006,
    "remaining_quantity": 0.006
  },
  {
    "event_id": "08e8cc7ace2141683b0615244ba5c3685b27e304856a87f5ddbe56ba91d80bb2",
    "schema_version": "1.0.0",
    "event_type": "agent_order",
    "source": "synthetic_agent",
    "symbol": "BTCUSDT",
    "exchange": "binance_usdm",
    "timestamp": "2024-05-01T00:00:00.064000Z",
    "sequence": 8,
    "scenario_id": "scenario-152-latency_edge",
    "agent_id": "agent-latency_edge",
    "order_id": "scenario-152-latency_edge-agent-latency_edge-8",
    "action": "new",
    "side": "buy",
    "price": 65191.091199999995,
    "quantity": 0.006,
    "remaining_quantity": 0.006
  },
  {
    "event_id": "5cc345b979d5693c7ca68587d3ce86335cc636ae5faf4e0ff28738a78587145f",
    "schema_version": "1.0.0",
    "event_type": "agent_order",
    "source": "synthetic_agent",
    "symbol": "BTCUSDT",
    "exchange": "binance_usdm",
    "timestamp": "2024-05-01T00:00:00.072000Z",
    "sequence": 9,
    "scenario_id": "scenario-152-latency_edge",
    "agent_id": "agent-latency_edge",
    "order_id": "scenario-152-latency_edge-agent-latency_edge-9",
    "action": "new",
    "side": "buy",
    "price": 65191.091199999995,
    "quantity": 0.006,
    "remaining_quantity": 0.006
  },
  {
    "event_id": "3dec69d5960884cbe222c80a0bd954c22a548fcb87b32f7c871af7856d367277",
    "schema_version": "1.0.0",
    "event_type": "agent_order",
    "source": "synthetic_agent",
    "symbol": "BTCUSDT",
    "exchange": "binance_usdm",
    "timestamp": "2024-05-01T00:00:00.080000Z",
    "sequence": 10,
    "scenario_id": "scenario-152-latency_edge",
    "agent_id": "agent-latency_edge",
    "order_id": "scenario-152-latency_edge-agent-latency_edge-10",
    "action": "new",
    "side": "sell",
    "price": 65112.9088,
    "quantity": 0.006,
    "remaining_quantity": 0.006
  },
  {
    "event_id": "e0d87612410dcc59a425be3a6d791c36594f00ec69568dc18729f82d0264b525",
    "schema_version": "1.0.0",
    "event_type": "agent_order",
    "source": "synthetic_agent",
    "symbol": "BTCUSDT",
    "exchange": "binance_usdm",
    "timestamp": "2024-05-01T00:00:00.088000Z",
    "sequence": 11,
    "scenario_id": "scenario-152-latency_edge",
    "agent_id": "agent-latency_edge",
    "order_id": "scenario-152-latency_edge-agent-latency_edge-11",
    "action": "new",
    "side": "sell",
    "price": 65112.9088,
    "quantity": 0.006,
    "remaining_quantity": 0.006
  },
  {
    "event_id": "859f28d9ec4de11680185f9b57554a673a35c781782a0f4d33d3080772f330c6",
    "schema_version": "1.0.0",
    "event_type": "agent_order",
    "source": "synthetic_agent",
    "symbol": "BTCUSDT",
    "exchange": "binance_usdm",
    "timestamp": "2024-05-01T00:00:00.096000Z",
    "sequence": 12,
    "scenario_id": "scenario-152-latency_edge",
    "agent_id": "agent-latency_edge",
    "order_id": "scenario-152-latency_edge-agent-latency_edge-12",
    "action": "new",
    "side": "buy",
    "price": 65191.091199999995,
    "quantity": 0.006,
    "remaining_quantity": 0.006
  },
  {
    "event_id": "5c88dbae8a2a34bab79932e17f0f9f26580826191f771359eb250bf10d52e7a3",
    "schema_version": "1.0.0",
    "event_type": "agent_order",
    "source": "synthetic_agent",
    "symbol": "BTCUSDT",
    "exchange": "binance_usdm",
    "timestamp": "2024-05-01T00:00:00.104000Z",
    "sequence": 13,
    "scenario_id": "scenario-152-latency_edge",
    "agent_id": "agent-latency_edge",
    "order_id": "scenario-152-latency_edge-agent-latency_edge-13",
    "action": "new",
    "side": "buy",
    "price": 65191.091199999995,
    "quantity": 0.006,
    "remaining_quantity": 0.006
  },
  {
    "event_id": "7dca13818e12a6754f6bbb71f35c2cb4f4f3902b63b350e74ec636c1e6a93945",
    "schema_version": "1.0.0",
    "event_type": "agent_order",
    "source": "synthetic_agent",
    "symbol": "BTCUSDT",
    "exchange": "binance_usdm",
    "timestamp": "2024-05-01T00:00:00.112000Z",
    "sequence": 14,
    "scenario_id": "scenario-152-latency_edge",
    "agent_id": "agent-latency_edge",
    "order_id": "scenario-152-latency_edge-agent-latency_edge-14",
    "action": "new",
    "side": "sell",
    "price": 65112.9088,
    "quantity": 0.006,
    "remaining_quantity": 0.006
  },
  {
    "event_id": "0341c3b7535e35483b77248bf6aaa3555031afdfb9573b233549f806356657a4",
    "schema_version": "1.0.0",
    "event_type": "agent_order",
    "source": "synthetic_agent",
    "symbol": "BTCUSDT",
    "exchange": "binance_usdm",
    "timestamp": "2024-05-01T00:00:00.120000Z",
    "sequence": 15,
    "scenario_id": "scenario-152-latency_edge",
    "agent_id": "agent-latency_edge",
    "order_id": "scenario-152-latency_edge-agent-latency_edge-15",
    "action": "new",
    "side": "sell",
    "price": 65112.9088,
    "quantity": 0.006,
    "remaining_quantity": 0.006
  },
  {
    "event_id": "b498bb535e3b04e48522459ed115cf0f2c5f77f9c3600d0845ed5ea35b2c8e7f",
    "schema_version": "1.0.0",
    "event_type": "agent_order",
    "source": "synthetic_agent",
    "symbol": "BTCUSDT",
    "exchange": "binance_usdm",
    "timestamp": "2024-05-01T00:00:00.128000Z",
    "sequence": 16,
    "scenario_id": "scenario-152-latency_edge",
    "agent_id": "agent-latency_edge",
    "order_id": "scenario-152-latency_edge-agent-latency_edge-16",
    "action": "new",
    "side": "buy",
    "price": 65191.091199999995,
    "quantity": 0.006,
    "remaining_quantity": 0.006
  },
  {
    "event_id": "2ffe8310eb445e5911f0816b219bd58efbbcd9e73416830e3891813387eb8132",
    "schema_version": "1.0.0",
    "event_type": "agent_order",
    "source": "synthetic_agent",
    "symbol": "BTCUSDT",
    "exchange": "binance_usdm",
    "timestamp": "2024-05-01T00:00:00.136000Z",
    "sequence": 17,
    "scenario_id": "scenario-152-latency_edge",
    "agent_id": "agent-latency_edge",
    "order_id": "scenario-152-latency_edge-agent-latency_edge-17",
    "action": "new",
    "side": "buy",
    "price": 65191.091199999995,
    "quantity": 0.006,
    "remaining_quantity": 0.006
  },
  {
    "event_id": "6fe4f6c403466651550b7cfe18bf47e2e3b87c8eeef79e2517b766599402adc7",
    "schema_version": "1.0.0",
    "event_type": "agent_order",
    "source": "synthetic_agent",
    "symbol": "BTCUSDT",
    "exchange": "binance_usdm",
    "timestamp": "2024-05-01T00:00:00.144000Z",
    "sequence": 18,
    "scenario_id": "scenario-152-latency_edge",
    "agent_id": "agent-latency_edge",
    "order_id": "scenario-152-latency_edge-agent-latency_edge-18",
    "action": "new",
    "side": "sell",
    "price": 65112.9088,
    "quantity": 0.006,
    "remaining_quantity": 0.006
  },
  {
    "event_id": "e1853d3cb0b6535783bb66bf87269d27790eb8625ee8037a1df57fdb2dcce461",
    "schema_version": "1.0.0",
    "event_type": "agent_order",
    "source": "synthetic_agent",
    "symbol": "BTCUSDT",
    "exchange": "binance_usdm",
    "timestamp": "2024-05-01T00:00:00.152000Z",
    "sequence": 19,
    "scenario_id": "scenario-152-latency_edge",
    "agent_id": "agent-latency_edge",
    "order_id": "scenario-152-latency_edge-agent-latency_edge-19",
    "action": "new",
    "side": "sell",
    "price": 65112.9088,
    "quantity": 0.006,
    "remaining_quantity": 0.006
  },
  {
    "event_id": "d9f56fb8fc25c2dafcbcae9e25213de9d3ce3dad3081a75a558e68a1fa7caf05",
    "schema_version": "1.0.0",
    "event_type": "agent_order",
    "source": "synthetic_agent",
    "symbol": "BTCUSDT",
    "exchange": "binance_usdm",
    "timestamp": "2024-05-01T00:00:00.160000Z",
    "sequence": 20,
    "scenario_id": "scenario-152-latency_edge",
    "agent_id": "agent-latency_edge",
    "order_id": "scenario-152-latency_edge-agent-latency_edge-20",
    "action": "new",
    "side": "buy",
    "price": 65191.091199999995,
    "quantity": 0.006,
    "remaining_quantity": 0.006
  },
  {
    "event_id": "6cfc3e2e7406e743861a02a28264bed91411c1d43e1090bcb16d7f6a771f1502",
    "schema_version": "1.0.0",
    "event_type": "agent_order",
    "source": "synthetic_agent",
    "symbol": "BTCUSDT",
    "exchange": "binance_usdm",
    "timestamp": "2024-05-01T00:00:00.168000Z",
    "sequence": 21,
    "scenario_id": "scenario-152-latency_edge",
    "agent_id": "agent-latency_edge",
    "order_id": "scenario-152-latency_edge-agent-latency_edge-21",
    "action": "new",
    "side": "buy",
    "price": 65191.091199999995,
    "quantity": 0.006,
    "remaining_quantity": 0.006
  },
  {
    "event_id": "2f177f2ca4e2584830411ed24eaab6b417ecaf4e7dbeac86c84f7bc573491974",
    "schema_version": "1.0.0",
    "event_type": "agent_order",
    "source": "synthetic_agent",
    "symbol": "BTCUSDT",
    "exchange": "binance_usdm",
    "timestamp": "2024-05-01T00:00:00.176000Z",
    "sequence": 22,
    "scenario_id": "scenario-152-latency_edge",
    "agent_id": "agent-latency_edge",
    "order_id": "scenario-152-latency_edge-agent-latency_edge-22",
    "action": "new",
    "side": "sell",
    "price": 65112.9088,
    "quantity": 0.006,
    "remaining_quantity": 0.006
  },
  {
    "event_id": "0f85ac801373550e61728c7a123ad4f126451bc63f52cc57e9baa16de7287754",
    "schema_version": "1.0.0",
    "event_type": "agent_order",
    "source": "synthetic_agent",
    "symbol": "BTCUSDT",
    "exchange": "binance_usdm",
    "timestamp": "2024-05-01T00:00:00.184000Z",
    "sequence": 23,
    "scenario_id": "scenario-152-latency_edge",
    "agent_id": "agent-latency_edge",
    "order_id": "scenario-152-latency_edge-agent-latency_edge-23",
    "action": "new",
    "side": "sell",
    "price": 65112.9088,
    "quantity": 0.006,
    "remaining_quantity": 0.006
  },
  {
    "event_id": "a330aa475ba560db294348c5a4f21f8f61922d7a0e85212d6c8ccb69d93f83ef",
    "schema_version": "1.0.0",
    "event_type": "agent_order",
    "source": "synthetic_agent",
    "symbol": "BTCUSDT",
    "exchange": "binance_usdm",
    "timestamp": "2024-05-01T00:00:00.192000Z",
    "sequence": 24,
    "scenario_id": "scenario-152-latency_edge",
    "agent_id": "agent-latency_edge",
    "order_id": "scenario-152-latency_edge-agent-latency_edge-24",
    "action": "new",
    "side": "buy",
    "price": 65191.091199999995,
    "quantity": 0.006,
    "remaining_quantity": 0.006
  },
  {
    "event_id": "99bfabfba7063f83e6242a84b733a8d5534642374858ec0af528d53aa3f2c899",
    "schema_version": "1.0.0",
    "event_type": "agent_order",
    "source": "synthetic_agent",
    "symbol": "BTCUSDT",
    "exchange": "binance_usdm",
    "timestamp": "2024-05-01T00:00:00.200000Z",
    "sequence": 25,
    "scenario_id": "scenario-152-latency_edge",
    "agent_id": "agent-latency_edge",
    "order_id": "scenario-152-latency_edge-agent-latency_edge-25",
    "action": "new",
    "side": "buy",
    "price": 65191.091199999995,
    "quantity": 0.006,
    "remaining_quantity": 0.006
  },
  {
    "event_id": "1134588897e0111f4cc910c4232835708510dd446e5447542db1afa91d85a0fb",
    "schema_version": "1.0.0",
    "event_type": "agent_order",
    "source": "synthetic_agent",
    "symbol": "BTCUSDT",
    "exchange": "binance_usdm",
    "timestamp": "2024-05-01T00:00:00.208000Z",
    "sequence": 26,
    "scenario_id": "scenario-152-latency_edge",
    "agent_id": "agent-latency_edge",
    "order_id": "scenario-152-latency_edge-agent-latency_edge-26",
    "action": "new",
    "side": "sell",
    "price": 65112.9088,
    "quantity": 0.006,
    "remaining_quantity": 0.006
  },
  {
    "event_id": "dea531d7db6f2e6aa1f95c6e119c6c3b610560c987d0cbdb3f8235fa11746a19",
    "schema_version": "1.0.0",
    "event_type": "agent_order",
    "source": "synthetic_agent",
    "symbol": "BTCUSDT",
    "exchange": "binance_usdm",
    "timestamp": "2024-05-01T00:00:00.216000Z",
    "sequence": 27,
    "scenario_id": "scenario-152-latency_edge",
    "agent_id": "agent-latency_edge",
    "order_id": "scenario-152-latency_edge-agent-latency_edge-27",
    "action": "new",
    "side": "sell",
    "price": 65112.9088,
    "quantity": 0.006,
    "remaining_quantity": 0.006
  },
  {
    "event_id": "520ec4e19500eac2030732ad076c192390a3c1622fe45a2e1dffadf58d420e15",
    "schema_version": "1.0.0",
    "event_type": "agent_order",
    "source": "synthetic_agent",
    "symbol": "BTCUSDT",
    "exchange": "binance_usdm",
    "timestamp": "2024-05-01T00:00:00.224000Z",
    "sequence": 28,
    "scenario_id": "scenario-152-latency_edge",
    "agent_id": "agent-latency_edge",
    "order_id": "scenario-152-latency_edge-agent-latency_edge-28",
    "action": "new",
    "side": "buy",
    "price": 65191.091199999995,
    "quantity": 0.006,
    "remaining_quantity": 0.006
  },
  {
    "event_id": "3398de1e666fa50f83a06f85380cb54452445630de2bb2f4ab812ba767809116",
    "schema_version": "1.0.0",
    "event_type": "agent_order",
    "source": "synthetic_agent",
    "symbol": "BTCUSDT",
    "exchange": "binance_usdm",
    "timestamp": "2024-05-01T00:00:00.232000Z",
    "sequence": 29,
    "scenario_id": "scenario-152-latency_edge",
    "agent_id": "agent-latency_edge",
    "order_id": "scenario-152-latency_edge-agent-latency_edge-29",
    "action": "new",
    "side": "buy",
    "price": 65191.091199999995,
    "quantity": 0.006,
    "remaining_quantity": 0.006
  }
]