[
  {
    "event_id": "9fdd3115e091e83909c1d8aa6d59f2392a8f4e9973eb7891e8ffd9b17a026968",
    "schema_version": "1.0.0",
    "event_type": "agent_order",
    "source": "synthetic_agent",
    "symbol": "BTCUSDT",
    "exchange": "binance_usdm",
    "timestamp": "2024-05-01T00:00:00Z",
    "sequence": 0,
    "scenario_id": "scenario-012-passive_market_maker",
    "agent_id": "agent-passive_market_maker",
    "order_id": "scenario-012-passive_market_maker-agent-passive_market_maker-0",
    "action": "new",
    "side": "buy",
    "price": 64946.988,
    "quantity": 0.01,
    "remaining_quantity": 0.01
  },
  {
    "event_id": "d157b57ad8d301114578abf4054eb772f92cd066e01db077b67f9c7b93d7dc3f",
    "schema_version": "1.0.0",
    "event_type": "agent_order",
    "source": "synthetic_agent",
    "symbol": "BTCUSDT",
    "exchange": "binance_usdm",
    "timestamp": "2024-05-01T00:00:00.100000Z",
    "sequence": 1,
    "scenario_id": "scenario-012-passive_market_maker",
    "agent_id": "agent-passive_market_maker",
    "order_id": "scenario-012-passive_market_maker-agent-passive_market_maker-1",
    "action": "new",
    "side": "sell",
    "price": 65077.011999999995,
    "quantity": 0.01,
    "remaining_quantity": 0.01
  },
  {
    "event_id": "d0f5d475e58f75da4f86e1f5cdb4d9ecf509360535fb58ec5799ac575929fc3c",
    "schema_version": "1.0.0",
    "event_type": "agent_order",
    "source": "synthetic_agent",
    "symbol": "BTCUSDT",
    "exchange": "binance_usdm",
    "timestamp": "2024-05-01T00:00:00.200000Z",
    "sequence": 2,
    "scenario_id": "scenario-012-passive_market_maker",
    "agent_id": "agent-passive_market_maker",
    "order_id": "scenario-012-passive_market_maker-agent-passive_market_maker-2",
    "action": "new",
    "side": "buy",
    "price": 64946.988,
    "quantity": 0.01,
    "remaining_quantity": 0.01
  },
  {
    "event_id": "a62e4fb63266ef6711c6796ec6a8196eb4bdca0f77c3e5ad50b2879b87b8c847",
    "schema_version": "1.0.0",
    "event_type": "agent_order",
    "source": "synthetic_agent",
    "symbol": "BTCUSDT",
    "exchange": "binance_usdm",
    "timestamp": "2024-05-01T00:00:00.300000Z",
    "sequence": 3,
    "scenario_id": "scenario-012-passive_market_maker",
    "agent_id": "agent-passive_market_maker",
    "order_id": "scenario-012-passive_market_maker-agent-passive_market_maker-3",
    "action": "new",
    "side": "sell",
    "price": 65077.011999999995,
    "quantity": 0.01,
    "remaining_quantity": 0.01
  },
  {
    "event_id": "0c93c6f703c327e5ab7df4f0641a271d2ec2afc2c0fdf980dbf03b390ee8550a",
    "schema_version": "1.0.0",
    "event_type": "agent_order",
    "source": "synthetic_agent",
    "symbol": "BTCUSDT",
    "exchange": "binance_usdm",
    "timestamp": "2024-05-01T00:00:00.400000Z",
    "sequence": 4,
    "scenario_id": "scenario-012-passive_market_maker",
    "agent_id": "agent-passive_market_maker",
    "order_id": "scenario-012-passive_market_maker-agent-passive_market_maker-4",
    "action": "new",
    "side": "buy",
    "price": 64946.988,
    "quantity": 0.01,
    "remaining_quantity": 0.01
  },
  {
    "event_id": "f75d05d6601b835697aa732e33b538f96188a2b82edda2875de6db2e7b005916",
    "schema_version": "1.0.0",
    "event_type": "agent_order",
    "source": "synthetic_agent",
    "symbol": "BTCUSDT",
    "exchange": "binance_usdm",
    "timestamp": "2024-05-01T00:00:00.500000Z",
    "sequence": 5,
    "scenario_id": "scenario-012-passive_market_maker",
    "agent_id": "agent-passive_market_maker",
    "order_id": "scenario-012-passive_market_maker-agent-passive_market_maker-5",
    "action": "new",
    "side": "sell",
    "price": 65077.011999999995,
    "quantity": 0.01,
    "remaining_quantity": 0.01
  },
  {
    "event_id": "93b7aaa55beeb9d69ebca28d8f05bab286dcc6484b4f54de71a55c025c8750ba",
    "schema_version": "1.0.0",
    "event_type": "agent_order",
    "source": "synthetic_agent",
    "symbol": "BTCUSDT",
    "exchange": "binance_usdm",
    "timestamp": "2024-05-01T00:00:00.600000Z",
    "sequence": 6,
    "scenario_id": "scenario-012-passive_market_maker",
    "agent_id": "agent-passive_market_maker",
    "order_id": "scenario-012-passive_market_maker-agent-passive_market_maker-6",
    "action": "new",
    "side": "buy",
    "price": 64946.988,
    "quantity": 0.01,
    "remaining_quantity": 0.01
  },
  {
    "event_id": "10d5ff085c2327f1c8cfd34c29eee7f6b2a195128a57eb12951ef343425de30f",
    "schema_version": "1.0.0",
    "event_type": "agent_order",
    "source": "synthetic_agent",
    "symbol": "BTCUSDT",
    "exchange": "binance_usdm",
    "timestamp": "2024-05-01T00:00:00.700000Z",
    "sequence": 7,
    "scenario_id": "scenario-012-passive_market_maker",
    "agent_id": "agent-passive_market_maker",
    "order_id": "scenario-012-passive_market_maker-agent-passive_market_maker-7",
    "action": "new",
    "side": "sell",
    "price": 65077.011999999995,
    "quantity": 0.01,
    "remaining_quantity": 0.01
  },
  {
    "event_id": "d991554eb940546a98b29a2b5d48d652b0aa654d6f5e89c1ff2ff9e6e9f0a260",
    "schema_version": "1.0.0",
    "event_type": "agent_order",
    "source": "synthetic_agent",
    "symbol": "BTCUSDT",
    "exchange": "binance_usdm",
    "timestamp": "2024-05-01T00:00:00.800000Z",
    "sequence": 8,
    "scenario_id": "scenario-012-passive_market_maker",
    "agent_id": "agent-passive_market_maker",
    "order_id": "scenario-012-passive_market_maker-agent-passive_market_maker-8",
    "action": "new",
    "side": "buy",
    "price": 64946.988,
    "quantity": 0.01,
    "remaining_quantity": 0.01
  },
  {
    "event_id": "d16aac82cdf7ff22ea53255643e0a8b0a804b26de7f0898804708c72f3610de2",
    "schema_version": "1.0.0",
    "event_type": "agent_order",
    "source": "synthetic_agent",
    "symbol": "BTCUSDT",
    "exchange": "binance_usdm",
    "timestamp": "2024-05-01T00:00:00.900000Z",
    "sequence": 9,
    "scenario_id": "scenario-012-passive_market_maker",
    "agent_id": "agent-passive_market_maker",
    "order_id": "scenario-012-passive_market_maker-agent-passive_market_maker-9",
    "action": "new",
    "side": "sell",
    "price": 65077.011999999995,
    "quantity": 0.01,
    "remaining_quantity": 0.01
  },
  {
    "event_id": "3bb6d50bfefb27a8b77bcb048a4235f1fcb44f850765c98befcac8653e642c7a",
    "schema_version": "1.0.0",
    "event_type": "agent_order",
    "source": "synthetic_agent",
    "symbol": "BTCUSDT",
    "exchange": "binance_usdm",
    "timestamp": "2024-05-01T00:00:01Z",
    "sequence": 10,
    "scenario_id": "scenario-012-passive_market_maker",
    "agent_id": "agent-passive_market_maker",
    "order_id": "scenario-012-passive_market_maker-agent-passive_market_maker-10",
    "action": "new",
    "side": "buy",
    "price": 64946.988,
    "quantity": 0.01,
    "remaining_quantity": 0.01
  },
  {
    "event_id": "a454e9a4040c6341b792411dc545e5f21fc1538475997d8ea2a07e4d44d25918",
    "schema_version": "1.0.0",
    "event_type": "agent_order",
    "source": "synthetic_agent",
    "symbol": "BTCUSDT",
    "exchange": "binance_usdm",
    "timestamp": "2024-05-01T00:00:01.100000Z",
    "sequence": 11,
    "scenario_id": "scenario-012-passive_market_maker",
    "agent_id": "agent-passive_market_maker",
    "order_id": "scenario-012-passive_market_maker-agent-passive_market_maker-11",
    "action": "new",
    "side": "sell",
    "price": 65077.011999999995,
    "quantity": 0.01,
    "remaining_quantity": 0.01
  },
  {
    "event_id": "16cc0fd02d5f8d33a2c27af5093d07f3639f087b16578a0b0cdf7735ae34f1ce",
    "schema_version": "1.0.0",
    "event_type": "agent_order",
    "source": "synthetic_agent",
    "symbol": "BTCUSDT",
    "exchange": "binance_usdm",
    "timestamp": "2024-05-01T00:00:01.200000Z",
    "sequence": 12,
    "scenario_id": "scenario-012-passive_market_maker",
    "agent_id": "agent-passive_market_maker",
    "order_id": "scenario-012-passive_market_maker-agent-passive_market_maker-12",
    "action": "new",
    "side": "buy",
    "price": 64946.988,
    "quantity": 0.01,
    "remaining_quantity": 0.01
  },
  {
    "event_id": "73d0ce94f703a57fc633452681d840dd507958a0aeb1e9d1371912e0ea4ff36e",
    "schema_version": "1.0.0",
    "event_type": "agent_order",
    "source": "synthetic_agent",
    "symbol": "BTCUSDT",
    "exchange": "binance_usdm",
    "timestamp": "2024-05-01T00:00:01.300000Z",
    "sequence": 13,
    "scenario_id": "scenario-012-passive_market_maker",
    "agent_id": "agent-passive_market_maker",
    "order_id": "scenario-012-passive_market_maker-agent-passive_market_maker-13",
    "action": "new",
    "side": "sell",
    "price": 65077.011999999995,
    "quantity": 0.01,
    "remaining_quantity": 0.01
  },
  {
    "event_id": "b1edd7aa5942b506aa5973895716fef487a5e4f6f155b32676102b824f553379",
    "schema_version": "1.0.0",
    "event_type": "agent_order",
    "source": "synthetic_agent",
    "symbol": "BTCUSDT",
    "exchange": "binance_usdm",
    "timestamp": "2024-05-01T00:00:01.400000Z",
    "sequence": 14,
    "scenario_id": "scenario-012-passive_market_maker",
    "agent_id": "agent-passive_market_maker",
    "order_id": "scenario-012-passive_market_maker-agent-passive_market_maker-14",
    "action": "new",
    "side": "buy",
    "price": 64946.988,
    "quantity": 0.01,
    "remaining_quantity": 0.01
  },
  {
    "event_id": "ff14c0df98c45b6814f8136dc260c153ba6ac2aa8db699011db40a870bf784b5",
    "schema_version": "1.0.0",
    "event_type": "agent_order",
    "source": "synthetic_agent",
    "symbol": "BTCUSDT",
    "exchange": "binance_usdm",
    "timestamp": "2024-05-01T00:00:01.500000Z",
    "sequence": 15,
    "scenario_id": "scenario-012-passive_market_maker",
    "agent_id": "agent-passive_market_maker",
    "order_id": "scenario-012-passive_market_maker-agent-passive_market_maker-15",
    "action": "new",
    "side": "sell",
    "price": 65077.011999999995,
    "quantity": 0.01,
    "remaining_quantity": 0.01
  },
  {
    "event_id": "665fccf121cf6bae5fd148e0a0c9e70d62c949fc091faf88ba6000c6bd9c48ec",
    "schema_version": "1.0.0",
    "event_type": "agent_order",
    "source": "synthetic_agent",
    "symbol": "BTCUSDT",
    "exchange": "binance_usdm",
    "timestamp": "2024-05-01T00:00:01.600000Z",
    "sequence": 16,
    "scenario_id": "scenario-012-passive_market_maker",
    "agent_id": "agent-passive_market_maker",
    "order_id": "scenario-012-passive_market_maker-agent-passive_market_maker-16",
    "action": "new",
    "side": "buy",
    "price": 64946.988,
    "quantity": 0.01,
    "remaining_quantity": 0.01
  },
  {
    "event_id": "7fb7161d60bf641a86b32fc3462f7ea9a52d7a821bb884c05229b70c73c40419",
    "schema_version": "1.0.0",
    "event_type": "agent_order",
    "source": "synthetic_agent",
    "symbol": "BTCUSDT",
    "exchange": "binance_usdm",
    "timestamp": "2024-05-01T00:00:01.700000Z",
    "sequence": 17,
    "scenario_id": "scenario-012-passive_market_maker",
    "agent_id": "agent-passive_market_maker",
    "order_id": "scenario-012-passive_market_maker-agent-passive_market_maker-17",
    "action": "new",
    "side": "sell",
    "price": 65077.011999999995,
    "quantity": 0.01,
    "remaining_quantity": 0.01
  },
  {
    "event_id": "8a92b8aa649ca1a5f08db3885769b0fd1b2af52b0ee6d33117c4ee0d52d75ada",
    "schema_version": "1.0.0",
    "event_type": "agent_order",
    "source": "synthetic_agent",
    "symbol": "BTCUSDT",
    "exchange": "binance_usdm",
    "timestamp": "2024-05-01T00:00:01.800000Z",
    "sequence": 18,
    "scenario_id": "scenario-012-passive_market_maker",
    "agent_id": "agent-passive_market_maker",
    "order_id": "scenario-012-passive_market_maker-agent-passive_market_maker-18",
    "action": "new",
    "side": "buy",
    "price": 64946.988,
    "quantity": 0.01,
    "remaining_quantity": 0.01
  },
  {
    "event_id": "ddc505cd199a122dcd4729fad98c9a9239606035cac1b7c0bf2d3607283c1978",
    "schema_version": "1.0.0",
    "event_type": "agent_order",
    "source": "synthetic_agent",
    "symbol": "BTCUSDT",
    "exchange": "binance_usdm",
    "timestamp": "2024-05-01T00:00:01.900000Z",
    "sequence": 19,
    "scenario_id": "scenario-012-passive_market_maker",
    "agent_id": "agent-passive_market_maker",
    "order_id": "scenario-012-passive_market_maker-agent-passive_market_maker-19",
    "action": "new",
    "side": "sell",
    "price": 65077.011999999995,
    "quantity": 0.01,
    "remaining_quantity": 0.01
  },
  {
    "event_id": "826b29b57dae5e1a621959a0fb3e5ee90f7fb86866bfa36fe1a64fe914fc1971",
    "schema_version": "1.0.0",
    "event_type": "agent_order",
    "source": "synthetic_agent",
    "symbol": "BTCUSDT",
    "exchange": "binance_usdm",
    "timestamp": "2024-05-01T00:00:02Z",
    "sequence": 20,
    "scenario_id": "scenario-012-passive_market_maker",
    "agent_id": "agent-passive_market_maker",
    "order_id": "scenario-012-passive_market_maker-agent-passive_market_maker-20",
    "action": "new",
    "side": "buy",
    "price": 64946.988,
    "quantity": 0.01,
    "remaining_quantity": 0.01
  },
  {
    "event_id": "c5ffb238989507a999b172f3ec5d3ad7b725617430d6e20f05e510bbdbdee714",
    "schema_version": "1.0.0",
    "event_type": "agent_order",
    "source": "synthetic_agent",
    "symbol": "BTCUSDT",
    "exchange": "binance_usdm",
    "timestamp": "2024-05-01T00:00:02.100000Z",
    "sequence": 21,
    "scenario_id": "scenario-012-passive_market_maker",
    "agent_id": "agent-passive_market_maker",
    "order_id": "scenario-012-passive_market_maker-agent-passive_market_maker-21",
    "action": "new",
    "side": "sell",
    "price": 65077.011999999995,
    "quantity": 0.01,
    "remaining_quantity": 0.01
  },
  {
    "event_id": "13e7c3144585cfeb873721f0e4dc154ff3cd5266b436e032e8de6049cf01669e",
    "schema_version": "1.0.0",
    "event_type": "agent_order",
    "source": "synthetic_agent",
    "symbol": "BTCUSDT",
    "exchange": "binance_usdm",
    "timestamp": "2024-05-01T00:00:02.200000Z",
    "sequence": 22,
    "scenario_id": "scenario-012-passive_market_maker",
    "agent_id": "agent-passive_market_maker",
    "order_id": "scenario-012-passive_market_maker-agent-passive_market_maker-22",
    "action": "new",
    "side": "buy",
    "price": 64946.988,
    "quantity": 0.01,
    "remaining_quantity": 0.01
  },
  {
    "event_id": "bed5bf0597cd1dca1e89587c1f0461fbe50928188ada0d832b9965e46503f511",
    "schema_version": "1.0.0",
    "event_type": "agent_order",
    "source": "synthetic_agent",
    "symbol": "BTCUSDT",
    "exchange": "binance_usdm",
    "timestamp": "2024-05-01T00:00:02.300000Z",
    "sequence": 23,
    "scenario_id": "scenario-012-passive_market_maker",
    "agent_id": "agent-passive_market_maker",
    "order_id": "scenario-012-passive_market_maker-agent-passive_market_maker-23",
    "action": "new",
    "side": "sell",
    "price": 65077.011999999995,
    "quantity": 0.01,
    "remaining_quantity": 0.01
  },
  {
    "event_id": "364e52eb872d0f54742857bd270cf81f4e80ba053ea0d13d099c7860f7124378",
    "schema_version": "1.0.0",
    "event_type": "agent_order",
    "source": "synthetic_agent",
    "symbol": "BTCUSDT",
    "exchange": "binance_usdm",
    "timestamp": "2024-05-01T00:00:02.400000Z",
    "sequence": 24,
    "scenario_id": "scenario-012-passive_market_maker",
    "agent_id": "agent-passive_market_maker",
    "order_id": "scenario-012-passive_market_maker-agent-passive_market_maker-24",
    "action": "new",
    "side": "buy",
    "price": 64946.988,
    "quantity": 0.01,
    "remaining_quantity": 0.01
  },
  {
    "event_id": "38a2101652f13fcbcc806513bb8a57e8a892053f15a620e805722f0f27de5bad",
    "schema_version": "1.0.0",
    "event_type": "agent_order",
    "source": "synthetic_agent",
    "symbol": "BTCUSDT",
    "exchange": "binance_usdm",
    "timestamp": "2024-05-01T00:00:02.500000Z",
    "sequence": 25,
    "scenario_id": "scenario-012-passive_market_maker",
    "agent_id": "agent-passive_market_maker",
    "order_id": "scenario-012-passive_market_maker-agent-passive_market_maker-25",
    "action": "new",
    "side": "sell",
    "price": 65077.011999999995,
    "quantity": 0.01,
    "remaining_quantity": 0.01
  },
  {
    "event_id": "070bf362b35caab46fb3a898c4275aee87fe77c2fada34bbfc44aba2d8fefbbb",
    "schema_version": "1.0.0",
    "event_type": "agent_order",
    "source": "synthetic_agent",
    "symbol": "BTCUSDT",
    "exchange": "binance_usdm",
    "timestamp": "2024-05-01T00:00:02.600000Z",
    "sequence": 26,
    "scenario_id": "scenario-012-passive_market_maker",
    "agent_id": "agent-passive_market_maker",
    "order_id": "scenario-012-passive_market_maker-agent-passive_market_maker-26",
    "action": "new",
    "side": "buy",
    "price": 64946.988,
    "quantity": 0.01,
    "remaining_quantity": 0.01
  },
  {
    "event_id": "986a2948142ddf6ea0185acabd196c99d7ac8b7ed04bc6aafdea9880204875f0",
    "schema_version": "1.0.0",
    "event_type": "agent_order",
    "source": "synthetic_agent",
    "symbol": "BTCUSDT",
    "exchange": "binance_usdm",
    "timestamp": "2024-05-01T00:00:02.700000Z",
    "sequence": 27,
    "scenario_id": "scenario-012-passive_market_maker",
    "agent_id": "agent-passive_market_maker",
    "order_id": "scenario-012-passive_market_maker-agent-passive_market_maker-27",
    "action": "new",
    "side": "sell",
    "price": 65077.011999999995,
    "quantity": 0.01,
    "remaining_quantity": 0.01
  },
  {
    "event_id": "4cb66bed64ef1eb5ea203e6dff5a6924789cb6625f5a1f87b0dd536d3779dce7",
    "schema_version": "1.0.0",
    "event_type": "agent_order",
    "source": "synthetic_agent",
    "symbol": "BTCUSDT",
    "exchange": "binance_usdm",
    "timestamp": "2024-05-01T00:00:02.800000Z",
    "sequence": 28,
    "scenario_id": "scenario-012-passive_market_maker",
    "agent_id": "agent-passive_market_maker",
    "order_id": "scenario-012-passive_market_maker-agent-passive_market_maker-28",
    "action": "new",
    "side": "buy",
    "price": 64946.988,
    "quantity": 0.01,
    "remaining_quantity": 0.01
  },
  {
    "event_id": "52d7cf7c16fcae7e8fa964400ccd0da0c94dab20cf1131b09c13c4a6c8c45dc6",
    "schema_version": "1.0.0",
    "event_type": "agent_order",
    "source": "synthetic_agent",
    "symbol": "BTCUSDT",
    "exchange": "binance_usdm",
    "timestamp": "2024-05-01T00:00:02.900000Z",
    "sequence": 29,
    "scenario_id": "scenario-012-passive_market_maker",
    "agent_id": "agent-passive_market_maker",
    "order_id": "scenario-012-passive_market_maker-agent-passive_market_maker-29",
    "action": "new",
    "side": "sell",
    "price": 65077.011999999995,
    "quantity": 0.01,
    "remaining_quantity": 0.01
  }
]