[
  {
    "event_id": "a28834230712dee33cd08b8d7c364269efc337b3f78fbc36115d15f65a18bc2e",
    "schema_version": "1.0.0",
    "event_type": "agent_order",
    "source": "synthetic_agent",
    "symbol": "BTCUSDT",
    "exchange": "binance_usdm",
    "timestamp": "2024-05-01T00:00:00Z",
    "sequence": 0,
    "scenario_id": "scenario-153-stop_run_sweep",
    "agent_id": "agent-stop_run_sweep",
    "order_id": "scenario-153-stop_run_sweep-agent-stop_run_sweep-0",
    "action": "new",
    "side": "buy",
    "price": 65218.15299999999,
    "quantity": 0.06,
    "remaining_quantity": 0.06
  },
  {
    "event_id": "98d1c497a84fa96f9fd297c183ef3a22ae75f8f7a3a02e987c5eb239345d9bfb",
    "schema_version": "1.0.0",
    "event_type": "agent_order",
    "source": "synthetic_agent",
    "symbol": "BTCUSDT",
    "exchange": "binance_usdm",
    "timestamp": "2024-05-01T00:00:00.030000Z",
    "sequence": 1,
    "scenario_id": "scenario-153-stop_run_sweep",
    "agent_id": "agent-stop_run_sweep",
    "order_id": "scenario-153-stop_run_sweep-agent-stop_run_sweep-1",
    "action": "new",
    "side": "buy",
    "price": 65221.41065,
    "quantity": 0.06,
    "remaining_quantity": 0.06
  },
  {
    "event_id": "da8e6a624dcd60bd0d91c7e189e84d96f4d47fb8f59a3603071f9f988fc299d2",
    "schema_version": "1.0.0",
    "event_type": "agent_order",
    "source": "synthetic_agent",
    "symbol": "BTCUSDT",
    "exchange": "binance_usdm",
    "timestamp": "2024-05-01T00:00:00.060000Z",
    "sequence": 2,
    "scenario_id": "scenario-153-stop_run_sweep",
    "agent_id": "agent-stop_run_sweep",
    "order_id": "scenario-153-stop_run_sweep-agent-stop_run_sweep-2",
    "action": "new",
    "side": "buy",
    "price": 65224.66829999999,
    "quantity": 0.06,
    "remaining_quantity": 0.06
  },
  {
    "event_id": "78405f2185d7eee0c6305a1019d26b649bf3176323496683e4bbd95c64200552",
    "schema_version": "1.0.0",
    "event_type": "agent_order",
    "source": "synthetic_agent",
    "symbol": "BTCUSDT",
    "exchange": "binance_usdm",
    "timestamp": "2024-05-01T00:00:00.090000Z",
    "sequence": 3,
    "scenario_id": "scenario-153-stop_run_sweep",
    "agent_id": "agent-stop_run_sweep",
    "order_id": "scenario-153-stop_run_sweep-agent-stop_run_sweep-3",
    "action": "new",
    "side": "buy",
    "price": 65227.92595,
    "quantity": 0.06,
    "remaining_quantity": 0.06
  },
  {
    "event_id": "683d3c28805402f0c6c48976ed80568fa3b19fcb705b7dbd4a4674baa478a048",
    "schema_version": "1.0.0",
    "event_type": "agent_order",
    "source": "synthetic_agent",
    "symbol": "BTCUSDT",
    "exchange": "binance_usdm",
    "timestamp": "2024-05-01T00:00:00.120000Z",
    "sequence": 4,
    "scenario_id": "scenario-153-stop_run_sweep",
    "agent_id": "agent-stop_run_sweep",
    "order_id": "scenario-153-stop_run_sweep-agent-stop_run_sweep-4",
    "action": "new",
    "side": "buy",
    "price": 65231.18359999999,
    "quantity": 0.06,
    "remaining_quantity": 0.06
  },
  {
    "event_id": "048bec5c57e4be4e456ca6ca108c15aed19e9411406f5ebed00af029339357fc",
    "schema_version": "1.0.0",
    "event_type": "agent_order",
    "source": "synthetic_agent",
    "symbol": "BTCUSDT",
    "exchange": "binance_usdm",
    "timestamp": "2024-05-01T00:00:00.150000Z",
    "sequence": 5,
    "scenario_id": "scenario-153-stop_run_sweep",
    "agent_id": "agent-stop_run_sweep",
    "order_id": "scenario-153-stop_run_sweep-agent-stop_run_sweep-5",
    "action": "new",
    "side": "buy",
    "price": 65234.441249999996,
    "quantity": 0.06,
    "remaining_quantity": 0.06
  },
  {
    "event_id": "9a940cb0f5abf82743181310dc15e331e679cb32798585e3d7619f3bc4521f46",
    "schema_version": "1.0.0",
    "event_type": "agent_order",
    "source": "synthetic_agent",
    "symbol": "BTCUSDT",
    "exchange": "binance_usdm",
    "timestamp": "2024-05-01T00:00:00.180000Z",
    "sequence": 6,
    "scenario_id": "scenario-153-stop_run_sweep",
    "agent_id": "agent-stop_run_sweep",
    "order_id": "scenario-153-stop_run_sweep-agent-stop_run_sweep-6",
    "action": "new",
    "side": "buy",
    "price": 65237.69889999999,
    "quantity": 0.06,
    "remaining_quantity": 0.06
  },
  {
    "event_id": "d9333886bcf7a1fba474551f832fa9fdde5cc90100e46058a16286c862947218",
    "schema_version": "1.0.0",
    "event_type": "agent_order",
    "source": "synthetic_agent",
    "symbol": "BTCUSDT",
    "exchange": "binance_usdm",
    "timestamp": "2024-05-01T00:00:00.210000Z",
    "sequence": 7,
    "scenario_id": "scenario-153-stop_run_sweep",
    "agent_id": "agent-stop_run_sweep",
    "order_id": "scenario-153-stop_run_sweep-agent-stop_run_sweep-7",
    "action": "new",
    "side": "buy",
    "price": 65240.956549999995,
    "quantity": 0.06,
    "remaining_quantity": 0.06
  },
  {
    "event_id": "960e582b288dd44d28dbe9f0bb2f7ce1b7eae0bb21f9a5dffd53c27b5530d3b6",
    "schema_version": "1.0.0",
    "event_type": "agent_order",
    "source": "synthetic_agent",
    "symbol": "BTCUSDT",
    "exchange": "binance_usdm",
    "timestamp": "2024-05-01T00:00:00.240000Z",
    "sequence": 8,
    "scenario_id": "scenario-153-stop_run_sweep",
    "agent_id": "agent-stop_run_sweep",
    "order_id": "scenario-153-stop_run_sweep-agent-stop_run_sweep-8",
    "action": "new",
    "side": "buy",
    "price": 65244.21419999999,
    "quantity": 0.06,
    "remaining_quantity": 0.06
  },
  {
    "event_id": "3d1ae3264db778d200e9325f1e1528f106f4c015697dd87e44b5554c5e0bb0c2",
    "schema_version": "1.0.0",
    "event_type": "agent_order",
    "source": "synthetic_agent",
    "symbol": "BTCUSDT",
    "exchange": "binance_usdm",
    "timestamp": "2024-05-01T00:00:00.270000Z",
    "sequence": 9,
    "scenario_id": "scenario-153-stop_run_sweep",
    "agent_id": "agent-stop_run_sweep",
    "order_id": "scenario-153-stop_run_sweep-agent-stop_run_sweep-9",
    "action": "new",
    "side": "buy",
    "price": 65247.471849999994,
    "quantity": 0.06,
    "remaining_quantity": 0.06
  },
  {
    "event_id": "46c9449a41dfe4cb903a5282089324a8beee63e8d6bffe16a3363bc1642553be",
    "schema_version": "1.0.0",
    "event_type": "agent_order",
    "source": "synthetic_agent",
    "symbol": "BTCUSDT",
    "exchange": "binance_usdm",
    "timestamp": "2024-05-01T00:00:00.300000Z",
    "sequence": 10,
    "scenario_id": "scenario-153-stop_run_sweep",
    "agent_id": "agent-stop_run_sweep",
    "order_id": "scenario-153-stop_run_sweep-agent-stop_run_sweep-10",
    "action": "new",
    "side": "buy",
    "price": 65250.72949999999,
    "quantity": 0.06,
    "remaining_quantity": 0.06
  },
  {
    "event_id": "5cf8d4a86c825ee3db2bf69913ae42ed6e0bbcad09d7bf77dc2548994f273226",
    "schema_version": "1.0.0",
    "event_type": "agent_order",
    "source": "synthetic_agent",
    "symbol": "BTCUSDT",
    "exchange": "binance_usdm",
    "timestamp": "2024-05-01T00:00:00.330000Z",
    "sequence": 11,
    "scenario_id": "scenario-153-stop_run_sweep",
    "agent_id": "agent-stop_run_sweep",
    "order_id": "scenario-153-stop_run_sweep-agent-stop_run_sweep-11",
    "action": "new",
    "side": "buy",
    "price": 65253.98714999999,
    "quantity": 0.06,
    "remaining_quantity": 0.06
  },
  {
    "event_id": "8861ee604be4d3ad79dd8c7b8e62e7c27383cef76aa78702b77c1fc995ea7018",
    "schema_version": "1.0.0",
    "event_type": "agent_order",
    "source": "synthetic_agent",
    "symbol": "BTCUSDT",
    "exchange": "binance_usdm",
    "timestamp": "2024-05-01T00:00:00.360000Z",
    "sequence": 12,
    "scenario_id": "scenario-153-stop_run_sweep",
    "agent_id": "agent-stop_run_sweep",
    "order_id": "scenario-153-stop_run_sweep-agent-stop_run_sweep-12",
    "action": "new",
    "side": "buy",
    "price": 65257.244799999986,
    "quantity": 0.06,
    "remaining_quantity": 0.06
  },
  {
    "event_id": "3cd1ea13d7c2f591f862a655c5197128cee1209f20f1add241cebca6ef82a8fa",
    "schema_version": "1.0.0",
    "event_type": "agent_order",
    "source": "synthetic_agent",
    "symbol": "BTCUSDT",
    "exchange": "binance_usdm",
    "timestamp": "2024-05-01T00:00:00.390000Z",
    "sequence": 13,
    "scenario_id": "scenario-153-stop_run_sweep",
    "agent_id": "agent-stop_run_sweep",
    "order_id": "scenario-153-stop_run_sweep-agent-stop_run_sweep-13",
    "action": "new",
    "side": "buy",
    "price": 65260.50244999999,
    "quantity": 0.06,
    "remaining_quantity": 0.06
  },
  {
    "event_id": "c4959d1032748bd224d6415cc1a57a5dbad1543d0bce4895f0d9c8a1d20e08d9",
    "schema_version": "1.0.0",
    "event_type": "agent_order",
    "source": "synthetic_agent",
    "symbol": "BTCUSDT",
    "exchange": "binance_usdm",
    "timestamp": "2024-05-01T00:00:00.420000Z",
    "sequence": 14,
    "scenario_id": "scenario-153-stop_run_sweep",
    "agent_id": "agent-stop_run_sweep",
    "order_id": "scenario-153-stop_run_sweep-agent-stop_run_sweep-14",
    "action": "new",
    "side": "buy",
    "price": 65263.760099999985,
    "quantity": 0.06,
    "remaining_quantity": 0.06
  },
  {
    "event_id": "da61d1b468fc069b06c071441ef8dbec22c97c3affe7fed139ff3115a1d9ce9c",
    "schema_version": "1.0.0",
    "event_type": "agent_order",
    "source": "synthetic_agent",
    "symbol": "BTCUSDT",
    "exchange": "binance_usdm",
    "timestamp": "2024-05-01T00:00:00.450000Z",
    "sequence": 15,
    "scenario_id": "scenario-153-stop_run_sweep",
    "agent_id": "agent-stop_run_sweep",
    "order_id": "scenario-153-stop_run_sweep-agent-stop_run_sweep-15",
    "action": "new",
    "side": "buy",
    "price": 65267.01774999999,
    "quantity": 0.06,
    "remaining_quantity": 0.06
  },
  {
    "event_id": "8e6a5701d3c1f4fbfb1af0cb31c08980e72cb3cc8642954a486be4ad0aff699d",
    "schema_version": "1.0.0",
    "event_type": "agent_order",
    "source": "synthetic_agent",
    "symbol": "BTCUSDT",
    "exchange": "binance_usdm",
    "timestamp": "2024-05-01T00:00:00.480000Z",
    "sequence": 16,
    "scenario_id": "scenario-153-stop_run_sweep",
    "agent_id": "agent-stop_run_sweep",
    "order_id": "scenario-153-stop_run_sweep-agent-stop_run_sweep-16",
    "action": "new",
    "side": "buy",
    "price": 65270.275399999984,
    "quantity": 0.06,
    "remaining_quantity": 0.06
  },
  {
    "event_id": "9e46b48cc098aaa6c849815308d7302acbda69b0be6f67ce7d872da1da448172",
    "schema_version": "1.0.0",
    "event_type": "agent_order",
    "source": "synthetic_agent",
    "symbol": "BTCUSDT",
    "exchange": "binance_usdm",
    "timestamp": "2024-05-01T00:00:00.510000Z",
    "sequence": 17,
    "scenario_id": "scenario-153-stop_run_sweep",
    "agent_id": "agent-stop_run_sweep",
    "order_id": "scenario-153-stop_run_sweep-agent-stop_run_sweep-17",
    "action": "new",
    "side": "buy",
    "price": 65273.53304999999,
    "quantity": 0.06,
    "remaining_quantity": 0.06
  },
  {
    "event_id": "0261d89b4e945e165ed35080eb41d1372a9ade4daa3875f44454c6b1f447e846",
    "schema_version": "1.0.0",
    "event_type": "agent_order",
    "source": "synthetic_agent",
    "symbol": "BTCUSDT",
    "exchange": "binance_usdm",
    "timestamp": "2024-05-01T00:00:00.540000Z",
    "sequence": 18,
    "scenario_id": "scenario-153-stop_run_sweep",
    "agent_id": "agent-stop_run_sweep",
    "order_id": "scenario-153-stop_run_sweep-agent-stop_run_sweep-18",
    "action": "new",
    "side": "buy",
    "price": 65276.79069999998,
    "quantity": 0.06,
    "remaining_quantity": 0.06
  },
  {
    "event_id": "f03482e1eb400a906031d53e09ef4ebd1cf4038f2d477a2763282e312fecb94f",
    "schema_version": "1.0.0",
    "event_type": "agent_order",
    "source": "synthetic_agent",
    "symbol": "BTCUSDT",
    "exchange": "binance_usdm",
    "timestamp": "2024-05-01T00:00:00.570000Z",
    "sequence": 19,
    "scenario_id": "scenario-153-stop_run_sweep",
    "agent_id": "agent-stop_run_sweep",
    "order_id": "scenario-153-stop_run_sweep-agent-stop_run_sweep-19",
    "action": "new",
    "side": "buy",
    "price": 65280.04834999999,
    "quantity": 0.06,
    "remaining_quantity": 0.06
  },
  {
    "event_id": "1fa9acc1b2ef8ae574fea4989899f283d7313cdc54804f56e0efa631ae9d9b38",
    "schema_version": "1.0.0",
    "event_type": "agent_order",
    "source": "synthetic_agent",
    "symbol": "BTCUSDT",
    "exchange": "binance_usdm",
    "timestamp": "2024-05-01T00:00:00.600000Z",
    "sequence": 20,
    "scenario_id": "scenario-153-stop_run_sweep",
    "agent_id": "agent-stop_run_sweep",
    "order_id": "scenario-153-stop_run_sweep-agent-stop_run_sweep-20",
    "action": "new",
    "side": "buy",
    "price": 65283.30599999998,
    "quantity": 0.06,
    "remaining_quantity": 0.06
  },
  {
    "event_id": "52d4f31a4a32c8129c608db7427f46df3305228d8a5416f0dacd0cfbe6924964",
    "schema_version": "1.0.0",
    "event_type": "agent_order",
    "source": "synthetic_agent",
    "symbol": "BTCUSDT",
    "exchange": "binance_usdm",
    "timestamp": "2024-05-01T00:00:00.630000Z",
    "sequence": 21,
    "scenario_id": "scenario-153-stop_run_sweep",
    "agent_id": "agent-stop_run_sweep",
    "order_id": "scenario-153-stop_run_sweep-agent-stop_run_sweep-21",
    "action": "new",
    "side": "buy",
    "price": 65286.56364999999,
    "quantity": 0.06,
    "remaining_quantity": 0.06
  },
  {
    "event_id": "04fa6f5a1eb92088ea7214e31472015d1ca224bb01979525d85081b7c5369377",
    "schema_version": "1.0.0",
    "event_type": "agent_order",
    "source": "synthetic_agent",
    "symbol": "BTCUSDT",
    "exchange": "binance_usdm",
    "timestamp": "2024-05-01T00:00:00.660000Z",
    "sequence": 22,
    "scenario_id": "scenario-153-stop_run_sweep",
    "agent_id": "agent-stop_run_sweep",
    "order_id": "scenario-153-stop_run_sweep-agent-stop_run_sweep-22",
    "action": "new",
    "side": "buy",
    "price": 65289.821299999996,
    "quantity": 0.06,
    "remaining_quantity": 0.06
  },
  {
    "event_id": "6761552a0fc4c1896ebb569ba4239960c878e43c151edd1d8bb9d0fd283fe94f",
    "schema_version": "1.0.0",
    "event_type": "agent_order",
    "source": "synthetic_agent",
    "symbol": "BTCUSDT",
    "exchange": "binance_usdm",
    "timestamp": "2024-05-01T00:00:00.690000Z",
    "sequence": 23,
    "scenario_id": "scenario-153-stop_run_sweep",
    "agent_id": "agent-stop_run_sweep",
    "order_id": "scenario-153-stop_run_sweep-agent-stop_run_sweep-23",
    "action": "new",
    "side": "buy",
    "price": 65293.07894999999,
    "quantity": 0.06,
    "remaining_quantity": 0.06
  },
  {
    "event_id": "a28b1ee6c692d134dad223d32640ec8e8a213a274efee562dd5a6a9065c5551b",
    "schema_version": "1.0.0",
    "event_type": "agent_order",
    "source": "synthetic_agent",
    "symbol": "BTCUSDT",
    "exchange": "binance_usdm",
    "timestamp": "2024-05-01T00:00:00.720000Z",
    "sequence": 24,
    "scenario_id": "scenario-153-stop_run_sweep",
    "agent_id": "agent-stop_run_sweep",
    "order_id": "scenario-153-stop_run_sweep-agent-stop_run_sweep-24",
    "action": "new",
    "side": "buy",
    "price": 65296.336599999995,
    "quantity": 0.06,
    "remaining_quantity": 0.06
  },
  {
    "event_id": "0447a9722102ce6054301197f8796cf931aeae3f9528b9e12b4a4e5873f9d694",
    "schema_version": "1.0.0",
    "event_type": "agent_order",
    "source": "synthetic_agent",
    "symbol": "BTCUSDT",
    "exchange": "binance_usdm",
    "timestamp": "2024-05-01T00:00:00.750000Z",
    "sequence": 25,
    "scenario_id": "scenario-153-stop_run_sweep",
    "agent_id": "agent-stop_run_sweep",
    "order_id": "scenario-153-stop_run_sweep-agent-stop_run_sweep-25",
    "action": "new",
    "side": "buy",
    "price": 65299.594249999995,
    "quantity": 0.06,
    "remaining_quantity": 0.06
  },
  {
    "event_id": "9e1893304a1e7f021fcbda14bff315a43b44a199d6ef4729f602fa8c96c73419",
    "schema_version": "1.0.0",
    "event_type": "agent_order",
    "source": "synthetic_agent",
    "symbol": "BTCUSDT",
    "exchange": "binance_usdm",
    "timestamp": "2024-05-01T00:00:00.780000Z",
    "sequence": 26,
    "scenario_id": "scenario-153-stop_run_sweep",
    "agent_id": "agent-stop_run_sweep",
    "order_id": "scenario-153-stop_run_sweep-agent-stop_run_sweep-26",
    "action": "new",
    "side": "buy",
    "price": 65302.8519,
    "quantity": 0.06,
    "remaining_quantity": 0.06
  },
  {
    "event_id": "728d8f9805f1c4d841753d8bcf4ab37a32ec65477b3f7bfc9adc7fef5708fe9e",
    "schema_version": "1.0.0",
    "event_type": "agent_order",
    "source": "synthetic_agent",
    "symbol": "BTCUSDT",
    "exchange": "binance_usdm",
    "timestamp": "2024-05-01T00:00:00.810000Z",
    "sequence": 27,
    "scenario_id": "scenario-153-stop_run_sweep",
    "agent_id": "agent-stop_run_sweep",
    "order_id": "scenario-153-stop_run_sweep-agent-stop_run_sweep-27",
    "action": "new",
    "side": "buy",
    "price": 65306.109549999994,
    "quantity": 0.06,
    "remaining_quantity": 0.06
  },
  {
    "event_id": "f3738c5d6ea5266de0ff4b492f5f5a2390705b1a2495e53c5d54b91320311d25",
    "schema_version": "1.0.0",
    "event_type": "agent_order",
    "source": "synthetic_agent",
    "symbol": "BTCUSDT",
    "exchange": "binance_usdm",
    "timestamp": "2024-05-01T00:00:00.840000Z",
    "sequence": 28,
    "scenario_id": "scenario-153-stop_run_sweep",
    "agent_id": "agent-stop_run_sweep",
    "order_id": "scenario-153-stop_run_sweep-agent-stop_run_sweep-28",
    "action": "new",
    "side": "buy",
    "price": 65309.3672,
    "quantity": 0.06,
    "remaining_quantity": 0.06
  },
  {
    "event_id": "7fa3a0b756c46c1bae7cdc4cb443e0079aa8eab8975c0df0816247e7285c7333",
    "schema_version": "1.0.0",
    "event_type": "agent_order",
    "source": "synthetic_agent",
    "symbol": "BTCUSDT",
    "exchange": "binance_usdm",
    "timestamp": "2024-05-01T00:00:00.870000Z",
    "sequence": 29,
    "scenario_id": "scenario-153-stop_run_sweep",
    "agent_id": "agent-stop_run_sweep",
    "order_id": "scenario-153-stop_run_sweep-agent-stop_run_sweep-29",
    "action": "new",
    "side": "buy",
    "price": 65312.62484999999,
    "quantity": 0.06,
    "remaining_quantity": 0.06
  }
]