[
  {
    "event_id": "6627579eaf64c3cc9d42b11b743b81b15a688a3a23c6de6e253a9a5d180dbcd6",
    "schema_version": "1.0.0",
    "event_type": "agent_order",
    "source": "synthetic_agent",
    "symbol": "BTCUSDT",
    "exchange": "binance_usdm",
    "timestamp": "2024-05-01T00:00:00Z",
    "sequence": 0,
    "scenario_id": "scenario-263-volatility_feedback",
    "agent_id": "agent-volatility_feedback",
    "order_id": "scenario-263-volatility_feedback-agent-volatility_feedback-0",
    "action": "new",
    "side": "buy",
    "price": 65328.26299999999,
    "quantity": 0.02,
    "remaining_quantity": 0.02
  },
  {
    "event_id": "23917779b434b7f51f7a7a0f8b6f4b0787b960c25a167a0232f3d910056f6906",
    "schema_version": "1.0.0",
    "event_type": "agent_order",
    "source": "synthetic_agent",
    "symbol": "BTCUSDT",
    "exchange": "binance_usdm",
    "timestamp": "2024-05-01T00:00:00.020000Z",
    "sequence": 1,
    "scenario_id": "scenario-263-volatility_feedback",
    "agent_id": "agent-volatility_feedback",
    "order_id": "scenario-263-volatility_feedback-agent-volatility_feedback-1",
    "action": "new",
    "side": "sell",
    "price": 65196.43174,
    "quantity": 0.03,
    "remaining_quantity": 0.03
  },
  {
    "event_id": "92765b9c017a17c4dd67735663ccaab47a327f2a9351a1ade34bb481cc92385c",
    "schema_version": "1.0.0",
    "event_type": "agent_order",
    "source": "synthetic_agent",
    "symbol": "BTCUSDT",
    "exchange": "binance_usdm",
    "timestamp": "2024-05-01T00:00:00.040000Z",
    "sequence": 2,
    "scenario_id": "scenario-263-volatility_feedback",
    "agent_id": "agent-volatility_feedback",
    "order_id": "scenario-263-volatility_feedback-agent-volatility_feedback-2",
    "action": "new",
    "side": "buy",
    "price": 65330.873519999994,
    "quantity": 0.04,
    "remaining_quantity": 0.04
  },
  {
    "event_id": "74f436d810ab4efc79dfad28a89a768f6170488a71ecc8acc73b3941ff6728e7",
    "schema_version": "1.0.0",
    "event_type": "agent_order",
    "source": "synthetic_agent",
    "symbol": "BTCUSDT",
    "exchange": "binance_usdm",
    "timestamp": "2024-05-01T00:00:00.060000Z",
    "sequence": 3,
    "scenario_id": "scenario-263-volatility_feedback",
    "agent_id": "agent-volatility_feedback",
    "order_id": "scenario-263-volatility_feedback-agent-volatility_feedback-3",
    "action": "new",
    "side": "sell",
    "price": 65193.821220000005,
    "quantity": 0.05,
    "remaining_quantity": 0.05
  },
  {
    "event_id": "61ba0b60e12bbc6394821bb9eb8d80133108146b7e8227b12c267182df4d3bef",
    "schema_version": "1.0.0",
    "event_type": "agent_order",
    "source": "synthetic_agent",
    "symbol": "BTCUSDT",
    "exchange": "binance_usdm",
    "timestamp": "2024-05-01T00:00:00.080000Z",
    "sequence": 4,
    "scenario_id": "scenario-263-volatility_feedback",
    "agent_id": "agent-volatility_feedback",
    "order_id": "scenario-263-volatility_feedback-agent-volatility_feedback-4",
    "action": "new",
    "side": "buy",
    "price": 65333.484039999996,
    "quantity": 0.02,
    "remaining_quantity": 0.02
  },
  {
    "event_id": "f97d344f218193a9b1d424fa7f1da2b4674061ef342d14cfd5bb71976f271db7",
    "schema_version": "1.0.0",
    "event_type": "agent_order",
    "source": "synthetic_agent",
    "symbol": "BTCUSDT",
    "exchange": "binance_usdm",
    "timestamp": "2024-05-01T00:00:00.100000Z",
    "sequence": 5,
    "scenario_id": "scenario-263-volatility_feedback",
    "agent_id": "agent-volatility_feedback",
    "order_id": "scenario-263-volatility_feedback-agent-volatility_feedback-5",
    "action": "new",
    "side": "sell",
    "price": 65191.2107,
    "quantity": 0.03,
    "remaining_quantity": 0.03
  },
  {
    "event_id": "db19f40ce8d95bff9205864f8b8df17c1ba9d4260a63c2f3c412b070f7be0bf5",
    "schema_version": "1.0.0",
    "event_type": "agent_order",
    "source": "synthetic_agent",
    "symbol": "BTCUSDT",
    "exchange": "binance_usdm",
    "timestamp": "2024-05-01T00:00:00.120000Z",
    "sequence": 6,
    "scenario_id": "scenario-263-volatility_feedback",
    "agent_id": "agent-volatility_feedback",
    "order_id": "scenario-263-volatility_feedback-agent-volatility_feedback-6",
    "action": "new",
    "side": "buy",
    "price": 65336.09456,
    "quantity": 0.04,
    "remaining_quantity": 0.04
  },
  {
    "event_id": "8ff9ac203c553296ddd49983038dd512ee3bf6fdf215fd4ffa8ea17f3a755f7b",
    "schema_version": "1.0.0",
    "event_type": "agent_order",
    "source": "synthetic_agent",
    "symbol": "BTCUSDT",
    "exchange": "binance_usdm",
    "timestamp": "2024-05-01T00:00:00.140000Z",
    "sequence": 7,
    "scenario_id": "scenario-263-volatility_feedback",
    "agent_id": "agent-volatility_feedback",
    "order_id": "scenario-263-volatility_feedback-agent-volatility_feedback-7",
    "action": "new",
    "side": "sell",
    "price": 65188.60018,
    "quantity": 0.05,
    "remaining_quantity": 0.05
  },
  {
    "event_id": "78d9f713d5121a5e6a8bea9771a24eec29af40ec635240c34847f476e5d31449",
    "schema_version": "1.0.0",
    "event_type": "agent_order",
    "source": "synthetic_agent",
    "symbol": "BTCUSDT",
    "exchange": "binance_usdm",
    "timestamp": "2024-05-01T00:00:00.160000Z",
    "sequence": 8,
    "scenario_id": "scenario-263-volatility_feedback",
    "agent_id": "agent-volatility_feedback",
    "order_id": "scenario-263-volatility_feedback-agent-volatility_feedback-8",
    "action": "new",
    "side": "buy",
    "price": 65338.70508,
    "quantity": 0.02,
    "remaining_quantity": 0.02
  },
  {
    "event_id": "41f363b7170a704acd24648ec013e82353b113fcc92cc6d348e40cbdcfa07297",
    "schema_version": "1.0.0",
    "event_type": "agent_order",
    "source": "synthetic_agent",
    "symbol": "BTCUSDT",
    "exchange": "binance_usdm",
    "timestamp": "2024-05-01T00:00:00.180000Z",
    "sequence": 9,
    "scenario_id": "scenario-263-volatility_feedback",
    "agent_id": "agent-volatility_feedback",
    "order_id": "scenario-263-volatility_feedback-agent-volatility_feedback-9",
    "action": "new",
    "side": "sell",
    "price": 65185.98966,
    "quantity": 0.03,
    "remaining_quantity": 0.03
  },
  {
    "event_id": "8f4c0b9658bd9c143583d2ee0fbf17137458160bd36324f6e53d9aeb4581df9c",
    "schema_version": "1.0.0",
    "event_type": "agent_order",
    "source": "synthetic_agent",
    "symbol": "BTCUSDT",
    "exchange": "binance_usdm",
    "timestamp": "2024-05-01T00:00:00.200000Z",
    "sequence": 10,
    "scenario_id": "scenario-263-volatility_feedback",
    "agent_id": "agent-volatility_feedback",
    "order_id": "scenario-263-volatility_feedback-agent-volatility_feedback-10",
    "action": "new",
    "side": "buy",
    "price": 65341.31560000001,
    "quantity": 0.04,
    "remaining_quantity": 0.04
  },
  {
    "event_id": "0bbacec0d9d675f4d7c22884feb70a57fb179cf97c06d029486da5947703fa80",
    "schema_version": "1.0.0",
    "event_type": "agent_order",
    "source": "synthetic_agent",
    "symbol": "BTCUSDT",
    "exchange": "binance_usdm",
    "timestamp": "2024-05-01T00:00:00.220000Z",
    "sequence": 11,
    "scenario_id": "scenario-263-volatility_feedback",
    "agent_id": "agent-volatility_feedback",
    "order_id": "scenario-263-volatility_feedback-agent-volatility_feedback-11",
    "action": "new",
    "side": "sell",
    "price": 65183.37914,
    "quantity": 0.05,
    "remaining_quantity": 0.05
  },
  {
    "event_id": "c8aa26bc41340978abac76bd62996f2781515a662a3646b620ce67c380d8a786",
    "schema_version": "1.0.0",
    "event_type": "agent_order",
    "source": "synthetic_agent",
    "symbol": "BTCUSDT",
    "exchange": "binance_usdm",
    "timestamp": "2024-05-01T00:00:00.240000Z",
    "sequence": 12,
    "scenario_id": "scenario-263-volatility_feedback",
    "agent_id": "agent-volatility_feedback",
    "order_id": "scenario-263-volatility_feedback-agent-volatility_feedback-12",
    "action": "new",
    "side": "buy",
    "price": 65343.92612,
    "quantity": 0.02,
    "remaining_quantity": 0.02
  },
  {
    "event_id": "1304fcd3fc5616ea33f421b672f9d2259dc8345052a94b43399efad82a90cddf",
    "schema_version": "1.0.0",
    "event_type": "agent_order",
    "source": "synthetic_agent",
    "symbol": "BTCUSDT",
    "exchange": "binance_usdm",
    "timestamp": "2024-05-01T00:00:00.260000Z",
    "sequence": 13,
    "scenario_id": "scenario-263-volatility_feedback",
    "agent_id": "agent-volatility_feedback",
    "order_id": "scenario-263-volatility_feedback-agent-volatility_feedback-13",
    "action": "new",
    "side": "sell",
    "price": 65180.768619999995,
    "quantity": 0.03,
    "remaining_quantity": 0.03
  },
  {
    "event_id": "f1f2f0abc68076f87e646998daa85b4f72f1c9e166faf3f258f3ce766e6777b9",
    "schema_version": "1.0.0",
    "event_type": "agent_order",
    "source": "synthetic_agent",
    "symbol": "BTCUSDT",
    "exchange": "binance_usdm",
    "timestamp": "2024-05-01T00:00:00.280000Z",
    "sequence": 14,
    "scenario_id": "scenario-263-volatility_feedback",
    "agent_id": "agent-volatility_feedback",
    "order_id": "scenario-263-volatility_feedback-agent-volatility_feedback-14",
    "action": "new",
    "side": "buy",
    "price": 65346.53664,
    "quantity": 0.04,
    "remaining_quantity": 0.04
  },
  {
    "event_id": "a7f39370067ea858b0d3cb3d3be8487c46c67f490b96d81c301d12238cfce699",
    "schema_version": "1.0.0",
    "event_type": "agent_order",
    "source": "synthetic_agent",
    "symbol": "BTCUSDT",
    "exchange": "binance_usdm",
    "timestamp": "2024-05-01T00:00:00.300000Z",
    "sequence": 15,
    "scenario_id": "scenario-263-volatility_feedback",
    "agent_id": "agent-volatility_feedback",
    "order_id": "scenario-263-volatility_feedback-agent-volatility_feedback-15",
    "action": "new",
    "side": "sell",
    "price": 65178.1581,
    "quantity": 0.05,
    "remaining_quantity": 0.05
  },
  {
    "event_id": "1ba93c0fef3545b8d3ae558a0eab91f3c5a2945963fee0e6511f532252caac48",
    "schema_version": "1.0.0",
    "event_type": "agent_order",
    "source": "synthetic_agent",
    "symbol": "BTCUSDT",
    "exchange": "binance_usdm",
    "timestamp": "2024-05-01T00:00:00.320000Z",
    "sequence": 16,
    "scenario_id": "scenario-263-volatility_feedback",
    "agent_id": "agent-volatility_feedback",
    "order_id": "scenario-263-volatility_feedback-agent-volatility_feedback-16",
    "action": "new",
    "side": "buy",
    "price": 65349.14716,
    "quantity": 0.02,
    "remaining_quantity": 0.02
  },
  {
    "event_id": "1f27d59ba9097c935795b6a1606a22a021554d62e1bc8181035d594eb0a442f4",
    "schema_version": "1.0.0",
    "event_type": "agent_order",
    "source": "synthetic_agent",
    "symbol": "BTCUSDT",
    "exchange": "binance_usdm",
    "timestamp": "2024-05-01T00:00:00.340000Z",
    "sequence": 17,
    "scenario_id": "scenario-263-volatility_feedback",
    "agent_id": "agent-volatility_feedback",
    "order_id": "scenario-263-volatility_feedback-agent-volatility_feedback-17",
    "action": "new",
    "side": "sell",
    "price": 65175.54758,
    "quantity": 0.03,
    "remaining_quantity": 0.03
  },
  {
    "event_id": "79407a33136c3e393c5802a5ea34f255429a3ef03dc10e82a513d8a67f9ad34d",
    "schema_version": "1.0.0",
    "event_type": "agent_order",
    "source": "synthetic_agent",
    "symbol": "BTCUSDT",
    "exchange": "binance_usdm",
    "timestamp": "2024-05-01T00:00:00.360000Z",
    "sequence": 18,
    "scenario_id": "scenario-263-volatility_feedback",
    "agent_id": "agent-volatility_feedback",
    "order_id": "scenario-263-volatility_feedback-agent-volatility_feedback-18",
    "action": "new",
    "side": "buy",
    "price": 65351.75768,
    "quantity": 0.04,
    "remaining_quantity": 0.04
  },
  {
    "event_id": "248b20ca3d592e6e87f9780f0539651aa6700969dbcc17b741239c438d81ce7a",
    "schema_version": "1.0.0",
    "event_type": "agent_order",
    "source": "synthetic_agent",
    "symbol": "BTCUSDT",
    "exchange": "binance_usdm",
    "timestamp": "2024-05-01T00:00:00.380000Z",
    "sequence": 19,
    "scenario_id": "scenario-263-volatility_feedback",
    "agent_id": "agent-volatility_feedback",
    "order_id": "scenario-263-volatility_feedback-agent-volatility_feedback-19",
    "action": "new",
    "side": "sell",
    "price": 65172.93706,
    "quantity": 0.05,
    "remaining_quantity": 0.05
  },
  {
    "event_id": "62041a15adc22d31c7afbfeeea9e605b2975ff0ed955d5f6504e2bede041f708",
    "schema_version": "1.0.0",
    "event_type": "agent_order",
    "source": "synthetic_agent",
    "symbol": "BTCUSDT",
    "exchange": "binance_usdm",
    "timestamp": "2024-05-01T00:00:00.400000Z",
    "sequence": 20,
    "scenario_id": "scenario-263-volatility_feedback",
    "agent_id": "agent-volatility_feedback",
    "order_id": "scenario-263-volatility_feedback-agent-volatility_feedback-20",
    "action": "new",
    "side": "buy",
    "price": 65354.368200000004,
    "quantity": 0.02,
    "remaining_quantity": 0.02
  },
  {
    "event_id": "fe5c1bd88c838d84830dff048909bbe21401c01679931a51275076b024b1ace2",
    "schema_version": "1.0.0",
    "event_type": "agent_order",
    "source": "synthetic_agent",
    "symbol": "BTCUSDT",
    "exchange": "binance_usdm",
    "timestamp": "2024-05-01T00:00:00.420000Z",
    "sequence": 21,
    "scenario_id": "scenario-263-volatility_feedback",
    "agent_id": "agent-volatility_feedback",
    "order_id": "scenario-263-volatility_feedback-agent-volatility_feedback-21",
    "action": "new",
    "side": "sell",
    "price": 65170.32654,
    "quantity": 0.03,
    "remaining_quantity": 0.03
  },
  {
    "event_id": "13925bfe794037eec8eb8ac2e13b9ee51f2868807d7d704d4d5166d47cbf5f95",
    "schema_version": "1.0.0",
    "event_type": "agent_order",
    "source": "synthetic_agent",
    "symbol": "BTCUSDT",
    "exchange": "binance_usdm",
    "timestamp": "2024-05-01T00:00:00.440000Z",
    "sequence": 22,
    "scenario_id": "scenario-263-volatility_feedback",
    "agent_id": "agent-volatility_feedback",
    "order_id": "scenario-263-volatility_feedback-agent-volatility_feedback-22",
    "action": "new",
    "side": "buy",
    "price": 65356.97872000001,
    "quantity": 0.04,
    "remaining_quantity": 0.04
  },
  {
    "event_id": "060250a3e609cf1719f5b727fe08d90162f8dd175a15a37ed82f3e6ebffebceb",
    "schema_version": "1.0.0",
    "event_type": "agent_order",
    "source": "synthetic_agent",
    "symbol": "BTCUSDT",
    "exchange": "binance_usdm",
    "timestamp": "2024-05-01T00:00:00.460000Z",
    "sequence": 23,
    "scenario_id": "scenario-263-volatility_feedback",
    "agent_id": "agent-volatility_feedback",
    "order_id": "scenario-263-volatility_feedback-agent-volatility_feedback-23",
    "action": "new",
    "side": "sell",
    "price": 65167.71602,
    "quantity": 0.05,
    "remaining_quantity": 0.05
  },
  {
    "event_id": "1ff1364c7ace0b25563212e4f6135e9699b821deac93f8680e6fd4f6046bdd07",
    "schema_version": "1.0.0",
    "event_type": "agent_order",
    "source": "synthetic_agent",
    "symbol": "BTCUSDT",
    "exchange": "binance_usdm",
    "timestamp": "2024-05-01T00:00:00.480000Z",
    "sequence": 24,
    "scenario_id": "scenario-263-volatility_feedback",
    "agent_id": "agent-volatility_feedback",
    "order_id": "scenario-263-volatility_feedback-agent-volatility_feedback-24",
    "action": "new",
    "side": "buy",
    "price": 65359.589239999994,
    "quantity": 0.02,
    "remaining_quantity": 0.02
  },
  {
    "event_id": "cddb4392b39125bd5db182f0a09b5f97997255dd6a95613f1ca1db308683d32b",
    "schema_version": "1.0.0",
    "event_type": "agent_order",
    "source": "synthetic_agent",
    "symbol": "BTCUSDT",
    "exchange": "binance_usdm",
    "timestamp": "2024-05-01T00:00:00.500000Z",
    "sequence": 25,
    "scenario_id": "scenario-263-volatility_feedback",
    "agent_id": "agent-volatility_feedback",
    "order_id": "scenario-263-volatility_feedback-agent-volatility_feedback-25",
    "action": "new",
    "side": "sell",
    "price": 65165.105500000005,
    "quantity": 0.03,
    "remaining_quantity": 0.03
  },
  {
    "event_id": "cb87f3524d1a17bd032b390319e030c944cba09312ec0fd5c1216938c78d642e",
    "schema_version": "1.0.0",
    "event_type": "agent_order",
    "source": "synthetic_agent",
    "symbol": "BTCUSDT",
    "exchange": "binance_usdm",
    "timestamp": "2024-05-01T00:00:00.520000Z",
    "sequence": 26,
    "scenario_id": "scenario-263-volatility_feedback",
    "agent_id": "agent-volatility_feedback",
    "order_id": "scenario-263-volatility_feedback-agent-volatility_feedback-26",
    "action": "new",
    "side": "buy",
    "price": 65362.199759999996,
    "quantity": 0.04,
    "remaining_quantity": 0.04
  },
  {
    "event_id": "4191142fb38d521efd8dd0b2396868c6b4a14a6b02213be100535b971b7c19a0",
    "schema_version": "1.0.0",
    "event_type": "agent_order",
    "source": "synthetic_agent",
    "symbol": "BTCUSDT",
    "exchange": "binance_usdm",
    "timestamp": "2024-05-01T00:00:00.540000Z",
    "sequence": 27,
    "scenario_id": "scenario-263-volatility_feedback",
    "agent_id": "agent-volatility_feedback",
    "order_id": "scenario-263-volatility_feedback-agent-volatility_feedback-27",
    "action": "new",
    "side": "sell",
    "price": 65162.49498,
    "quantity": 0.05,
    "remaining_quantity": 0.05
  },
  {
    "event_id": "d239de188fb21c6f355ab72d19d25a1d9cb29a85432e812ada144774bff6893a",
    "schema_version": "1.0.0",
    "event_type": "agent_order",
    "source": "synthetic_agent",
    "symbol": "BTCUSDT",
    "exchange": "binance_usdm",
    "timestamp": "2024-05-01T00:00:00.560000Z",
    "sequence": 28,
    "scenario_id": "scenario-263-volatility_feedback",
    "agent_id": "agent-volatility_feedback",
    "order_id": "scenario-263-volatility_feedback-agent-volatility_feedback-28",
    "action": "new",
    "side": "buy",
    "price": 65364.81028,
    "quantity": 0.02,
    "remaining_quantity": 0.02
  },
  {
    "event_id": "7062ccbf16259b19cf3ca07e4ca794f671e915b01fe00f48f2da8cfbd541f7dd",
    "schema_version": "1.0.0",
    "event_type": "agent_order",
    "source": "synthetic_agent",
    "symbol": "BTCUSDT",
    "exchange": "binance_usdm",
    "timestamp": "2024-05-01T00:00:00.580000Z",
    "sequence": 29,
    "scenario_id": "scenario-263-volatility_feedback",
    "agent_id": "agent-volatility_feedback",
    "order_id": "scenario-263-volatility_feedback-agent-volatility_feedback-29",
    "action": "new",
    "side": "sell",
    "price": 65159.88446,
    "quantity": 0.03,
    "remaining_quantity": 0.03
  }
]