[
  {
    "event_id": "5aae5b2e9a25db02250391973e9d6216d99b1f71282207e872c08d13b95d84a9",
    "schema_version": "1.0.0",
    "event_type": "agent_order",
    "source": "synthetic_agent",
    "symbol": "BTCUSDT",
    "exchange": "binance_usdm",
    "timestamp": "2024-05-01T00:00:00Z",
    "sequence": 0,
    "scenario_id": "scenario-491-volatility_feedback",
    "agent_id": "agent-volatility_feedback",
    "order_id": "scenario-491-volatility_feedback-agent-volatility_feedback-0",
    "action": "new",
    "side": "buy",
    "price": 65556.491,
    "quantity": 0.02,
    "remaining_quantity": 0.02
  },
  {
    "event_id": "16de0a5adc94977f70c48b9971c90155758e8a029316a9ee6b45e4370ded5e06",
    "schema_version": "1.0.0",
    "event_type": "agent_order",
    "source": "synthetic_agent",
    "symbol": "BTCUSDT",
    "exchange": "binance_usdm",
    "timestamp": "2024-05-01T00:00:00.020000Z",
    "sequence": 1,
    "scenario_id": "scenario-491-volatility_feedback",
    "agent_id": "agent-volatility_feedback",
    "order_id": "scenario-491-volatility_feedback-agent-volatility_feedback-1",
    "action": "new",
    "side": "sell",
    "price": 65424.199179999996,
    "quantity": 0.03,
    "remaining_quantity": 0.03
  },
  {
    "event_id": "2f1ce26d61423748356ee7bce14ad734b79f33c75be0b3a5c93fe3e3f987a413",
    "schema_version": "1.0.0",
    "event_type": "agent_order",
    "source": "synthetic_agent",
    "symbol": "BTCUSDT",
    "exchange": "binance_usdm",
    "timestamp": "2024-05-01T00:00:00.040000Z",
    "sequence": 2,
    "scenario_id": "scenario-491-volatility_feedback",
    "agent_id": "agent-volatility_feedback",
    "order_id": "scenario-491-volatility_feedback-agent-volatility_feedback-2",
    "action": "new",
    "side": "buy",
    "price": 65559.11064,
    "quantity": 0.04,
    "remaining_quantity": 0.04
  },
  {
    "event_id": "fa1cb86628cfade13bd484ed12cee83bcc5348cb539fc5677e3821957755eacc",
    "schema_version": "1.0.0",
    "event_type": "agent_order",
    "source": "synthetic_agent",
    "symbol": "BTCUSDT",
    "exchange": "binance_usdm",
    "timestamp": "2024-05-01T00:00:00.060000Z",
    "sequence": 3,
    "scenario_id": "scenario-491-volatility_feedback",
    "agent_id": "agent-volatility_feedback",
    "order_id": "scenario-491-volatility_feedback-agent-volatility_feedback-3",
    "action": "new",
    "side": "sell",
    "price": 65421.579540000006,
    "quantity": 0.05,
    "remaining_quantity": 0.05
  },
  {
    "event_id": "f5a442a835b37f408fa4db180d02d3315bc1c119ad5d91c379488c71951b7bba",
    "schema_version": "1.0.0",
    "event_type": "agent_order",
    "source": "synthetic_agent",
    "symbol": "BTCUSDT",
    "exchange": "binance_usdm",
    "timestamp": "2024-05-01T00:00:00.080000Z",
    "sequence": 4,
    "scenario_id": "scenario-491-volatility_feedback",
    "agent_id": "agent-volatility_feedback",
    "order_id": "scenario-491-volatility_feedback-agent-volatility_feedback-4",
    "action": "new",
    "side": "buy",
    "price": 65561.73028,
    "quantity": 0.02,
    "remaining_quantity": 0.02
  },
  {
    "event_id": "efd1c8a5af941d067a8d094fb1dce77361b578ac603d2c3f72be175a0fb43b40",
    "schema_version": "1.0.0",
    "event_type": "agent_order",
    "source": "synthetic_agent",
    "symbol": "BTCUSDT",
    "exchange": "binance_usdm",
    "timestamp": "2024-05-01T00:00:00.100000Z",
    "sequence": 5,
    "scenario_id": "scenario-491-volatility_feedback",
    "agent_id": "agent-volatility_feedback",
    "order_id": "scenario-491-volatility_feedback-agent-volatility_feedback-5",
    "action": "new",
    "side": "sell",
    "price": 65418.9599,
    "quantity": 0.03,
    "remaining_quantity": 0.03
  },
  {
    "event_id": "2fe73e33499daa95bb7bc24bb345c1bd5e70a41520c5f4a980aac8b357791d62",
    "schema_version": "1.0.0",
    "event_type": "agent_order",
    "source": "synthetic_agent",
    "symbol": "BTCUSDT",
    "exchange": "binance_usdm",
    "timestamp": "2024-05-01T00:00:00.120000Z",
    "sequence": 6,
    "scenario_id": "scenario-491-volatility_feedback",
    "agent_id": "agent-volatility_feedback",
    "order_id": "scenario-491-volatility_feedback-agent-volatility_feedback-6",
    "action": "new",
    "side": "buy",
    "price": 65564.34992000001,
    "quantity": 0.04,
    "remaining_quantity": 0.04
  },
  {
    "event_id": "f1d1a55872de95a8f41cca5493d222703d1f5826fa987520c011d7bdf53b1f43",
    "schema_version": "1.0.0",
    "event_type": "agent_order",
    "source": "synthetic_agent",
    "symbol": "BTCUSDT",
    "exchange": "binance_usdm",
    "timestamp": "2024-05-01T00:00:00.140000Z",
    "sequence": 7,
    "scenario_id": "scenario-491-volatility_feedback",
    "agent_id": "agent-volatility_feedback",
    "order_id": "scenario-491-volatility_feedback-agent-volatility_feedback-7",
    "action": "new",
    "side": "sell",
    "price": 65416.34026,
    "quantity": 0.05,
    "remaining_quantity": 0.05
  },
  {
    "event_id": "f916b6a40b64550db8f4694252e95f91f58ecd262b347466bd028dba0810f842",
    "schema_version": "1.0.0",
    "event_type": "agent_order",
    "source": "synthetic_agent",
    "symbol": "BTCUSDT",
    "exchange": "binance_usdm",
    "timestamp": "2024-05-01T00:00:00.160000Z",
    "sequence": 8,
    "scenario_id": "scenario-491-volatility_feedback",
    "agent_id": "agent-volatility_feedback",
    "order_id": "scenario-491-volatility_feedback-agent-volatility_feedback-8",
    "action": "new",
    "side": "buy",
    "price": 65566.96956,
    "quantity": 0.02,
    "remaining_quantity": 0.02
  },
  {
    "event_id": "db145ed8293c00a68dde2102b6aebc4db4a99944a3e32cadc13e951f1bef7ddb",
    "schema_version": "1.0.0",
    "event_type": "agent_order",
    "source": "synthetic_agent",
    "symbol": "BTCUSDT",
    "exchange": "binance_usdm",
    "timestamp": "2024-05-01T00:00:00.180000Z",
    "sequence": 9,
    "scenario_id": "scenario-491-volatility_feedback",
    "agent_id": "agent-volatility_feedback",
    "order_id": "scenario-491-volatility_feedback-agent-volatility_feedback-9",
    "action": "new",
    "side": "sell",
    "price": 65413.72062,
    "quantity": 0.03,
    "remaining_quantity": 0.03
  },
  {
    "event_id": "519e3a66cdf97c18931b13ff64854d210999836f786d02fed988aa354791f7b8",
    "schema_version": "1.0.0",
    "event_type": "agent_order",
    "source": "synthetic_agent",
    "symbol": "BTCUSDT",
    "exchange": "binance_usdm",
    "timestamp": "2024-05-01T00:00:00.200000Z",
    "sequence": 10,
    "scenario_id": "scenario-491-volatility_feedback",
    "agent_id": "agent-volatility_feedback",
    "order_id": "scenario-491-volatility_feedback-agent-volatility_feedback-10",
    "action": "new",
    "side": "buy",
    "price": 65569.5892,
    "quantity": 0.04,
    "remaining_quantity": 0.04
  },
  {
    "event_id": "ab5f8339555ec3187a90e021e56fc7dee3792b7ee83bbc8dde9938812f14325e",
    "schema_version": "1.0.0",
    "event_type": "agent_order",
    "source": "synthetic_agent",
    "symbol": "BTCUSDT",
    "exchange": "binance_usdm",
    "timestamp": "2024-05-01T00:00:00.220000Z",
    "sequence": 11,
    "scenario_id": "scenario-491-volatility_feedback",
    "agent_id": "agent-volatility_feedback",
    "order_id": "scenario-491-volatility_feedback-agent-volatility_feedback-11",
    "action": "new",
    "side": "sell",
    "price": 65411.10098,
    "quantity": 0.05,
    "remaining_quantity": 0.05
  },
  {
    "event_id": "b1f13cd69dfa8d14d87c2820b2570cab885809034a18ab53b32b1e0726afe4e8",
    "schema_version": "1.0.0",
    "event_type": "agent_order",
    "source": "synthetic_agent",
    "symbol": "BTCUSDT",
    "exchange": "binance_usdm",
    "timestamp": "2024-05-01T00:00:00.240000Z",
    "sequence": 12,
    "scenario_id": "scenario-491-volatility_feedback",
    "agent_id": "agent-volatility_feedback",
    "order_id": "scenario-491-volatility_feedback-agent-volatility_feedback-12",
    "action": "new",
    "side": "buy",
    "price": 65572.20883999999,
    "quantity": 0.02,
    "remaining_quantity": 0.02
  },
  {
    "event_id": "2ca47c1927f09ab47c38c8a0abecf2bc668f2a270f78dca3734f3fc239237a8c",
    "schema_version": "1.0.0",
    "event_type": "agent_order",
    "source": "synthetic_agent",
    "symbol": "BTCUSDT",
    "exchange": "binance_usdm",
    "timestamp": "2024-05-01T00:00:00.260000Z",
    "sequence": 13,
    "scenario_id": "scenario-491-volatility_feedback",
    "agent_id": "agent-volatility_feedback",
    "order_id": "scenario-491-volatility_feedback-agent-volatility_feedback-13",
    "action": "new",
    "side": "sell",
    "price": 65408.48134,
    "quantity": 0.03,
    "remaining_quantity": 0.03
  },
  {
    "event_id": "8a028620134e56622860e4602a2fe574600f2c543d32df9b421c957502586fb4",
    "schema_version": "1.0.0",
    "event_type": "agent_order",
    "source": "synthetic_agent",
    "symbol": "BTCUSDT",
    "exchange": "binance_usdm",
    "timestamp": "2024-05-01T00:00:00.280000Z",
    "sequence": 14,
    "scenario_id": "scenario-491-volatility_feedback",
    "agent_id": "agent-volatility_feedback",
    "order_id": "scenario-491-volatility_feedback-agent-volatility_feedback-14",
    "action": "new",
    "side": "buy",
    "price": 65574.82848,
    "quantity": 0.04,
    "remaining_quantity": 0.04
  },
  {
    "event_id": "e5c6d7fea351a8b83c6d6b3b98c7608443ae19c83f041398493281e2b8a03bd4",
    "schema_version": "1.0.0",
    "event_type": "agent_order",
    "source": "synthetic_agent",
    "symbol": "BTCUSDT",
    "exchange": "binance_usdm",
    "timestamp": "2024-05-01T00:00:00.300000Z",
    "sequence": 15,
    "scenario_id": "scenario-491-volatility_feedback",
    "agent_id": "agent-volatility_feedback",
    "order_id": "scenario-491-volatility_feedback-agent-volatility_feedback-15",
    "action": "new",
    "side": "sell",
    "price": 65405.8617,
    "quantity": 0.05,
    "remaining_quantity": 0.05
  },
  {
    "event_id": "3b25cc36da2f8c1c301ccde7777541d05198b625f94b90e0a9be94892da2ce95",
    "schema_version": "1.0.0",
    "event_type": "agent_order",
    "source": "synthetic_agent",
    "symbol": "BTCUSDT",
    "exchange": "binance_usdm",
    "timestamp": "2024-05-01T00:00:00.320000Z",
    "sequence": 16,
    "scenario_id": "scenario-491-volatility_feedback",
    "agent_id": "agent-volatility_feedback",
    "order_id": "scenario-491-volatility_feedback-agent-volatility_feedback-16",
    "action": "new",
    "side": "buy",
    "price": 65577.44812,
    "quantity": 0.02,
    "remaining_quantity": 0.02
  },
  {
    "event_id": "52b556a9817829e7f59de0e609a3123cc6813e99b3bae93b5c89344ae892830e",
    "schema_version": "1.0.0",
    "event_type": "agent_order",
    "source": "synthetic_agent",
    "symbol": "BTCUSDT",
    "exchange": "binance_usdm",
    "timestamp": "2024-05-01T00:00:00.340000Z",
    "sequence": 17,
    "scenario_id": "scenario-491-volatility_feedback",
    "agent_id": "agent-volatility_feedback",
    "order_id": "scenario-491-volatility_feedback-agent-volatility_feedback-17",
    "action": "new",
    "side": "sell",
    "price": 65403.24206,
    "quantity": 0.03,
    "remaining_quantity": 0.03
  },
  {
    "event_id": "e3bdd300d4ef73d1e1d538f91dc3c354226d7df39b20b60132113d694f0852eb",
    "schema_version": "1.0.0",
    "event_type": "agent_order",
    "source": "synthetic_agent",
    "symbol": "BTCUSDT",
    "exchange": "binance_usdm",
    "timestamp": "2024-05-01T00:00:00.360000Z",
    "sequence": 18,
    "scenario_id": "scenario-491-volatility_feedback",
    "agent_id": "agent-volatility_feedback",
    "order_id": "scenario-491-volatility_feedback-agent-volatility_feedback-18",
    "action": "new",
    "side": "buy",
    "price": 65580.06776,
    "quantity": 0.04,
    "remaining_quantity": 0.04
  },
  {
    "event_id": "a3e9966bcba8e4abb33c63e77d93376a5775dcde7b847c17bd0c9bae9e20cf57",
    "schema_version": "1.0.0",
    "event_type": "agent_order",
    "source": "synthetic_agent",
    "symbol": "BTCUSDT",
    "exchange": "binance_usdm",
    "timestamp": "2024-05-01T00:00:00.380000Z",
    "sequence": 19,
    "scenario_id": "scenario-491-volatility_feedback",
    "agent_id": "agent-volatility_feedback",
    "order_id": "scenario-491-volatility_feedback-agent-volatility_feedback-19",
    "action": "new",
    "side": "sell",
    "price": 65400.62242,
    "quantity": 0.05,
    "remaining_quantity": 0.05
  },
  {
    "event_id": "a2041e4f5e847eb09b7a366091b7d77459a2f2f097ee7cb96f548519cc6acbf8",
    "schema_version": "1.0.0",
    "event_type": "agent_order",
    "source": "synthetic_agent",
    "symbol": "BTCUSDT",
    "exchange": "binance_usdm",
    "timestamp": "2024-05-01T00:00:00.400000Z",
    "sequence": 20,
    "scenario_id": "scenario-491-volatility_feedback",
    "agent_id": "agent-volatility_feedback",
    "order_id": "scenario-491-volatility_feedback-agent-volatility_feedback-20",
    "action": "new",
    "side": "buy",
    "price": 65582.68740000001,
    "quantity": 0.02,
    "remaining_quantity": 0.02
  },
  {
    "event_id": "09a2ee025ffb0e9ae515126af1217a6aff3b1fa33e05abacdd21f569fcc02d54",
    "schema_version": "1.0.0",
    "event_type": "agent_order",
    "source": "synthetic_agent",
    "symbol": "BTCUSDT",
    "exchange": "binance_usdm",
    "timestamp": "2024-05-01T00:00:00.420000Z",
    "sequence": 21,
    "scenario_id": "scenario-491-volatility_feedback",
    "agent_id": "agent-volatility_feedback",
    "order_id": "scenario-491-volatility_feedback-agent-volatility_feedback-21",
    "action": "new",
    "side": "sell",
    "price": 65398.00278,
    "quantity": 0.03,
    "remaining_quantity": 0.03
  },
  {
    "event_id": "a8da073061ecbd0e83519f1c070b1c65fc42eb6bb65811a3b4e6c2bc0e559e36",
    "schema_version": "1.0.0",
    "event_type": "agent_order",
    "source": "synthetic_agent",
    "symbol": "BTCUSDT",
    "exchange": "binance_usdm",
    "timestamp": "2024-05-01T00:00:00.440000Z",
    "sequence": 22,
    "scenario_id": "scenario-491-volatility_feedback",
    "agent_id": "agent-volatility_feedback",
    "order_id": "scenario-491-volatility_feedback-agent-volatility_feedback-22",
    "action": "new",
    "side": "buy",
    "price": 65585.30704000001,
    "quantity": 0.04,
    "remaining_quantity": 0.04
  },
  {
    "event_id": "2d094af0ba78cb56ea0853a1d8dcabdd6fe22f07897dc6dc6998659cc6bfa3af",
    "schema_version": "1.0.0",
    "event_type": "agent_order",
    "source": "synthetic_agent",
    "symbol": "BTCUSDT",
    "exchange": "binance_usdm",
    "timestamp": "2024-05-01T00:00:00.460000Z",
    "sequence": 23,
    "scenario_id": "scenario-491-volatility_feedback",
    "agent_id": "agent-volatility_feedback",
    "order_id": "scenario-491-volatility_feedback-agent-volatility_feedback-23",
    "action": "new",
    "side": "sell",
    "price": 65395.38314,
    "quantity": 0.05,
    "remaining_quantity": 0.05
  },
  {
    "event_id": "c19d8d2eca3409f8ab33864bcdf8dbbe0e12ae865a0bd3244887c2ce0c62cf9c",
    "schema_version": "1.0.0",
    "event_type": "agent_order",
    "source": "synthetic_agent",
    "symbol": "BTCUSDT",
    "exchange": "binance_usdm",
    "timestamp": "2024-05-01T00:00:00.480000Z",
    "sequence": 24,
    "scenario_id": "scenario-491-volatility_feedback",
    "agent_id": "agent-volatility_feedback",
    "order_id": "scenario-491-volatility_feedback-agent-volatility_feedback-24",
    "action": "new",
    "side": "buy",
    "price": 65587.92667999999,
    "quantity": 0.02,
    "remaining_quantity": 0.02
  },
  {
    "event_id": "8d9126a3a28066c4ba0b55cd0eee412a02c13129eec5b7ceb829c5cc7d39b239",
    "schema_version": "1.0.0",
    "event_type": "agent_order",
    "source": "synthetic_agent",
    "symbol": "BTCUSDT",
    "exchange": "binance_usdm",
    "timestamp": "2024-05-01T00:00:00.500000Z",
    "sequence": 25,
    "scenario_id": "scenario-491-volatility_feedback",
    "agent_id": "agent-volatility_feedback",
    "order_id": "scenario-491-volatility_feedback-agent-volatility_feedback-25",
    "action": "new",
    "side": "sell",
    "price": 65392.7635,
    "quantity": 0.03,
    "remaining_quantity": 0.03
  },
  {
    "event_id": "63232783e9c1f976ba960959d0430c54a74ae40fec2aecd7b036c8b6db675271",
    "schema_version": "1.0.0",
    "event_type": "agent_order",
    "source": "synthetic_agent",
    "symbol": "BTCUSDT",
    "exchange": "binance_usdm",
    "timestamp": "2024-05-01T00:00:00.520000Z",
    "sequence": 26,
    "scenario_id": "scenario-491-volatility_feedback",
    "agent_id": "agent-volatility_feedback",
    "order_id": "scenario-491-volatility_feedback-agent-volatility_feedback-26",
    "action": "new",
    "side": "buy",
    "price": 65590.54632,
    "quantity": 0.04,
    "remaining_quantity": 0.04
  },
  {
    "event_id": "f8e8488566c6870a0c26905f26e3d7bf34ba4f56f4a8cad429c16347e92e4e04",
    "schema_version": "1.0.0",
    "event_type": "agent_order",
    "source": "synthetic_agent",
    "symbol": "BTCUSDT",
    "exchange": "binance_usdm",
    "timestamp": "2024-05-01T00:00:00.540000Z",
    "sequence": 27,
    "scenario_id": "scenario-491-volatility_feedback",
    "agent_id": "agent-volatility_feedback",
    "order_id": "scenario-491-volatility_feedback-agent-volatility_feedback-27",
    "action": "new",
    "side": "sell",
    "price": 65390.143860000004,
    "quantity": 0.05,
    "remaining_quantity": 0.05
  },
  {
    "event_id": "8726d8c4070b2440a34322e4658b1d0029b9a9781f70193d708082cbe85bb5fa",
    "schema_version": "1.0.0",
    "event_type": "agent_order",
    "source": "synthetic_agent",
    "symbol": "BTCUSDT",
    "exchange": "binance_usdm",
    "timestamp": "2024-05-01T00:00:00.560000Z",
    "sequence": 28,
    "scenario_id": "scenario-491-volatility_feedback",
    "agent_id": "agent-volatility_feedback",
    "order_id": "scenario-491-volatility_feedback-agent-volatility_feedback-28",
    "action": "new",
    "side": "buy",
    "price": 65593.16596,
    "quantity": 0.02,
    "remaining_quantity": 0.02
  },
  {
    "event_id": "249fdf3a48270d8a8deb0bd56f0443ca9df4d5b6e10a9c8acd6a1bc59502d411",
    "schema_version": "1.0.0",
    "event_type": "agent_order",
    "source": "synthetic_agent",
    "symbol": "BTCUSDT",
    "exchange": "binance_usdm",
    "timestamp": "2024-05-01T00:00:00.580000Z",
    "sequence": 29,
    "scenario_id": "scenario-491-volatility_feedback",
    "agent_id": "agent-volatility_feedback",
    "order_id": "scenario-491-volatility_feedback-agent-volatility_feedback-29",
    "action": "new",
    "side": "sell",
    "price": 65387.52422,
    "quantity": 0.03,
    "remaining_quantity": 0.03
  }
]