[
  {
    "event_id": "e24bb7c07868c8b2979da09a096cf24250f8d4d8d15c4a947ddcbfb08554f7f0",
    "schema_version": "1.0.0",
    "event_type": "agent_order",
    "source": "synthetic_agent",
    "symbol": "BTCUSDT",
    "exchange": "binance_usdm",
    "timestamp": "2024-05-01T00:00:00Z",
    "sequence": 0,
    "scenario_id": "scenario-424-quote_stuffing",
    "agent_id": "agent-quote_stuffing",
    "order_id": "scenario-424-quote_stuffing-agent-quote_stuffing-0",
    "action": "new",
    "side": "buy",
    "price": 65417.4576,
    "quantity": 0.001,
    "remaining_quantity": 0.001
  },
  {
    "event_id": "4f2edbb34461bc133215d28f156bb1a9d8df6fef51e92521550f58dc377075a1",
    "schema_version": "1.0.0",
    "event_type": "agent_order",
    "source": "synthetic_agent",
    "symbol": "BTCUSDT",
    "exchange": "binance_usdm",
    "timestamp": "2024-05-01T00:00:00.005000Z",
    "sequence": 1,
    "scenario_id": "scenario-424-quote_stuffing",
    "agent_id": "agent-quote_stuffing",
    "order_id": "scenario-424-quote_stuffing-agent-quote_stuffing-1",
    "action": "new",
    "side": "sell",
    "price": 65430.5424,
    "quantity": 0.001,
    "remaining_quantity": 0.001
  },
  {
    "event_id": "0123375b2b0af35347f94e48a6cd87d08397daf89e8cde179212dcb6bf711b3c",
    "schema_version": "1.0.0",
    "event_type": "agent_order",
    "source": "synthetic_agent",
    "symbol": "BTCUSDT",
    "exchange": "binance_usdm",
    "timestamp": "2024-05-01T00:00:00.010000Z",
    "sequence": 2,
    "scenario_id": "scenario-424-quote_stuffing",
    "agent_id": "agent-quote_stuffing",
    "order_id": "scenario-424-quote_stuffing-agent-quote_stuffing-2",
    "action": "new",
    "side": "buy",
    "price": 65417.4576,
    "quantity": 0.001,
    "remaining_quantity": 0.001
  },
  {
    "event_id": "40ea576bd51a505f390967233b429cecb5d50b24a899e719a1afea0d017c299f",
    "schema_version": "1.0.0",
    "event_type": "agent_order",
    "source": "synthetic_agent",
    "symbol": "BTCUSDT",
    "exchange": "binance_usdm",
    "timestamp": "2024-05-01T00:00:00.015000Z",
    "sequence": 3,
    "scenario_id": "scenario-424-quote_stuffing",
    "agent_id": "agent-quote_stuffing",
    "order_id": "scenario-424-quote_stuffing-agent-quote_stuffing-3",
    "action": "new",
    "side": "sell",
    "price": 65430.5424,
    "quantity": 0.001,
    "remaining_quantity": 0.001
  },
  {
    "event_id": "9b2d92429fbf4aec6c317441ebb3eaa5bf422d7e7681bd6f893b390406d512dc",
    "schema_version": "1.0.0",
    "event_type": "agent_order",
    "source": "synthetic_agent",
    "symbol": "BTCUSDT",
    "exchange": "binance_usdm",
    "timestamp": "2024-05-01T00:00:00.020000Z",
    "sequence": 4,
    "scenario_id": "scenario-424-quote_stuffing",
    "agent_id": "agent-quote_stuffing",
    "order_id": "scenario-424-quote_stuffing-agent-quote_stuffing-4",
    "action": "new",
    "side": "buy",
    "price": 65417.4576,
    "quantity": 0.001,
    "remaining_quantity": 0.001
  },
  {
    "event_id": "0d64b78f838ef80dfe991af3c625f8319f04035102a66a270363261ff6efb8f5",
    "schema_version": "1.0.0",
    "event_type": "agent_order",
    "source": "synthetic_agent",
    "symbol": "BTCUSDT",
    "exchange": "binance_usdm",
    "timestamp": "2024-05-01T00:00:00.025000Z",
    "sequence": 5,
    "scenario_id": "scenario-424-quote_stuffing",
    "agent_id": "agent-quote_stuffing",
    "order_id": "scenario-424-quote_stuffing-agent-quote_stuffing-5",
    "action": "new",
    "side": "sell",
    "price": 65430.5424,
    "quantity": 0.001,
    "remaining_quantity": 0.001
  },
  {
    "event_id": "a330934eb9bcf3722e9e68ce5117eef6e7e122686bbdc9dfd5197464bc81cb84",
    "schema_version": "1.0.0",
    "event_type": "agent_order",
    "source": "synthetic_agent",
    "symbol": "BTCUSDT",
    "exchange": "binance_usdm",
    "timestamp": "2024-05-01T00:00:00.030000Z",
    "sequence": 6,
    "scenario_id": "scenario-424-quote_stuffing",
    "agent_id": "agent-quote_stuffing",
    "order_id": "scenario-424-quote_stuffing-agent-quote_stuffing-6",
    "action": "new",
    "side": "buy",
    "price": 65417.4576,
    "quantity": 0.001,
    "remaining_quantity": 0.001
  },
  {
    "event_id": "4a8f9a2ffbd7ac057890c5374d804cb3c6f5df4860e41791235a539b0f6d8a4d",
    "schema_version": "1.0.0",
    "event_type": "agent_order",
    "source": "synthetic_agent",
    "symbol": "BTCUSDT",
    "exchange": "binance_usdm",
    "timestamp": "2024-05-01T00:00:00.035000Z",
    "sequence": 7,
    "scenario_id": "scenario-424-quote_stuffing",
    "agent_id": "agent-quote_stuffing",
    "order_id": "scenario-424-quote_stuffing-agent-quote_stuffing-7",
    "action": "new",
    "side": "sell",
    "price": 65430.5424,
    "quantity": 0.001,
    "remaining_quantity": 0.001
  },
  {
    "event_id": "6266e17b0823ecf658e912d2e8d129e52ed7c13f40b57b770fda7d3823d9f72d",
    "schema_version": "1.0.0",
    "event_type": "agent_order",
    "source": "synthetic_agent",
    "symbol": "BTCUSDT",
    "exchange": "binance_usdm",
    "timestamp": "2024-05-01T00:00:00.040000Z",
    "sequence": 8,
    "scenario_id": "scenario-424-quote_stuffing",
    "agent_id": "agent-quote_stuffing",
    "order_id": "scenario-424-quote_stuffing-agent-quote_stuffing-8",
    "action": "new",
    "side": "buy",
    "price": 65417.4576,
    "quantity": 0.001,
    "remaining_quantity": 0.001
  },
  {
    "event_id": "fb1d4c7b121480bda5964575a599f75abe9d472d8c228b36acde7f790c1d4de5",
    "schema_version": "1.0.0",
    "event_type": "agent_order",
    "source": "synthetic_agent",
    "symbol": "BTCUSDT",
    "exchange": "binance_usdm",
    "timestamp": "2024-05-01T00:00:00.045000Z",
    "sequence": 9,
    "scenario_id": "scenario-424-quote_stuffing",
    "agent_id": "agent-quote_stuffing",
    "order_id": "scenario-424-quote_stuffing-agent-quote_stuffing-9",
    "action": "new",
    "side": "sell",
    "price": 65430.5424,
    "quantity": 0.001,
    "remaining_quantity": 0.001
  },
  {
    "event_id": "e56e3f938e2484b8fcbe5136701cd9e5679571c60cca49430fda5077b0516fa8",
    "schema_version": "1.0.0",
    "event_type": "agent_order",
    "source": "synthetic_agent",
    "symbol": "BTCUSDT",
    "exchange": "binance_usdm",
    "timestamp": "2024-05-01T00:00:00.050000Z",
    "sequence": 10,
    "scenario_id": "scenario-424-quote_stuffing",
    "agent_id": "agent-quote_stuffing",
    "order_id": "scenario-424-quote_stuffing-agent-quote_stuffing-10",
    "action": "new",
    "side": "buy",
    "price": 65417.4576,
    "quantity": 0.001,
    "remaining_quantity": 0.001
  },
  {
    "event_id": "0ecb7f48a2efc097072300143367c5eb7a591c9d5f99f1aed703dd4355151ea0",
    "schema_version": "1.0.0",
    "event_type": "agent_order",
    "source": "synthetic_agent",
    "symbol": "BTCUSDT",
    "exchange": "binance_usdm",
    "timestamp": "2024-05-01T00:00:00.055000Z",
    "sequence": 11,
    "scenario_id": "scenario-424-quote_stuffing",
    "agent_id": "agent-quote_stuffing",
    "order_id": "scenario-424-quote_stuffing-agent-quote_stuffing-11",
    "action": "new",
    "side": "sell",
    "price": 65430.5424,
    "quantity": 0.001,
    "remaining_quantity": 0.001
  },
  {
    "event_id": "c9343228809dcc3ca7987ed1a667bc10f41ff64acbf6650f60a8de039884fca2",
    "schema_version": "1.0.0",
    "event_type": "agent_order",
    "source": "synthetic_agent",
    "symbol": "BTCUSDT",
    "exchange": "binance_usdm",
    "timestamp": "2024-05-01T00:00:00.060000Z",
    "sequence": 12,
    "scenario_id": "scenario-424-quote_stuffing",
    "agent_id": "agent-quote_stuffing",
    "order_id": "scenario-424-quote_stuffing-agent-quote_stuffing-12",
    "action": "new",
    "side": "buy",
    "price": 65417.4576,
    "quantity": 0.001,
    "remaining_quantity": 0.001
  },
  {
    "event_id": "dfafa9e188ccf086f2d1050517ba1babadda4e0c565d89ece44f3d47141c2311",
    "schema_version": "1.0.0",
    "event_type": "agent_order",
    "source": "synthetic_agent",
    "symbol": "BTCUSDT",
    "exchange": "binance_usdm",
    "timestamp": "2024-05-01T00:00:00.065000Z",
    "sequence": 13,
    "scenario_id": "scenario-424-quote_stuffing",
    "agent_id": "agent-quote_stuffing",
    "order_id": "scenario-424-quote_stuffing-agent-quote_stuffing-13",
    "action": "new",
    "side": "sell",
    "price": 65430.5424,
    "quantity": 0.001,
    "remaining_quantity": 0.001
  },
  {
    "event_id": "19f9811af7e364c8ca09cf3069be100f4ff87bdd418d1b4a054cad2647c937b5",
    "schema_version": "1.0.0",
    "event_type": "agent_order",
    "source": "synthetic_agent",
    "symbol": "BTCUSDT",
    "exchange": "binance_usdm",
    "timestamp": "2024-05-01T00:00:00.070000Z",
    "sequence": 14,
    "scenario_id": "scenario-424-quote_stuffing",
    "agent_id": "agent-quote_stuffing",
    "order_id": "scenario-424-quote_stuffing-agent-quote_stuffing-14",
    "action": "new",
    "side": "buy",
    "price": 65417.4576,
    "quantity": 0.001,
    "remaining_quantity": 0.001
  },
  {
    "event_id": "73f50cfc640b6a64745dab1581ff054bacb41bfcc217c1c10feb85f33ae80e0d",
    "schema_version": "1.0.0",
    "event_type": "agent_order",
    "source": "synthetic_agent",
    "symbol": "BTCUSDT",
    "exchange": "binance_usdm",
    "timestamp": "2024-05-01T00:00:00.075000Z",
    "sequence": 15,
    "scenario_id": "scenario-424-quote_stuffing",
    "agent_id": "agent-quote_stuffing",
    "order_id": "scenario-424-quote_stuffing-agent-quote_stuffing-15",
    "action": "new",
    "side": "sell",
    "price": 65430.5424,
    "quantity": 0.001,
    "remaining_quantity": 0.001
  },
  {
    "event_id": "7d2c0922d5897139bda2916b19115f10c25ced20f11d4f2efb9b45d849b2345d",
    "schema_version": "1.0.0",
    "event_type": "agent_order",
    "source": "synthetic_agent",
    "symbol": "BTCUSDT",
    "exchange": "binance_usdm",
    "timestamp": "2024-05-01T00:00:00.080000Z",
    "sequence": 16,
    "scenario_id": "scenario-424-quote_stuffing",
    "agent_id": "agent-quote_stuffing",
    "order_id": "scenario-424-quote_stuffing-agent-quote_stuffing-16",
    "action": "new",
    "side": "buy",
    "price": 65417.4576,
    "quantity": 0.001,
    "remaining_quantity": 0.001
  },
  {
    "event_id": "c38aafa7a52fa2a02532f7631764b567767a66457f33844685f110f688e51b66",
    "schema_version": "1.0.0",
    "event_type": "agent_order",
    "source": "synthetic_agent",
    "symbol": "BTCUSDT",
    "exchange": "binance_usdm",
    "timestamp": "2024-05-01T00:00:00.085000Z",
    "sequence": 17,
    "scenario_id": "scenario-424-quote_stuffing",
    "agent_id": "agent-quote_stuffing",
    "order_id": "scenario-424-quote_stuffing-agent-quote_stuffing-17",
    "action": "new",
    "side": "sell",
    "price": 65430.5424,
    "quantity": 0.001,
    "remaining_quantity": 0.001
  },
  {
    "event_id": "f7db605b6932a15e802fa9c2351e07200fddb9fc7b4c05471563af0c5df4d60d",
    "schema_version": "1.0.0",
    "event_type": "agent_order",
    "source": "synthetic_agent",
    "symbol": "BTCUSDT",
    "exchange": "binance_usdm",
    "timestamp": "2024-05-01T00:00:00.090000Z",
    "sequence": 18,
    "scenario_id": "scenario-424-quote_stuffing",
    "agent_id": "agent-quote_stuffing",
    "order_id": "scenario-424-quote_stuffing-agent-quote_stuffing-18",
    "action": "new",
    "side": "buy",
    "price": 65417.4576,
    "quantity": 0.001,
    "remaining_quantity": 0.001
  },
  {
    "event_id": "11657d740c1bdd813a4ecc504216317bdf6d4c282917a0f1ce0e268784e72a1e",
    "schema_version": "1.0.0",
    "event_type": "agent_order",
    "source": "synthetic_agent",
    "symbol": "BTCUSDT",
    "exchange": "binance_usdm",
    "timestamp": "2024-05-01T00:00:00.095000Z",
    "sequence": 19,
    "scenario_id": "scenario-424-quote_stuffing",
    "agent_id": "agent-quote_stuffing",
    "order_id": "scenario-424-quote_stuffing-agent-quote_stuffing-19",
    "action": "new",
    "side": "sell",
    "price": 65430.5424,
    "quantity": 0.001,
    "remaining_quantity": 0.001
  },
  {
    "event_id": "a52d2b858ff937e9a042b97222fe4b1d4880034c76f6412b2d0fcf56743b5ffc",
    "schema_version": "1.0.0",
    "event_type": "agent_order",
    "source": "synthetic_agent",
    "symbol": "BTCUSDT",
    "exchange": "binance_usdm",
    "timestamp": "2024-05-01T00:00:00.100000Z",
    "sequence": 20,
    "scenario_id": "scenario-424-quote_stuffing",
    "agent_id": "agent-quote_stuffing",
    "order_id": "scenario-424-quote_stuffing-agent-quote_stuffing-20",
    "action": "new",
    "side": "buy",
    "price": 65417.4576,
    "quantity": 0.001,
    "remaining_quantity": 0.001
  },
  {
    "event_id": "99139ccdd107010f0c0170b207625858ddc49284c3bfdf3aad53be4913644763",
    "schema_version": "1.0.0",
    "event_type": "agent_order",
    "source": "synthetic_agent",
    "symbol": "BTCUSDT",
    "exchange": "binance_usdm",
    "timestamp": "2024-05-01T00:00:00.105000Z",
    "sequence": 21,
    "scenario_id": "scenario-424-quote_stuffing",
    "agent_id": "agent-quote_stuffing",
    "order_id": "scenario-424-quote_stuffing-agent-quote_stuffing-21",
    "action": "new",
    "side": "sell",
    "price": 65430.5424,
    "quantity": 0.001,
    "remaining_quantity": 0.001
  },
  {
    "event_id": "c6af5dca5b29ca467658faba94519c093589dc053fbb4b0f68aebdfec8e5e867",
    "schema_version": "1.0.0",
    "event_type": "agent_order",
    "source": "synthetic_agent",
    "symbol": "BTCUSDT",
    "exchange": "binance_usdm",
    "timestamp": "2024-05-01T00:00:00.110000Z",
    "sequence": 22,
    "scenario_id": "scenario-424-quote_stuffing",
    "agent_id": "agent-quote_stuffing",
    "order_id": "scenario-424-quote_stuffing-agent-quote_stuffing-22",
    "action": "new",
    "side": "buy",
    "price": 65417.4576,
    "quantity": 0.001,
    "remaining_quantity": 0.001
  },
  {
    "event_id": "1f6ebdba3a55c61c5521b45c293a856c3bd018c1852f5998760d8ffc49f6a480",
    "schema_version": "1.0.0",
    "event_type": "agent_order",
    "source": "synthetic_agent",
    "symbol": "BTCUSDT",
    "exchange": "binance_usdm",
    "timestamp": "2024-05-01T00:00:00.115000Z",
    "sequence": 23,
    "scenario_id": "scenario-424-quote_stuffing",
    "agent_id": "agent-quote_stuffing",
    "order_id": "scenario-424-quote_stuffing-agent-quote_stuffing-23",
    "action": "new",
    "side": "sell",
    "price": 65430.5424,
    "quantity": 0.001,
    "remaining_quantity": 0.001
  },
  {
    "event_id": "2a9f5dd82a1bc85d3f2685bcfaa8e28f6207ff5e56a54054224252d8a9a6d6aa",
    "schema_version": "1.0.0",
    "event_type": "agent_order",
    "source": "synthetic_agent",
    "symbol": "BTCUSDT",
    "exchange": "binance_usdm",
    "timestamp": "2024-05-01T00:00:00.120000Z",
    "sequence": 24,
    "scenario_id": "scenario-424-quote_stuffing",
    "agent_id": "agent-quote_stuffing",
    "order_id": "scenario-424-quote_stuffing-agent-quote_stuffing-24",
    "action": "new",
    "side": "buy",
    "price": 65417.4576,
    "quantity": 0.001,
    "remaining_quantity": 0.001
  },
  {
    "event_id": "f62158e38ff4750c1126647877437be00892d30f2a3530bc59b995c03d6d15b8",
    "schema_version": "1.0.0",
    "event_type": "agent_order",
    "source": "synthetic_agent",
    "symbol": "BTCUSDT",
    "exchange": "binance_usdm",
    "timestamp": "2024-05-01T00:00:00.125000Z",
    "sequence": 25,
    "scenario_id": "scenario-424-quote_stuffing",
    "agent_id": "agent-quote_stuffing",
    "order_id": "scenario-424-quote_stuffing-agent-quote_stuffing-25",
    "action": "new",
    "side": "sell",
    "price": 65430.5424,
    "quantity": 0.001,
    "remaining_quantity": 0.001
  },
  {
    "event_id": "903cf69327c77f3e1f203c75f8a27bc5d18d1af9acfe1222fab8ef0d2750f1e7",
    "schema_version": "1.0.0",
    "event_type": "agent_order",
    "source": "synthetic_agent",
    "symbol": "BTCUSDT",
    "exchange": "binance_usdm",
    "timestamp": "2024-05-01T00:00:00.130000Z",
    "sequence": 26,
    "scenario_id": "scenario-424-quote_stuffing",
    "agent_id": "agent-quote_stuffing",
    "order_id": "scenario-424-quote_stuffing-agent-quote_stuffing-26",
    "action": "new",
    "side": "buy",
    "price": 65417.4576,
    "quantity": 0.001,
    "remaining_quantity": 0.001
  },
  {
    "event_id": "eaaf9024a3ddd99b1c736bf1d870faf02c995d168c36ea03e99e98bd7eab6e8b",
    "schema_version": "1.0.0",
    "event_type": "agent_order",
    "source": "synthetic_agent",
    "symbol": "BTCUSDT",
    "exchange": "binance_usdm",
    "timestamp": "2024-05-01T00:00:00.135000Z",
    "sequence": 27,
    "scenario_id": "scenario-424-quote_stuffing",
    "agent_id": "agent-quote_stuffing",
    "order_id": "scenario-424-quote_stuffing-agent-quote_stuffing-27",
    "action": "new",
    "side": "sell",
    "price": 65430.5424,
    "quantity": 0.001,
    "remaining_quantity": 0.001
  },
  {
    "event_id": "4443443ce55ea40c64e39341cc4b1e3dd3ada8737de08d8e1a7884271ac496a1",
    "schema_version": "1.0.0",
    "event_type": "agent_order",
    "source": "synthetic_agent",
    "symbol": "BTCUSDT",
    "exchange": "binance_usdm",
    "timestamp": "2024-05-01T00:00:00.140000Z",
    "sequence": 28,
    "scenario_id": "scenario-424-quote_stuffing",
    "agent_id": "agent-quote_stuffing",
    "order_id": "scenario-424-quote_stuffing-agent-quote_stuffing-28",
    "action": "new",
    "side": "buy",
    "price": 65417.4576,
    "quantity": 0.001,
    "remaining_quantity": 0.001
  },
  {
    "event_id": "37c505670f66d268664ddbefeca1c39cbfd4202213b6a48a6acc601e58215584",
    "schema_version": "1.0.0",
    "event_type": "agent_order",
    "source": "synthetic_agent",
    "symbol": "BTCUSDT",
    "exchange": "binance_usdm",
    "timestamp": "2024-05-01T00:00:00.145000Z",
    "sequence": 29,
    "scenario_id": "scenario-424-quote_stuffing",
    "agent_id": "agent-quote_stuffing",
    "order_id": "scenario-424-quote_stuffing-agent-quote_stuffing-29",
    "action": "new",
    "side": "sell",
    "price": 65430.5424,
    "quantity": 0.001,
    "remaining_quantity": 0.001
  }
]