[
  {
    "event_id": "d67b3ee479acb4c04ceed4e6655d94943766348e6dabc2fc40234d44f9fe0645",
    "schema_version": "1.0.0",
    "event_type": "agent_order",
    "source": "synthetic_agent",
    "symbol": "BTCUSDT",
    "exchange": "binance_usdm",
    "timestamp": "2024-05-01T00:00:00Z",
    "sequence": 0,
    "scenario_id": "scenario-047-volatility_feedback",
    "agent_id": "agent-volatility_feedback",
    "order_id": "scenario-047-volatility_feedback-agent-volatility_feedback-0",
    "action": "new",
    "side": "buy",
    "price": 65112.04699999999,
    "quantity": 0.02,
    "remaining_quantity": 0.02
  },
  {
    "event_id": "3bb894893158ab22c5fe8efff48e7fed67f3f545f1d3aea24da2e11f32c67c9c",
    "schema_version": "1.0.0",
    "event_type": "agent_order",
    "source": "synthetic_agent",
    "symbol": "BTCUSDT",
    "exchange": "binance_usdm",
    "timestamp": "2024-05-01T00:00:00.020000Z",
    "sequence": 1,
    "scenario_id": "scenario-047-volatility_feedback",
    "agent_id": "agent-volatility_feedback",
    "order_id": "scenario-047-volatility_feedback-agent-volatility_feedback-1",
    "action": "new",
    "side": "sell",
    "price": 64980.65206,
    "quantity": 0.03,
    "remaining_quantity": 0.03
  },
  {
    "event_id": "d94dfd61decee6c56c624ce715c9039b1fe55ef7734e2ee83b202d6d613d8366",
    "schema_version": "1.0.0",
    "event_type": "agent_order",
    "source": "synthetic_agent",
    "symbol": "BTCUSDT",
    "exchange": "binance_usdm",
    "timestamp": "2024-05-01T00:00:00.040000Z",
    "sequence": 2,
    "scenario_id": "scenario-047-volatility_feedback",
    "agent_id": "agent-volatility_feedback",
    "order_id": "scenario-047-volatility_feedback-agent-volatility_feedback-2",
    "action": "new",
    "side": "buy",
    "price": 65114.64887999999,
    "quantity": 0.04,
    "remaining_quantity": 0.04
  },
  {
    "event_id": "0944fbeee00ebc897b57384f7fe250bd51fdbf692891bcca11ab0b0923671431",
    "schema_version": "1.0.0",
    "event_type": "agent_order",
    "source": "synthetic_agent",
    "symbol": "BTCUSDT",
    "exchange": "binance_usdm",
    "timestamp": "2024-05-01T00:00:00.060000Z",
    "sequence": 3,
    "scenario_id": "scenario-047-volatility_feedback",
    "agent_id": "agent-volatility_feedback",
    "order_id": "scenario-047-volatility_feedback-agent-volatility_feedback-3",
    "action": "new",
    "side": "sell",
    "price": 64978.050180000006,
    "quantity": 0.05,
    "remaining_quantity": 0.05
  },
  {
    "event_id": "8484c76ee55ad8f256c7109ee2aa3cc62ed5fa645c2c3244af85d584593118d5",
    "schema_version": "1.0.0",
    "event_type": "agent_order",
    "source": "synthetic_agent",
    "symbol": "BTCUSDT",
    "exchange": "binance_usdm",
    "timestamp": "2024-05-01T00:00:00.080000Z",
    "sequence": 4,
    "scenario_id": "scenario-047-volatility_feedback",
    "agent_id": "agent-volatility_feedback",
    "order_id": "scenario-047-volatility_feedback-agent-volatility_feedback-4",
    "action": "new",
    "side": "buy",
    "price": 65117.250759999995,
    "quantity": 0.02,
    "remaining_quantity": 0.02
  },
  {
    "event_id": "24f77adc8c844633fa035cc06aa63f0b01e41b3b2c56ca3784977e7aef4308fd",
    "schema_version": "1.0.0",
    "event_type": "agent_order",
    "source": "synthetic_agent",
    "symbol": "BTCUSDT",
    "exchange": "binance_usdm",
    "timestamp": "2024-05-01T00:00:00.100000Z",
    "sequence": 5,
    "scenario_id": "scenario-047-volatility_feedback",
    "agent_id": "agent-volatility_feedback",
    "order_id": "scenario-047-volatility_feedback-agent-volatility_feedback-5",
    "action": "new",
    "side": "sell",
    "price": 64975.448300000004,
    "quantity": 0.03,
    "remaining_quantity": 0.03
  },
  {
    "event_id": "13378cd51e03f1ac8409fb2e8fe8bd75055a02b0b5c0001f9cf09c70b6a7caaf",
    "schema_version": "1.0.0",
    "event_type": "agent_order",
    "source": "synthetic_agent",
    "symbol": "BTCUSDT",
    "exchange": "binance_usdm",
    "timestamp": "2024-05-01T00:00:00.120000Z",
    "sequence": 6,
    "scenario_id": "scenario-047-volatility_feedback",
    "agent_id": "agent-volatility_feedback",
    "order_id": "scenario-047-volatility_feedback-agent-volatility_feedback-6",
    "action": "new",
    "side": "buy",
    "price": 65119.85264,
    "quantity": 0.04,
    "remaining_quantity": 0.04
  },
  {
    "event_id": "659bd278cec80e0641c2eac410659cbe9a7f6e1432359ffa02ea541da0fd126e",
    "schema_version": "1.0.0",
    "event_type": "agent_order",
    "source": "synthetic_agent",
    "symbol": "BTCUSDT",
    "exchange": "binance_usdm",
    "timestamp": "2024-05-01T00:00:00.140000Z",
    "sequence": 7,
    "scenario_id": "scenario-047-volatility_feedback",
    "agent_id": "agent-volatility_feedback",
    "order_id": "scenario-047-volatility_feedback-agent-volatility_feedback-7",
    "action": "new",
    "side": "sell",
    "price": 64972.84642,
    "quantity": 0.05,
    "remaining_quantity": 0.05
  },
  {
    "event_id": "572925342b426d31b64bb5c8c62bb0b5fef38485af06e13053d19f20ab1603fe",
    "schema_version": "1.0.0",
    "event_type": "agent_order",
    "source": "synthetic_agent",
    "symbol": "BTCUSDT",
    "exchange": "binance_usdm",
    "timestamp": "2024-05-01T00:00:00.160000Z",
    "sequence": 8,
    "scenario_id": "scenario-047-volatility_feedback",
    "agent_id": "agent-volatility_feedback",
    "order_id": "scenario-047-volatility_feedback-agent-volatility_feedback-8",
    "action": "new",
    "side": "buy",
    "price": 65122.45452000001,
    "quantity": 0.02,
    "remaining_quantity": 0.02
  },
  {
    "event_id": "893be582e3a6a8c22e563342968e851e59c2e79ba59f996d326f027a2c78feb6",
    "schema_version": "1.0.0",
    "event_type": "agent_order",
    "source": "synthetic_agent",
    "symbol": "BTCUSDT",
    "exchange": "binance_usdm",
    "timestamp": "2024-05-01T00:00:00.180000Z",
    "sequence": 9,
    "scenario_id": "scenario-047-volatility_feedback",
    "agent_id": "agent-volatility_feedback",
    "order_id": "scenario-047-volatility_feedback-agent-volatility_feedback-9",
    "action": "new",
    "side": "sell",
    "price": 64970.24454,
    "quantity": 0.03,
    "remaining_quantity": 0.03
  },
  {
    "event_id": "89fe43a093ab40f98a32577d5fe4c7cbe690cd535640d6e801253915fc7bc703",
    "schema_version": "1.0.0",
    "event_type": "agent_order",
    "source": "synthetic_agent",
    "symbol": "BTCUSDT",
    "exchange": "binance_usdm",
    "timestamp": "2024-05-01T00:00:00.200000Z",
    "sequence": 10,
    "scenario_id": "scenario-047-volatility_feedback",
    "agent_id": "agent-volatility_feedback",
    "order_id": "scenario-047-volatility_feedback-agent-volatility_feedback-10",
    "action": "new",
    "side": "buy",
    "price": 65125.05640000001,
    "quantity": 0.04,
    "remaining_quantity": 0.04
  },
  {
    "event_id": "dbb5915f99e16fd4c8dc112df211e5ec1660dbeab502550b558ce68c80be63a8",
    "schema_version": "1.0.0",
    "event_type": "agent_order",
    "source": "synthetic_agent",
    "symbol": "BTCUSDT",
    "exchange": "binance_usdm",
    "timestamp": "2024-05-01T00:00:00.220000Z",
    "sequence": 11,
    "scenario_id": "scenario-047-volatility_feedback",
    "agent_id": "agent-volatility_feedback",
    "order_id": "scenario-047-volatility_feedback-agent-volatility_feedback-11",
    "action": "new",
    "side": "sell",
    "price": 64967.64266,
    "quantity": 0.05,
    "remaining_quantity": 0.05
  },
  {
    "event_id": "13a256f71c73362fd4e737db49c4dde791108834b27e1dacc99eac9664ac0604",
    "schema_version": "1.0.0",
    "event_type": "agent_order",
    "source": "synthetic_agent",
    "symbol": "BTCUSDT",
    "exchange": "binance_usdm",
    "timestamp": "2024-05-01T00:00:00.240000Z",
    "sequence": 12,
    "scenario_id": "scenario-047-volatility_feedback",
    "agent_id": "agent-volatility_feedback",
    "order_id": "scenario-047-volatility_feedback-agent-volatility_feedback-12",
    "action": "new",
    "side": "buy",
    "price": 65127.658279999996,
    "quantity": 0.02,
    "remaining_quantity": 0.02
  },
  {
    "event_id": "61dacc94c80cccbd388f7272fd873ac6995cf86b3d24e1913351c7ac38a185e6",
    "schema_version": "1.0.0",
    "event_type": "agent_order",
    "source": "synthetic_agent",
    "symbol": "BTCUSDT",
    "exchange": "binance_usdm",
    "timestamp": "2024-05-01T00:00:00.260000Z",
    "sequence": 13,
    "scenario_id": "scenario-047-volatility_feedback",
    "agent_id": "agent-volatility_feedback",
    "order_id": "scenario-047-volatility_feedback-agent-volatility_feedback-13",
    "action": "new",
    "side": "sell",
    "price": 64965.040779999996,
    "quantity": 0.03,
    "remaining_quantity": 0.03
  },
  {
    "event_id": "d688f03eeb136ca6e3aca67524773cfe357a67ab534d614b3e3dfa9795d87781",
    "schema_version": "1.0.0",
    "event_type": "agent_order",
    "source": "synthetic_agent",
    "symbol": "BTCUSDT",
    "exchange": "binance_usdm",
    "timestamp": "2024-05-01T00:00:00.280000Z",
    "sequence": 14,
    "scenario_id": "scenario-047-volatility_feedback",
    "agent_id": "agent-volatility_feedback",
    "order_id": "scenario-047-volatility_feedback-agent-volatility_feedback-14",
    "action": "new",
    "side": "buy",
    "price": 65130.26016,
    "quantity": 0.04,
    "remaining_quantity": 0.04
  },
  {
    "event_id": "eb2c0b9b18dbfbc4cb0ba37e8c34e57a074e03932b7f2acb733fddb191d627c6",
    "schema_version": "1.0.0",
    "event_type": "agent_order",
    "source": "synthetic_agent",
    "symbol": "BTCUSDT",
    "exchange": "binance_usdm",
    "timestamp": "2024-05-01T00:00:00.300000Z",
    "sequence": 15,
    "scenario_id": "scenario-047-volatility_feedback",
    "agent_id": "agent-volatility_feedback",
    "order_id": "scenario-047-volatility_feedback-agent-volatility_feedback-15",
    "action": "new",
    "side": "sell",
    "price": 64962.4389,
    "quantity": 0.05,
    "remaining_quantity": 0.05
  },
  {
    "event_id": "68355b3dd384940d2cd354e9e313e0b176ea92c0461ba8728d723136fb11e77b",
    "schema_version": "1.0.0",
    "event_type": "agent_order",
    "source": "synthetic_agent",
    "symbol": "BTCUSDT",
    "exchange": "binance_usdm",
    "timestamp": "2024-05-01T00:00:00.320000Z",
    "sequence": 16,
    "scenario_id": "scenario-047-volatility_feedback",
    "agent_id": "agent-volatility_feedback",
    "order_id": "scenario-047-volatility_feedback-agent-volatility_feedback-16",
    "action": "new",
    "side": "buy",
    "price": 65132.86204,
    "quantity": 0.02,
    "remaining_quantity": 0.02
  },
  {
    "event_id": "05d9982b4c6f61a4a2204069d1b6d6f2e888193b97892e6b8239ec01b2e3742f",
    "schema_version": "1.0.0",
    "event_type": "agent_order",
    "source": "synthetic_agent",
    "symbol": "BTCUSDT",
    "exchange": "binance_usdm",
    "timestamp": "2024-05-01T00:00:00.340000Z",
    "sequence": 17,
    "scenario_id": "scenario-047-volatility_feedback",
    "agent_id": "agent-volatility_feedback",
    "order_id": "scenario-047-volatility_feedback-agent-volatility_feedback-17",
    "action": "new",
    "side": "sell",
    "price": 64959.83702,
    "quantity": 0.03,
    "remaining_quantity": 0.03
  },
  {
    "event_id": "72b63d88b933f95853e34cee005d6b2a7fd34afeacc6ffbf43a973f88a55f584",
    "schema_version": "1.0.0",
    "event_type": "agent_order",
    "source": "synthetic_agent",
    "symbol": "BTCUSDT",
    "exchange": "binance_usdm",
    "timestamp": "2024-05-01T00:00:00.360000Z",
    "sequence": 18,
    "scenario_id": "scenario-047-volatility_feedback",
    "agent_id": "agent-volatility_feedback",
    "order_id": "scenario-047-volatility_feedback-agent-volatility_feedback-18",
    "action": "new",
    "side": "buy",
    "price": 65135.46392,
    "quantity": 0.04,
    "remaining_quantity": 0.04
  },
  {
    "event_id": "7c4eee188eec81bc4ec653eb6bb3e9bb86a8243619fdb2a7877ee2f93986dba2",
    "schema_version": "1.0.0",
    "event_type": "agent_order",
    "source": "synthetic_agent",
    "symbol": "BTCUSDT",
    "exchange": "binance_usdm",
    "timestamp": "2024-05-01T00:00:00.380000Z",
    "sequence": 19,
    "scenario_id": "scenario-047-volatility_feedback",
    "agent_id": "agent-volatility_feedback",
    "order_id": "scenario-047-volatility_feedback-agent-volatility_feedback-19",
    "action": "new",
    "side": "sell",
    "price": 64957.23514,
    "quantity": 0.05,
    "remaining_quantity": 0.05
  },
  {
    "event_id": "f8e59aed209f27d2d11483c9b7dcd37a870b29a885ee8af776d3fa0fbc2c1911",
    "schema_version": "1.0.0",
    "event_type": "agent_order",
    "source": "synthetic_agent",
    "symbol": "BTCUSDT",
    "exchange": "binance_usdm",
    "timestamp": "2024-05-01T00:00:00.400000Z",
    "sequence": 20,
    "scenario_id": "scenario-047-volatility_feedback",
    "agent_id": "agent-volatility_feedback",
    "order_id": "scenario-047-volatility_feedback-agent-volatility_feedback-20",
    "action": "new",
    "side": "buy",
    "price": 65138.065800000004,
    "quantity": 0.02,
    "remaining_quantity": 0.02
  },
  {
    "event_id": "a5a5fea01380753f973ead2a37b3438fe24b09e5444071ef76b6513d73cb3b70",
    "schema_version": "1.0.0",
    "event_type": "agent_order",
    "source": "synthetic_agent",
    "symbol": "BTCUSDT",
    "exchange": "binance_usdm",
    "timestamp": "2024-05-01T00:00:00.420000Z",
    "sequence": 21,
    "scenario_id": "scenario-047-volatility_feedback",
    "agent_id": "agent-volatility_feedback",
    "order_id": "scenario-047-volatility_feedback-agent-volatility_feedback-21",
    "action": "new",
    "side": "sell",
    "price": 64954.63326,
    "quantity": 0.03,
    "remaining_quantity": 0.03
  },
  {
    "event_id": "e4bed669d567dd54d7acad1aab49f78515462da163da8eeae1a7fe8abaea7a45",
    "schema_version": "1.0.0",
    "event_type": "agent_order",
    "source": "synthetic_agent",
    "symbol": "BTCUSDT",
    "exchange": "binance_usdm",
    "timestamp": "2024-05-01T00:00:00.440000Z",
    "sequence": 22,
    "scenario_id": "scenario-047-volatility_feedback",
    "agent_id": "agent-volatility_feedback",
    "order_id": "scenario-047-volatility_feedback-agent-volatility_feedback-22",
    "action": "new",
    "side": "buy",
    "price": 65140.667680000006,
    "quantity": 0.04,
    "remaining_quantity": 0.04
  },
  {
    "event_id": "f6a03074f590414ff927de26644978803de4a225c4736cf80d653ce6f0f7e90f",
    "schema_version": "1.0.0",
    "event_type": "agent_order",
    "source": "synthetic_agent",
    "symbol": "BTCUSDT",
    "exchange": "binance_usdm",
    "timestamp": "2024-05-01T00:00:00.460000Z",
    "sequence": 23,
    "scenario_id": "scenario-047-volatility_feedback",
    "agent_id": "agent-volatility_feedback",
    "order_id": "scenario-047-volatility_feedback-agent-volatility_feedback-23",
    "action": "new",
    "side": "sell",
    "price": 64952.03138,
    "quantity": 0.05,
    "remaining_quantity": 0.05
  },
  {
    "event_id": "4182d184357c738a0d8a40e98ca4d7a192eb0dcca161c3ea611e932aee1ca45e",
    "schema_version": "1.0.0",
    "event_type": "agent_order",
    "source": "synthetic_agent",
    "symbol": "BTCUSDT",
    "exchange": "binance_usdm",
    "timestamp": "2024-05-01T00:00:00.480000Z",
    "sequence": 24,
    "scenario_id": "scenario-047-volatility_feedback",
    "agent_id": "agent-volatility_feedback",
    "order_id": "scenario-047-volatility_feedback-agent-volatility_feedback-24",
    "action": "new",
    "side": "buy",
    "price": 65143.26955999999,
    "quantity": 0.02,
    "remaining_quantity": 0.02
  },
  {
    "event_id": "349420cd6466c8293fe62d4907526a2ab5bbbcc29aec4fddd8efb13f507e522a",
    "schema_version": "1.0.0",
    "event_type": "agent_order",
    "source": "synthetic_agent",
    "symbol": "BTCUSDT",
    "exchange": "binance_usdm",
    "timestamp": "2024-05-01T00:00:00.500000Z",
    "sequence": 25,
    "scenario_id": "scenario-047-volatility_feedback",
    "agent_id": "agent-volatility_feedback",
    "order_id": "scenario-047-volatility_feedback-agent-volatility_feedback-25",
    "action": "new",
    "side": "sell",
    "price": 64949.429500000006,
    "quantity": 0.03,
    "remaining_quantity": 0.03
  },
  {
    "event_id": "07759b01a1096810ccbd1cb92075cb32ab9061fa3efe037e7d0455d824bfc6ac",
    "schema_version": "1.0.0",
    "event_type": "agent_order",
    "source": "synthetic_agent",
    "symbol": "BTCUSDT",
    "exchange": "binance_usdm",
    "timestamp": "2024-05-01T00:00:00.520000Z",
    "sequence": 26,
    "scenario_id": "scenario-047-volatility_feedback",
    "agent_id": "agent-volatility_feedback",
    "order_id": "scenario-047-volatility_feedback-agent-volatility_feedback-26",
    "action": "new",
    "side": "buy",
    "price": 65145.871439999995,
    "quantity": 0.04,
    "remaining_quantity": 0.04
  },
  {
    "event_id": "b183856c98aa1c6563b2b6a07017ba91605b87c3f08f21b061a717963b0ffd0e",
    "schema_version": "1.0.0",
    "event_type": "agent_order",
    "source": "synthetic_agent",
    "symbol": "BTCUSDT",
    "exchange": "binance_usdm",
    "timestamp": "2024-05-01T00:00:00.540000Z",
    "sequence": 27,
    "scenario_id": "scenario-047-volatility_feedback",
    "agent_id": "agent-volatility_feedback",
    "order_id": "scenario-047-volatility_feedback-agent-volatility_feedback-27",
    "action": "new",
    "side": "sell",
    "price": 64946.827620000004,
    "quantity": 0.05,
    "remaining_quantity": 0.05
  },
  {
    "event_id": "5648fbe0f05a0bbf33b7d671a40000aa33383e99dc04f9c30a25f6d968e40b4e",
    "schema_version": "1.0.0",
    "event_type": "agent_order",
    "source": "synthetic_agent",
    "symbol": "BTCUSDT",
    "exchange": "binance_usdm",
    "timestamp": "2024-05-01T00:00:00.560000Z",
    "sequence": 28,
    "scenario_id": "scenario-047-volatility_feedback",
    "agent_id": "agent-volatility_feedback",
    "order_id": "scenario-047-volatility_feedback-agent-volatility_feedback-28",
    "action": "new",
    "side": "buy",
    "price": 65148.47332,
    "quantity": 0.02,
    "remaining_quantity": 0.02
  },
  {
    "event_id": "77c42ca72068fd8c092150239d030da0712b69b139890e6c40a923c118d13a06",
    "schema_version": "1.0.0",
    "event_type": "agent_order",
    "source": "synthetic_agent",
    "symbol": "BTCUSDT",
    "exchange": "binance_usdm",
    "timestamp": "2024-05-01T00:00:00.580000Z",
    "sequence": 29,
    "scenario_id": "scenario-047-volatility_feedback",
    "agent_id": "agent-volatility_feedback",
    "order_id": "scenario-047-volatility_feedback-agent-volatility_feedback-29",
    "action": "new",
    "side": "sell",
    "price": 64944.22574,
    "quantity": 0.03,
    "remaining_quantity": 0.03
  }
]