[
  {
    "event_id": "7a991f0f4fba2d5e82aec5bf840a1d8be15af372a85c0f4324a2063f37062120",
    "schema_version": "1.0.0",
    "event_type": "agent_order",
    "source": "synthetic_agent",
    "symbol": "BTCUSDT",
    "exchange": "binance_usdm",
    "timestamp": "2024-05-01T00:00:00Z",
    "sequence": 0,
    "scenario_id": "scenario-393-stop_run_sweep",
    "agent_id": "agent-stop_run_sweep",
    "order_id": "scenario-393-stop_run_sweep-agent-stop_run_sweep-0",
    "action": "new",
    "side": "buy",
    "price": 65458.393,
    "quantity": 0.06,
    "remaining_quantity": 0.06
  },
  {
    "event_id": "e7ca635366526afa9b348c3e55948afd3f993c72da5a1a49e1bbbb2a92ce8e65",
    "schema_version": "1.0.0",
    "event_type": "agent_order",
    "source": "synthetic_agent",
    "symbol": "BTCUSDT",
    "exchange": "binance_usdm",
    "timestamp": "2024-05-01T00:00:00.030000Z",
    "sequence": 1,
    "scenario_id": "scenario-393-stop_run_sweep",
    "agent_id": "agent-stop_run_sweep",
    "order_id": "scenario-393-stop_run_sweep-agent-stop_run_sweep-1",
    "action": "new",
    "side": "buy",
    "price": 65461.66265,
    "quantity": 0.06,
    "remaining_quantity": 0.06
  },
  {
    "event_id": "e503195b3654e8ecf39ddbe69123e515065305aed9b9b8d4d11c6f6ae1e44521",
    "schema_version": "1.0.0",
    "event_type": "agent_order",
    "source": "synthetic_agent",
    "symbol": "BTCUSDT",
    "exchange": "binance_usdm",
    "timestamp": "2024-05-01T00:00:00.060000Z",
    "sequence": 2,
    "scenario_id": "scenario-393-stop_run_sweep",
    "agent_id": "agent-stop_run_sweep",
    "order_id": "scenario-393-stop_run_sweep-agent-stop_run_sweep-2",
    "action": "new",
    "side": "buy",
    "price": 65464.93229999999,
    "quantity": 0.06,
    "remaining_quantity": 0.06
  },
  {
    "event_id": "a9446c4e449d80e83b7b9e87e80107e602a9e394f631b3465f03052c00499f91",
    "schema_version": "1.0.0",
    "event_type": "agent_order",
    "source": "synthetic_agent",
    "symbol": "BTCUSDT",
    "exchange": "binance_usdm",
    "timestamp": "2024-05-01T00:00:00.090000Z",
    "sequence": 3,
    "scenario_id": "scenario-393-stop_run_sweep",
    "agent_id": "agent-stop_run_sweep",
    "order_id": "scenario-393-stop_run_sweep-agent-stop_run_sweep-3",
    "action": "new",
    "side": "buy",
    "price": 65468.20195,
    "quantity": 0.06,
    "remaining_quantity": 0.06
  },
  {
    "event_id": "3a8202f72bd790c71771bd163c1c0cefa0534921825f5bf51f3fafa14f7f921a",
    "schema_version": "1.0.0",
    "event_type": "agent_order",
    "source": "synthetic_agent",
    "symbol": "BTCUSDT",
    "exchange": "binance_usdm",
    "timestamp": "2024-05-01T00:00:00.120000Z",
    "sequence": 4,
    "scenario_id": "scenario-393-stop_run_sweep",
    "agent_id": "agent-stop_run_sweep",
    "order_id": "scenario-393-stop_run_sweep-agent-stop_run_sweep-4",
    "action": "new",
    "side": "buy",
    "price": 65471.47159999999,
    "quantity": 0.06,
    "remaining_quantity": 0.06
  },
  {
    "event_id": "ca6e94fba359fee79999660ac82ee7187402c611c4b34b77dadbdb2498cf2d64",
    "schema_version": "1.0.0",
    "event_type": "agent_order",
    "source": "synthetic_agent",
    "symbol": "BTCUSDT",
    "exchange": "binance_usdm",
    "timestamp": "2024-05-01T00:00:00.150000Z",
    "sequence": 5,
    "scenario_id": "scenario-393-stop_run_sweep",
    "agent_id": "agent-stop_run_sweep",
    "order_id": "scenario-393-stop_run_sweep-agent-stop_run_sweep-5",
    "action": "new",
    "side": "buy",
    "price": 65474.74125,
    "quantity": 0.06,
    "remaining_quantity": 0.06
  },
  {
    "event_id": "342999d5ea1bc2f70b49d66ffc3145e8df52943952884595efe0fd6baeb770b7",
    "schema_version": "1.0.0",
    "event_type": "agent_order",
    "source": "synthetic_agent",
    "symbol": "BTCUSDT",
    "exchange": "binance_usdm",
    "timestamp": "2024-05-01T00:00:00.180000Z",
    "sequence": 6,
    "scenario_id": "scenario-393-stop_run_sweep",
    "agent_id": "agent-stop_run_sweep",
    "order_id": "scenario-393-stop_run_sweep-agent-stop_run_sweep-6",
    "action": "new",
    "side": "buy",
    "price": 65478.010899999994,
    "quantity": 0.06,
    "remaining_quantity": 0.06
  },
  {
    "event_id": "a44395082e73f81485e50c3e2e7ce3ada8a8ed731278b5c0177b9f869669f6dc",
    "schema_version": "1.0.0",
    "event_type": "agent_order",
    "source": "synthetic_agent",
    "symbol": "BTCUSDT",
    "exchange": "binance_usdm",
    "timestamp": "2024-05-01T00:00:00.210000Z",
    "sequence": 7,
    "scenario_id": "scenario-393-stop_run_sweep",
    "agent_id": "agent-stop_run_sweep",
    "order_id": "scenario-393-stop_run_sweep-agent-stop_run_sweep-7",
    "action": "new",
    "side": "buy",
    "price": 65481.280549999996,
    "quantity": 0.06,
    "remaining_quantity": 0.06
  },
  {
    "event_id": "04eb9115c4a26b881da978ca76f2169919583ad7e07485cffd293b58b3502a82",
    "schema_version": "1.0.0",
    "event_type": "agent_order",
    "source": "synthetic_agent",
    "symbol": "BTCUSDT",
    "exchange": "binance_usdm",
    "timestamp": "2024-05-01T00:00:00.240000Z",
    "sequence": 8,
    "scenario_id": "scenario-393-stop_run_sweep",
    "agent_id": "agent-stop_run_sweep",
    "order_id": "scenario-393-stop_run_sweep-agent-stop_run_sweep-8",
    "action": "new",
    "side": "buy",
    "price": 65484.55019999999,
    "quantity": 0.06,
    "remaining_quantity": 0.06
  },
  {
    "event_id": "1ae86eb4efa364a20ab3d0bd1ad7cbcfb413ac6cb6778cb9bdef6d3b0833ec53",
    "schema_version": "1.0.0",
    "event_type": "agent_order",
    "source": "synthetic_agent",
    "symbol": "BTCUSDT",
    "exchange": "binance_usdm",
    "timestamp": "2024-05-01T00:00:00.270000Z",
    "sequence": 9,
    "scenario_id": "scenario-393-stop_run_sweep",
    "agent_id": "agent-stop_run_sweep",
    "order_id": "scenario-393-stop_run_sweep-agent-stop_run_sweep-9",
    "action": "new",
    "side": "buy",
    "price": 65487.81985,
    "quantity": 0.06,
    "remaining_quantity": 0.06
  },
  {
    "event_id": "6062ca9c464dec637180742a63395bd525760a14cf9c11bc9be46d3c3f373b49",
    "schema_version": "1.0.0",
    "event_type": "agent_order",
    "source": "synthetic_agent",
    "symbol": "BTCUSDT",
    "exchange": "binance_usdm",
    "timestamp": "2024-05-01T00:00:00.300000Z",
    "sequence": 10,
    "scenario_id": "scenario-393-stop_run_sweep",
    "agent_id": "agent-stop_run_sweep",
    "order_id": "scenario-393-stop_run_sweep-agent-stop_run_sweep-10",
    "action": "new",
    "side": "buy",
    "price": 65491.08949999999,
    "quantity": 0.06,
    "remaining_quantity": 0.06
  },
  {
    "event_id": "7492558bbe4224aa7cd84ea6bce8d745208e3178e3f60f12cf87884e23ca73b1",
    "schema_version": "1.0.0",
    "event_type": "agent_order",
    "source": "synthetic_agent",
    "symbol": "BTCUSDT",
    "exchange": "binance_usdm",
    "timestamp": "2024-05-01T00:00:00.330000Z",
    "sequence": 11,
    "scenario_id": "scenario-393-stop_run_sweep",
    "agent_id": "agent-stop_run_sweep",
    "order_id": "scenario-393-stop_run_sweep-agent-stop_run_sweep-11",
    "action": "new",
    "side": "buy",
    "price": 65494.35915,
    "quantity": 0.06,
    "remaining_quantity": 0.06
  },
  {
    "event_id": "7bd52ca063a4eb76bffedc0d0e97e75fe0466a867ee04c97815cca7c734f60a9",
    "schema_version": "1.0.0",
    "event_type": "agent_order",
    "source": "synthetic_agent",
    "symbol": "BTCUSDT",
    "exchange": "binance_usdm",
    "timestamp": "2024-05-01T00:00:00.360000Z",
    "sequence": 12,
    "scenario_id": "scenario-393-stop_run_sweep",
    "agent_id": "agent-stop_run_sweep",
    "order_id": "scenario-393-stop_run_sweep-agent-stop_run_sweep-12",
    "action": "new",
    "side": "buy",
    "price": 65497.62879999999,
    "quantity": 0.06,
    "remaining_quantity": 0.06
  },
  {
    "event_id": "1ff002692ce9dc46b108b94ab33cbc699f9cc6a408ebe9d57008748302660aed",
    "schema_version": "1.0.0",
    "event_type": "agent_order",
    "source": "synthetic_agent",
    "symbol": "BTCUSDT",
    "exchange": "binance_usdm",
    "timestamp": "2024-05-01T00:00:00.390000Z",
    "sequence": 13,
    "scenario_id": "scenario-393-stop_run_sweep",
    "agent_id": "agent-stop_run_sweep",
    "order_id": "scenario-393-stop_run_sweep-agent-stop_run_sweep-13",
    "action": "new",
    "side": "buy",
    "price": 65500.89844999999,
    "quantity": 0.06,
    "remaining_quantity": 0.06
  },
  {
    "event_id": "1b88a37cdcd5cf0b8e06de86fd8d83b59e5eb18905fe489c81324340261ba96e",
    "schema_version": "1.0.0",
    "event_type": "agent_order",
    "source": "synthetic_agent",
    "symbol": "BTCUSDT",
    "exchange": "binance_usdm",
    "timestamp": "2024-05-01T00:00:00.420000Z",
    "sequence": 14,
    "scenario_id": "scenario-393-stop_run_sweep",
    "agent_id": "agent-stop_run_sweep",
    "order_id": "scenario-393-stop_run_sweep-agent-stop_run_sweep-14",
    "action": "new",
    "side": "buy",
    "price": 65504.16809999999,
    "quantity": 0.06,
    "remaining_quantity": 0.06
  },
  {
    "event_id": "d45443acb425d245882bc9d1829116cbbee795e8efaf9d890d91f355d6567c95",
    "schema_version": "1.0.0",
    "event_type": "agent_order",
    "source": "synthetic_agent",
    "symbol": "BTCUSDT",
    "exchange": "binance_usdm",
    "timestamp": "2024-05-01T00:00:00.450000Z",
    "sequence": 15,
    "scenario_id": "scenario-393-stop_run_sweep",
    "agent_id": "agent-stop_run_sweep",
    "order_id": "scenario-393-stop_run_sweep-agent-stop_run_sweep-15",
    "action": "new",
    "side": "buy",
    "price": 65507.43775,
    "quantity": 0.06,
    "remaining_quantity": 0.06
  },
  {
    "event_id": "e8776067dba015d2a9e326a9acadfc4838c1ecc0a033a4116949ef992442b6d4",
    "schema_version": "1.0.0",
    "event_type": "agent_order",
    "source": "synthetic_agent",
    "symbol": "BTCUSDT",
    "exchange": "binance_usdm",
    "timestamp": "2024-05-01T00:00:00.480000Z",
    "sequence": 16,
    "scenario_id": "scenario-393-stop_run_sweep",
    "agent_id": "agent-stop_run_sweep",
    "order_id": "scenario-393-stop_run_sweep-agent-stop_run_sweep-16",
    "action": "new",
    "side": "buy",
    "price": 65510.707399999985,
    "quantity": 0.06,
    "remaining_quantity": 0.06
  },
  {
    "event_id": "2fd3e71cfb30ad75d7247257822a33cc9841f750edea7ab4febb6435cb98001b",
    "schema_version": "1.0.0",
    "event_type": "agent_order",
    "source": "synthetic_agent",
    "symbol": "BTCUSDT",
    "exchange": "binance_usdm",
    "timestamp": "2024-05-01T00:00:00.510000Z",
    "sequence": 17,
    "scenario_id": "scenario-393-stop_run_sweep",
    "agent_id": "agent-stop_run_sweep",
    "order_id": "scenario-393-stop_run_sweep-agent-stop_run_sweep-17",
    "action": "new",
    "side": "buy",
    "price": 65513.977049999994,
    "quantity": 0.06,
    "remaining_quantity": 0.06
  },
  {
    "event_id": "c0302d60bcc9381990fc06a84c9630fad2b1da4281289eb1ae20d5e6d266bcd2",
    "schema_version": "1.0.0",
    "event_type": "agent_order",
    "source": "synthetic_agent",
    "symbol": "BTCUSDT",
    "exchange": "binance_usdm",
    "timestamp": "2024-05-01T00:00:00.540000Z",
    "sequence": 18,
    "scenario_id": "scenario-393-stop_run_sweep",
    "agent_id": "agent-stop_run_sweep",
    "order_id": "scenario-393-stop_run_sweep-agent-stop_run_sweep-18",
    "action": "new",
    "side": "buy",
    "price": 65517.24669999999,
    "quantity": 0.06,
    "remaining_quantity": 0.06
  },
  {
    "event_id": "2635f294add0e5ee9cb011d6071992971ac818b45a4ab3cc9cdc923ada449972",
    "schema_version": "1.0.0",
    "event_type": "agent_order",
    "source": "synthetic_agent",
    "symbol": "BTCUSDT",
    "exchange": "binance_usdm",
    "timestamp": "2024-05-01T00:00:00.570000Z",
    "sequence": 19,
    "scenario_id": "scenario-393-stop_run_sweep",
    "agent_id": "agent-stop_run_sweep",
    "order_id": "scenario-393-stop_run_sweep-agent-stop_run_sweep-19",
    "action": "new",
    "side": "buy",
    "price": 65520.51634999999,
    "quantity": 0.06,
    "remaining_quantity": 0.06
  },
  {
    "event_id": "6a530eb1e5bec9f2e9c166f6cad069bae63188b6ae9b85f7fa3cd781e2b33029",
    "schema_version": "1.0.0",
    "event_type": "agent_order",
    "source": "synthetic_agent",
    "symbol": "BTCUSDT",
    "exchange": "binance_usdm",
    "timestamp": "2024-05-01T00:00:00.600000Z",
    "sequence": 20,
    "scenario_id": "scenario-393-stop_run_sweep",
    "agent_id": "agent-stop_run_sweep",
    "order_id": "scenario-393-stop_run_sweep-agent-stop_run_sweep-20",
    "action": "new",
    "side": "buy",
    "price": 65523.785999999986,
    "quantity": 0.06,
    "remaining_quantity": 0.06
  },
  {
    "event_id": "391c599a693461d6d0a5985af3d5189dd4ff365e96ae78f6e646737da2bf4d86",
    "schema_version": "1.0.0",
    "event_type": "agent_order",
    "source": "synthetic_agent",
    "symbol": "BTCUSDT",
    "exchange": "binance_usdm",
    "timestamp": "2024-05-01T00:00:00.630000Z",
    "sequence": 21,
    "scenario_id": "scenario-393-stop_run_sweep",
    "agent_id": "agent-stop_run_sweep",
    "order_id": "scenario-393-stop_run_sweep-agent-stop_run_sweep-21",
    "action": "new",
    "side": "buy",
    "price": 65527.055649999995,
    "quantity": 0.06,
    "remaining_quantity": 0.06
  },
  {
    "event_id": "f2fcd1fdae04b82033c15876838d974296eea61efbfea31620042bf68f756551",
    "schema_version": "1.0.0",
    "event_type": "agent_order",
    "source": "synthetic_agent",
    "symbol": "BTCUSDT",
    "exchange": "binance_usdm",
    "timestamp": "2024-05-01T00:00:00.660000Z",
    "sequence": 22,
    "scenario_id": "scenario-393-stop_run_sweep",
    "agent_id": "agent-stop_run_sweep",
    "order_id": "scenario-393-stop_run_sweep-agent-stop_run_sweep-22",
    "action": "new",
    "side": "buy",
    "price": 65530.3253,
    "quantity": 0.06,
    "remaining_quantity": 0.06
  },
  {
    "event_id": "64bcf9fcc703f9ee7843a321ef353deca35b77ecc937e443877a38fd11a7a2de",
    "schema_version": "1.0.0",
    "event_type": "agent_order",
    "source": "synthetic_agent",
    "symbol": "BTCUSDT",
    "exchange": "binance_usdm",
    "timestamp": "2024-05-01T00:00:00.690000Z",
    "sequence": 23,
    "scenario_id": "scenario-393-stop_run_sweep",
    "agent_id": "agent-stop_run_sweep",
    "order_id": "scenario-393-stop_run_sweep-agent-stop_run_sweep-23",
    "action": "new",
    "side": "buy",
    "price": 65533.59494999999,
    "quantity": 0.06,
    "remaining_quantity": 0.06
  },
  {
    "event_id": "2d12fde5295eae0f39e6e1a9ee308c5a7d20e67219c929a85cfda6ff194c0108",
    "schema_version": "1.0.0",
    "event_type": "agent_order",
    "source": "synthetic_agent",
    "symbol": "BTCUSDT",
    "exchange": "binance_usdm",
    "timestamp": "2024-05-01T00:00:00.720000Z",
    "sequence": 24,
    "scenario_id": "scenario-393-stop_run_sweep",
    "agent_id": "agent-stop_run_sweep",
    "order_id": "scenario-393-stop_run_sweep-agent-stop_run_sweep-24",
    "action": "new",
    "side": "buy",
    "price": 65536.8646,
    "quantity": 0.06,
    "remaining_quantity": 0.06
  },
  {
    "event_id": "d998347a6e7102b57c5abc4850bb704212d9e8a7c7e76d66dbf6ad0c74560d34",
    "schema_version": "1.0.0",
    "event_type": "agent_order",
    "source": "synthetic_agent",
    "symbol": "BTCUSDT",
    "exchange": "binance_usdm",
    "timestamp": "2024-05-01T00:00:00.750000Z",
    "sequence": 25,
    "scenario_id": "scenario-393-stop_run_sweep",
    "agent_id": "agent-stop_run_sweep",
    "order_id": "scenario-393-stop_run_sweep-agent-stop_run_sweep-25",
    "action": "new",
    "side": "buy",
    "price": 65540.13424999999,
    "quantity": 0.06,
    "remaining_quantity": 0.06
  },
  {
    "event_id": "028d8f4a797d3242e125101ccb537f7a8b4f6224581c165a7067e9f54610cc40",
    "schema_version": "1.0.0",
    "event_type": "agent_order",
    "source": "synthetic_agent",
    "symbol": "BTCUSDT",
    "exchange": "binance_usdm",
    "timestamp": "2024-05-01T00:00:00.780000Z",
    "sequence": 26,
    "scenario_id": "scenario-393-stop_run_sweep",
    "agent_id": "agent-stop_run_sweep",
    "order_id": "scenario-393-stop_run_sweep-agent-stop_run_sweep-26",
    "action": "new",
    "side": "buy",
    "price": 65543.4039,
    "quantity": 0.06,
    "remaining_quantity": 0.06
  },
  {
    "event_id": "751e6785de9865cc53443f603977f785029455d2e9e0159893332abb93af3dc0",
    "schema_version": "1.0.0",
    "event_type": "agent_order",
    "source": "synthetic_agent",
    "symbol": "BTCUSDT",
    "exchange": "binance_usdm",
    "timestamp": "2024-05-01T00:00:00.810000Z",
    "sequence": 27,
    "scenario_id": "scenario-393-stop_run_sweep",
    "agent_id": "agent-stop_run_sweep",
    "order_id": "scenario-393-stop_run_sweep-agent-stop_run_sweep-27",
    "action": "new",
    "side": "buy",
    "price": 65546.67354999999,
    "quantity": 0.06,
    "remaining_quantity": 0.06
  },
  {
    "event_id": "dc4a80cad49a0620339b89580b96871a8d8cb31a0218b2a91b941cac552b8966",
    "schema_version": "1.0.0",
    "event_type": "agent_order",
    "source": "synthetic_agent",
    "symbol": "BTCUSDT",
    "exchange": "binance_usdm",
    "timestamp": "2024-05-01T00:00:00.840000Z",
    "sequence": 28,
    "scenario_id": "scenario-393-stop_run_sweep",
    "agent_id": "agent-stop_run_sweep",
    "order_id": "scenario-393-stop_run_sweep-agent-stop_run_sweep-28",
    "action": "new",
    "side": "buy",
    "price": 65549.9432,
    "quantity": 0.06,
    "remaining_quantity": 0.06
  },
  {
    "event_id": "b6bd3b312abe7bff1a66488bdccae335a6d07fc96c5f64a345d6236b7885fe49",
    "schema_version": "1.0.0",
    "event_type": "agent_order",
    "source": "synthetic_agent",
    "symbol": "BTCUSDT",
    "exchange": "binance_usdm",
    "timestamp": "2024-05-01T00:00:00.870000Z",
    "sequence": 29,
    "scenario_id": "scenario-393-stop_run_sweep",
    "agent_id": "agent-stop_run_sweep",
    "order_id": "scenario-393-stop_run_sweep-agent-stop_run_sweep-29",
    "action": "new",
    "side": "buy",
    "price": 65553.21285,
    "quantity": 0.06,
    "remaining_quantity": 0.06
  }
]