[
  {
    "event_id": "96cf19e457f068ab1b388bd3025fe2a479763d2b4140872056864079b04b98e3",
    "schema_version": "1.0.0",
    "event_type": "agent_order",
    "source": "synthetic_agent",
    "symbol": "BTCUSDT",
    "exchange": "binance_usdm",
    "timestamp": "2024-05-01T00:00:00Z",
    "sequence": 0,
    "scenario_id": "scenario-237-stop_run_sweep",
    "agent_id": "agent-stop_run_sweep",
    "order_id": "scenario-237-stop_run_sweep-agent-stop_run_sweep-0",
    "action": "new",
    "side": "buy",
    "price": 65302.236999999994,
    "quantity": 0.06,
    "remaining_quantity": 0.06
  },
  {
    "event_id": "d1994fa273563e0cf3f1c324e299915ea4e29206fb571e97cae3d5afb9f53833",
    "schema_version": "1.0.0",
    "event_type": "agent_order",
    "source": "synthetic_agent",
    "symbol": "BTCUSDT",
    "exchange": "binance_usdm",
    "timestamp": "2024-05-01T00:00:00.030000Z",
    "sequence": 1,
    "scenario_id": "scenario-237-stop_run_sweep",
    "agent_id": "agent-stop_run_sweep",
    "order_id": "scenario-237-stop_run_sweep-agent-stop_run_sweep-1",
    "action": "new",
    "side": "buy",
    "price": 65305.498849999996,
    "quantity": 0.06,
    "remaining_quantity": 0.06
  },
  {
    "event_id": "2bf54be29cfb1c674c30c4fa3aff11f92ed299db4bbc0dc9d5380a886a2f128b",
    "schema_version": "1.0.0",
    "event_type": "agent_order",
    "source": "synthetic_agent",
    "symbol": "BTCUSDT",
    "exchange": "binance_usdm",
    "timestamp": "2024-05-01T00:00:00.060000Z",
    "sequence": 2,
    "scenario_id": "scenario-237-stop_run_sweep",
    "agent_id": "agent-stop_run_sweep",
    "order_id": "scenario-237-stop_run_sweep-agent-stop_run_sweep-2",
    "action": "new",
    "side": "buy",
    "price": 65308.76069999999,
    "quantity": 0.06,
    "remaining_quantity": 0.06
  },
  {
    "event_id": "ffc0185dad3a073a9dcc7d4ab317188abfceeeb7af7743d15c0d9b2d4d86c312",
    "schema_version": "1.0.0",
    "event_type": "agent_order",
    "source": "synthetic_agent",
    "symbol": "BTCUSDT",
    "exchange": "binance_usdm",
    "timestamp": "2024-05-01T00:00:00.090000Z",
    "sequence": 3,
    "scenario_id": "scenario-237-stop_run_sweep",
    "agent_id": "agent-stop_run_sweep",
    "order_id": "scenario-237-stop_run_sweep-agent-stop_run_sweep-3",
    "action": "new",
    "side": "buy",
    "price": 65312.02255,
    "quantity": 0.06,
    "remaining_quantity": 0.06
  },
  {
    "event_id": "24cdee679586712f4e4891cd38ec2677604747405fbda7d276ee0e576b4f065d",
    "schema_version": "1.0.0",
    "event_type": "agent_order",
    "source": "synthetic_agent",
    "symbol": "BTCUSDT",
    "exchange": "binance_usdm",
    "timestamp": "2024-05-01T00:00:00.120000Z",
    "sequence": 4,
    "scenario_id": "scenario-237-stop_run_sweep",
    "agent_id": "agent-stop_run_sweep",
    "order_id": "scenario-237-stop_run_sweep-agent-stop_run_sweep-4",
    "action": "new",
    "side": "buy",
    "price": 65315.28439999999,
    "quantity": 0.06,
    "remaining_quantity": 0.06
  },
  {
    "event_id": "d3069b297cfe73dd29b9a516d388626453c24b1a76978f820ab246e1f418645c",
    "schema_version": "1.0.0",
    "event_type": "agent_order",
    "source": "synthetic_agent",
    "symbol": "BTCUSDT",
    "exchange": "binance_usdm",
    "timestamp": "2024-05-01T00:00:00.150000Z",
    "sequence": 5,
    "scenario_id": "scenario-237-stop_run_sweep",
    "agent_id": "agent-stop_run_sweep",
    "order_id": "scenario-237-stop_run_sweep-agent-stop_run_sweep-5",
    "action": "new",
    "side": "buy",
    "price": 65318.54625,
    "quantity": 0.06,
    "remaining_quantity": 0.06
  },
  {
    "event_id": "ac920e44bef6e8dc461ec2d62997a64dea517929c824c273bb1bb48ce253ec8d",
    "schema_version": "1.0.0",
    "event_type": "agent_order",
    "source": "synthetic_agent",
    "symbol": "BTCUSDT",
    "exchange": "binance_usdm",
    "timestamp": "2024-05-01T00:00:00.180000Z",
    "sequence": 6,
    "scenario_id": "scenario-237-stop_run_sweep",
    "agent_id": "agent-stop_run_sweep",
    "order_id": "scenario-237-stop_run_sweep-agent-stop_run_sweep-6",
    "action": "new",
    "side": "buy",
    "price": 65321.80809999999,
    "quantity": 0.06,
    "remaining_quantity": 0.06
  },
  {
    "event_id": "3279fca7c7c9ad25ec3e4e591e991e7c0059e1a34618dfe2d66ce1a56e0411c1",
    "schema_version": "1.0.0",
    "event_type": "agent_order",
    "source": "synthetic_agent",
    "symbol": "BTCUSDT",
    "exchange": "binance_usdm",
    "timestamp": "2024-05-01T00:00:00.210000Z",
    "sequence": 7,
    "scenario_id": "scenario-237-stop_run_sweep",
    "agent_id": "agent-stop_run_sweep",
    "order_id": "scenario-237-stop_run_sweep-agent-stop_run_sweep-7",
    "action": "new",
    "side": "buy",
    "price": 65325.06995,
    "quantity": 0.06,
    "remaining_quantity": 0.06
  },
  {
    "event_id": "045c1abf3f97751a2e5091a06c2337d13f8b0dcbbd04e39b9aba350a124a167d",
    "schema_version": "1.0.0",
    "event_type": "agent_order",
    "source": "synthetic_agent",
    "symbol": "BTCUSDT",
    "exchange": "binance_usdm",
    "timestamp": "2024-05-01T00:00:00.240000Z",
    "sequence": 8,
    "scenario_id": "scenario-237-stop_run_sweep",
    "agent_id": "agent-stop_run_sweep",
    "order_id": "scenario-237-stop_run_sweep-agent-stop_run_sweep-8",
    "action": "new",
    "side": "buy",
    "price": 65328.33179999999,
    "quantity": 0.06,
    "remaining_quantity": 0.06
  },
  {
    "event_id": "537a8ecf54e9a92d66373a7bc0090e32073f9ef2b37b89a770265fee20c65135",
    "schema_version": "1.0.0",
    "event_type": "agent_order",
    "source": "synthetic_agent",
    "symbol": "BTCUSDT",
    "exchange": "binance_usdm",
    "timestamp": "2024-05-01T00:00:00.270000Z",
    "sequence": 9,
    "scenario_id": "scenario-237-stop_run_sweep",
    "agent_id": "agent-stop_run_sweep",
    "order_id": "scenario-237-stop_run_sweep-agent-stop_run_sweep-9",
    "action": "new",
    "side": "buy",
    "price": 65331.593649999995,
    "quantity": 0.06,
    "remaining_quantity": 0.06
  },
  {
    "event_id": "556dbd946715d2078ff2997dce141fd3ebd2aa3df6a2b8f97741ff132450dfbb",
    "schema_version": "1.0.0",
    "event_type": "agent_order",
    "source": "synthetic_agent",
    "symbol": "BTCUSDT",
    "exchange": "binance_usdm",
    "timestamp": "2024-05-01T00:00:00.300000Z",
    "sequence": 10,
    "scenario_id": "scenario-237-stop_run_sweep",
    "agent_id": "agent-stop_run_sweep",
    "order_id": "scenario-237-stop_run_sweep-agent-stop_run_sweep-10",
    "action": "new",
    "side": "buy",
    "price": 65334.85549999999,
    "quantity": 0.06,
    "remaining_quantity": 0.06
  },
  {
    "event_id": "d1145ef7556278298f30932ae7ef92b022401ddbfb0ebf4979d358b6155eedf7",
    "schema_version": "1.0.0",
    "event_type": "agent_order",
    "source": "synthetic_agent",
    "symbol": "BTCUSDT",
    "exchange": "binance_usdm",
    "timestamp": "2024-05-01T00:00:00.330000Z",
    "sequence": 11,
    "scenario_id": "scenario-237-stop_run_sweep",
    "agent_id": "agent-stop_run_sweep",
    "order_id": "scenario-237-stop_run_sweep-agent-stop_run_sweep-11",
    "action": "new",
    "side": "buy",
    "price": 65338.11734999999,
    "quantity": 0.06,
    "remaining_quantity": 0.06
  },
  {
    "event_id": "eab2b57ab6508738f4fe4894a4eff027f9637083d9b6eb5c7fbbda54098c6f99",
    "schema_version": "1.0.0",
    "event_type": "agent_order",
    "source": "synthetic_agent",
    "symbol": "BTCUSDT",
    "exchange": "binance_usdm",
    "timestamp": "2024-05-01T00:00:00.360000Z",
    "sequence": 12,
    "scenario_id": "scenario-237-stop_run_sweep",
    "agent_id": "agent-stop_run_sweep",
    "order_id": "scenario-237-stop_run_sweep-agent-stop_run_sweep-12",
    "action": "new",
    "side": "buy",
    "price": 65341.37919999999,
    "quantity": 0.06,
    "remaining_quantity": 0.06
  },
  {
    "event_id": "aa71657b8595057618cd329f45c4c195abdc182e688e98b3dba514dab6f7aed2",
    "schema_version": "1.0.0",
    "event_type": "agent_order",
    "source": "synthetic_agent",
    "symbol": "BTCUSDT",
    "exchange": "binance_usdm",
    "timestamp": "2024-05-01T00:00:00.390000Z",
    "sequence": 13,
    "scenario_id": "scenario-237-stop_run_sweep",
    "agent_id": "agent-stop_run_sweep",
    "order_id": "scenario-237-stop_run_sweep-agent-stop_run_sweep-13",
    "action": "new",
    "side": "buy",
    "price": 65344.64105,
    "quantity": 0.06,
    "remaining_quantity": 0.06
  },
  {
    "event_id": "6d783ba58aec1958e811bd2e2ab2595a00bb02f0324c47c8332000c015988511",
    "schema_version": "1.0.0",
    "event_type": "agent_order",
    "source": "synthetic_agent",
    "symbol": "BTCUSDT",
    "exchange": "binance_usdm",
    "timestamp": "2024-05-01T00:00:00.420000Z",
    "sequence": 14,
    "scenario_id": "scenario-237-stop_run_sweep",
    "agent_id": "agent-stop_run_sweep",
    "order_id": "scenario-237-stop_run_sweep-agent-stop_run_sweep-14",
    "action": "new",
    "side": "buy",
    "price": 65347.90289999999,
    "quantity": 0.06,
    "remaining_quantity": 0.06
  },
  {
    "event_id": "376f62e6e041d2f2edd2cef852ce50a234fc08519ca72f22a9804a05466c4d17",
    "schema_version": "1.0.0",
    "event_type": "agent_order",
    "source": "synthetic_agent",
    "symbol": "BTCUSDT",
    "exchange": "binance_usdm",
    "timestamp": "2024-05-01T00:00:00.450000Z",
    "sequence": 15,
    "scenario_id": "scenario-237-stop_run_sweep",
    "agent_id": "agent-stop_run_sweep",
    "order_id": "scenario-237-stop_run_sweep-agent-stop_run_sweep-15",
    "action": "new",
    "side": "buy",
    "price": 65351.164749999996,
    "quantity": 0.06,
    "remaining_quantity": 0.06
  },
  {
    "event_id": "3d010aaf5ee3ec004b9ab25c86cb9092244fd20905a9dd39cd56cb24a41448cd",
    "schema_version": "1.0.0",
    "event_type": "agent_order",
    "source": "synthetic_agent",
    "symbol": "BTCUSDT",
    "exchange": "binance_usdm",
    "timestamp": "2024-05-01T00:00:00.480000Z",
    "sequence": 16,
    "scenario_id": "scenario-237-stop_run_sweep",
    "agent_id": "agent-stop_run_sweep",
    "order_id": "scenario-237-stop_run_sweep-agent-stop_run_sweep-16",
    "action": "new",
    "side": "buy",
    "price": 65354.426599999984,
    "quantity": 0.06,
    "remaining_quantity": 0.06
  },
  {
    "event_id": "83e1341ba63a7d57ee6337e3056dcee1874054b96d81a9d7d08619a79f8dece0",
    "schema_version": "1.0.0",
    "event_type": "agent_order",
    "source": "synthetic_agent",
    "symbol": "BTCUSDT",
    "exchange": "binance_usdm",
    "timestamp": "2024-05-01T00:00:00.510000Z",
    "sequence": 17,
    "scenario_id": "scenario-237-stop_run_sweep",
    "agent_id": "agent-stop_run_sweep",
    "order_id": "scenario-237-stop_run_sweep-agent-stop_run_sweep-17",
    "action": "new",
    "side": "buy",
    "price": 65357.688449999994,
    "quantity": 0.06,
    "remaining_quantity": 0.06
  },
  {
    "event_id": "af9069c97710c3aa6e221e5081162492388fbe74dfacab16c3a2dbd75e8243c4",
    "schema_version": "1.0.0",
    "event_type": "agent_order",
    "source": "synthetic_agent",
    "symbol": "BTCUSDT",
    "exchange": "binance_usdm",
    "timestamp": "2024-05-01T00:00:00.540000Z",
    "sequence": 18,
    "scenario_id": "scenario-237-stop_run_sweep",
    "agent_id": "agent-stop_run_sweep",
    "order_id": "scenario-237-stop_run_sweep-agent-stop_run_sweep-18",
    "action": "new",
    "side": "buy",
    "price": 65360.95029999999,
    "quantity": 0.06,
    "remaining_quantity": 0.06
  },
  {
    "event_id": "45b2e0edfdd4bfa30909532fc1e9810b7b1580b1942b049e61187ea7cc375131",
    "schema_version": "1.0.0",
    "event_type": "agent_order",
    "source": "synthetic_agent",
    "symbol": "BTCUSDT",
    "exchange": "binance_usdm",
    "timestamp": "2024-05-01T00:00:00.570000Z",
    "sequence": 19,
    "scenario_id": "scenario-237-stop_run_sweep",
    "agent_id": "agent-stop_run_sweep",
    "order_id": "scenario-237-stop_run_sweep-agent-stop_run_sweep-19",
    "action": "new",
    "side": "buy",
    "price": 65364.21214999999,
    "quantity": 0.06,
    "remaining_quantity": 0.06
  },
  {
    "event_id": "91f0c3be7d42ce98590c4ac4b58925d2841f2a3efa7555a09509615ca6ad9b99",
    "schema_version": "1.0.0",
    "event_type": "agent_order",
    "source": "synthetic_agent",
    "symbol": "BTCUSDT",
    "exchange": "binance_usdm",
    "timestamp": "2024-05-01T00:00:00.600000Z",
    "sequence": 20,
    "scenario_id": "scenario-237-stop_run_sweep",
    "agent_id": "agent-stop_run_sweep",
    "order_id": "scenario-237-stop_run_sweep-agent-stop_run_sweep-20",
    "action": "new",
    "side": "buy",
    "price": 65367.47399999999,
    "quantity": 0.06,
    "remaining_quantity": 0.06
  },
  {
    "event_id": "c45f55d7b90d7a932d9b1cd9a931e4ada8dffb8713af01588d5c2eca9703164f",
    "schema_version": "1.0.0",
    "event_type": "agent_order",
    "source": "synthetic_agent",
    "symbol": "BTCUSDT",
    "exchange": "binance_usdm",
    "timestamp": "2024-05-01T00:00:00.630000Z",
    "sequence": 21,
    "scenario_id": "scenario-237-stop_run_sweep",
    "agent_id": "agent-stop_run_sweep",
    "order_id": "scenario-237-stop_run_sweep-agent-stop_run_sweep-21",
    "action": "new",
    "side": "buy",
    "price": 65370.73584999999,
    "quantity": 0.06,
    "remaining_quantity": 0.06
  },
  {
    "event_id": "a2cfe2c8a55bfb734bd4d471a774e3742dbef43ed8b56cc1138ef7e2ff094211",
    "schema_version": "1.0.0",
    "event_type": "agent_order",
    "source": "synthetic_agent",
    "symbol": "BTCUSDT",
    "exchange": "binance_usdm",
    "timestamp": "2024-05-01T00:00:00.660000Z",
    "sequence": 22,
    "scenario_id": "scenario-237-stop_run_sweep",
    "agent_id": "agent-stop_run_sweep",
    "order_id": "scenario-237-stop_run_sweep-agent-stop_run_sweep-22",
    "action": "new",
    "side": "buy",
    "price": 65373.9977,
    "quantity": 0.06,
    "remaining_quantity": 0.06
  },
  {
    "event_id": "3072d816511d5c330e7a6ceb3e20ca7277aa5a43675f9ff4cf47ba8b6a059d1e",
    "schema_version": "1.0.0",
    "event_type": "agent_order",
    "source": "synthetic_agent",
    "symbol": "BTCUSDT",
    "exchange": "binance_usdm",
    "timestamp": "2024-05-01T00:00:00.690000Z",
    "sequence": 23,
    "scenario_id": "scenario-237-stop_run_sweep",
    "agent_id": "agent-stop_run_sweep",
    "order_id": "scenario-237-stop_run_sweep-agent-stop_run_sweep-23",
    "action": "new",
    "side": "buy",
    "price": 65377.259549999995,
    "quantity": 0.06,
    "remaining_quantity": 0.06
  },
  {
    "event_id": "81bf2263cf93f4dec7e974b5be5929eff8e1fb5efc59225a7257802fb385f1b1",
    "schema_version": "1.0.0",
    "event_type": "agent_order",
    "source": "synthetic_agent",
    "symbol": "BTCUSDT",
    "exchange": "binance_usdm",
    "timestamp": "2024-05-01T00:00:00.720000Z",
    "sequence": 24,
    "scenario_id": "scenario-237-stop_run_sweep",
    "agent_id": "agent-stop_run_sweep",
    "order_id": "scenario-237-stop_run_sweep-agent-stop_run_sweep-24",
    "action": "new",
    "side": "buy",
    "price": 65380.5214,
    "quantity": 0.06,
    "remaining_quantity": 0.06
  },
  {
    "event_id": "0fef3f53496f95f9321eab6f96ace55bc00dfaf42081adde23eb456e91f836d0",
    "schema_version": "1.0.0",
    "event_type": "agent_order",
    "source": "synthetic_agent",
    "symbol": "BTCUSDT",
    "exchange": "binance_usdm",
    "timestamp": "2024-05-01T00:00:00.750000Z",
    "sequence": 25,
    "scenario_id": "scenario-237-stop_run_sweep",
    "agent_id": "agent-stop_run_sweep",
    "order_id": "scenario-237-stop_run_sweep-agent-stop_run_sweep-25",
    "action": "new",
    "side": "buy",
    "price": 65383.78324999999,
    "quantity": 0.06,
    "remaining_quantity": 0.06
  },
  {
    "event_id": "c36ed245855670db593a62e2817082bca42304fecd8ca0412b88b45d2e372a55",
    "schema_version": "1.0.0",
    "event_type": "agent_order",
    "source": "synthetic_agent",
    "symbol": "BTCUSDT",
    "exchange": "binance_usdm",
    "timestamp": "2024-05-01T00:00:00.780000Z",
    "sequence": 26,
    "scenario_id": "scenario-237-stop_run_sweep",
    "agent_id": "agent-stop_run_sweep",
    "order_id": "scenario-237-stop_run_sweep-agent-stop_run_sweep-26",
    "action": "new",
    "side": "buy",
    "price": 65387.045099999996,
    "quantity": 0.06,
    "remaining_quantity": 0.06
  },
  {
    "event_id": "fd634318014c00c7223a4b563083924362c01574a8acd0d9931d31564f916f6e",
    "schema_version": "1.0.0",
    "event_type": "agent_order",
    "source": "synthetic_agent",
    "symbol": "BTCUSDT",
    "exchange": "binance_usdm",
    "timestamp": "2024-05-01T00:00:00.810000Z",
    "sequence": 27,
    "scenario_id": "scenario-237-stop_run_sweep",
    "agent_id": "agent-stop_run_sweep",
    "order_id": "scenario-237-stop_run_sweep-agent-stop_run_sweep-27",
    "action": "new",
    "side": "buy",
    "price": 65390.30694999999,
    "quantity": 0.06,
    "remaining_quantity": 0.06
  },
  {
    "event_id": "38649da276e28b3639d4e717eb9686d44bc0608f516be7922efe87beafdfa331",
    "schema_version": "1.0.0",
    "event_type": "agent_order",
    "source": "synthetic_agent",
    "symbol": "BTCUSDT",
    "exchange": "binance_usdm",
    "timestamp": "2024-05-01T00:00:00.840000Z",
    "sequence": 28,
    "scenario_id": "scenario-237-stop_run_sweep",
    "agent_id": "agent-stop_run_sweep",
    "order_id": "scenario-237-stop_run_sweep-agent-stop_run_sweep-28",
    "action": "new",
    "side": "buy",
    "price": 65393.568799999994,
    "quantity": 0.06,
    "remaining_quantity": 0.06
  },
  {
    "event_id": "3a17e7e6a7188190f9e780feae5bc9a94bed3d080652d67539777fb6559e219e",
    "schema_version": "1.0.0",
    "event_type": "agent_order",
    "source": "synthetic_agent",
    "symbol": "BTCUSDT",
    "exchange": "binance_usdm",
    "timestamp": "2024-05-01T00:00:00.870000Z",
    "sequence": 29,
    "scenario_id": "scenario-237-stop_run_sweep",
    "agent_id": "agent-stop_run_sweep",
    "order_id": "scenario-237-stop_run_sweep-agent-stop_run_sweep-29",
    "action": "new",
    "side": "buy",
    "price": 65396.83064999999,
    "quantity": 0.06,
    "remaining_quantity": 0.06
  }
]