[
  {
    "event_id": "d260e1093c33fd471584190f561cc0d340a15560f60a20967e7ebfe5acbbfc95",
    "schema_version": "1.0.0",
    "event_type": "agent_order",
    "source": "synthetic_agent",
    "symbol": "BTCUSDT",
    "exchange": "binance_usdm",
    "timestamp": "2024-05-01T00:00:00Z",
    "sequence": 0,
    "scenario_id": "scenario-061-twap_execution",
    "agent_id": "agent-twap_execution",
    "order_id": "scenario-061-twap_execution-agent-twap_execution-0",
    "action": "new",
    "side": "buy",
    "price": 65028.46950000001,
    "quantity": 0.005,
    "remaining_quantity": 0.005
  },
  {
    "event_id": "4cb85cf9e3be1fdad2c276738087b406c6620413531c17a8c2517e976df1e5b7",
    "schema_version": "1.0.0",
    "event_type": "agent_order",
    "source": "synthetic_agent",
    "symbol": "BTCUSDT",
    "exchange": "binance_usdm",
    "timestamp": "2024-05-01T00:00:01Z",
    "sequence": 1,
    "scenario_id": "scenario-061-twap_execution",
    "agent_id": "agent-twap_execution",
    "order_id": "scenario-061-twap_execution-agent-twap_execution-1",
    "action": "new",
    "side": "buy",
    "price": 65028.46950000001,
    "quantity": 0.005,
    "remaining_quantity": 0.005
  },
  {
    "event_id": "2907008c6d40ab8d43258484c35ce22535aa584a7fb32d082d8e4931f04c5155",
    "schema_version": "1.0.0",
    "event_type": "agent_order",
    "source": "synthetic_agent",
    "symbol": "BTCUSDT",
    "exchange": "binance_usdm",
    "timestamp": "2024-05-01T00:00:02Z",
    "sequence": 2,
    "scenario_id": "scenario-061-twap_execution",
    "agent_id": "agent-twap_execution",
    "order_id": "scenario-061-twap_execution-agent-twap_execution-2",
    "action": "new",
    "side": "buy",
    "price": 65028.46950000001,
    "quantity": 0.005,
    "remaining_quantity": 0.005
  },
  {
    "event_id": "c5953136e600e1e01ede5e7a87fe81b7c28322e72dbf06162767654f7a784c49",
    "schema_version": "1.0.0",
    "event_type": "agent_order",
    "source": "synthetic_agent",
    "symbol": "BTCUSDT",
    "exchange": "binance_usdm",
    "timestamp": "2024-05-01T00:00:03Z",
    "sequence": 3,
    "scenario_id": "scenario-061-twap_execution",
    "agent_id": "agent-twap_execution",
    "order_id": "scenario-061-twap_execution-agent-twap_execution-3",
    "action": "new",
    "side": "buy",
    "price": 65028.46950000001,
    "quantity": 0.005,
    "remaining_quantity": 0.005
  },
  {
    "event_id": "6b124db19b5e11cae17a0985aa81899d55922514e7f929aab64b31bdd5842a1e",
    "schema_version": "1.0.0",
    "event_type": "agent_order",
    "source": "synthetic_agent",
    "symbol": "BTCUSDT",
    "exchange": "binance_usdm",
    "timestamp": "2024-05-01T00:00:04Z",
    "sequence": 4,
    "scenario_id": "scenario-061-twap_execution",
    "agent_id": "agent-twap_execution",
    "order_id": "scenario-061-twap_execution-agent-twap_execution-4",
    "action": "new",
    "side": "buy",
    "price": 65028.46950000001,
    "quantity": 0.005,
    "remaining_quantity": 0.005
  },
  {
    "event_id": "2ef3e386f978184936f5be629e53124fa3ca8cc3fbe0b1d47835b59a57414a31",
    "schema_version": "1.0.0",
    "event_type": "agent_order",
    "source": "synthetic_agent",
    "symbol": "BTCUSDT",
    "exchange": "binance_usdm",
    "timestamp": "2024-05-01T00:00:05Z",
    "sequence": 5,
    "scenario_id": "scenario-061-twap_execution",
    "agent_id": "agent-twap_execution",
    "order_id": "scenario-061-twap_execution-agent-twap_execution-5",
    "action": "new",
    "side": "buy",
    "price": 65028.46950000001,
    "quantity": 0.005,
    "remaining_quantity": 0.005
  },
  {
    "event_id": "af90a920391b6f5b45beaf0d6d4cacf4f07d880f535c3823dce3344948804604",
    "schema_version": "1.0.0",
    "event_type": "agent_order",
    "source": "synthetic_agent",
    "symbol": "BTCUSDT",
    "exchange": "binance_usdm",
    "timestamp": "2024-05-01T00:00:06Z",
    "sequence": 6,
    "scenario_id": "scenario-061-twap_execution",
    "agent_id": "agent-twap_execution",
    "order_id": "scenario-061-twap_execution-agent-twap_execution-6",
    "action": "new",
    "side": "buy",
    "price": 65028.46950000001,
    "quantity": 0.005,
    "remaining_quantity": 0.005
  },
  {
    "event_id": "6477709d0866bc6d1ae2be8c30ce4dd2b6d6863461106d7d1e365d30b5b1e746",
    "schema_version": "1.0.0",
    "event_type": "agent_order",
    "source": "synthetic_agent",
    "symbol": "BTCUSDT",
    "exchange": "binance_usdm",
    "timestamp": "2024-05-01T00:00:07Z",
    "sequence": 7,
    "scenario_id": "scenario-061-twap_execution",
    "agent_id": "agent-twap_execution",
    "order_id": "scenario-061-twap_execution-agent-twap_execution-7",
    "action": "new",
    "side": "buy",
    "price": 65028.46950000001,
    "quantity": 0.005,
    "remaining_quantity": 0.005
  },
  {
    "event_id": "b0591501fda6d4dc21bf861694d94eff71d1bc92110d334beeeaa736f6609e39",
    "schema_version": "1.0.0",
    "event_type": "agent_order",
    "source": "synthetic_agent",
    "symbol": "BTCUSDT",
    "exchange": "binance_usdm",
    "timestamp": "2024-05-01T00:00:08Z",
    "sequence": 8,
    "scenario_id": "scenario-061-twap_execution",
    "agent_id": "agent-twap_execution",
    "order_id": "scenario-061-twap_execution-agent-twap_execution-8",
    "action": "new",
    "side": "buy",
    "price": 65028.46950000001,
    "quantity": 0.005,
    "remaining_quantity": 0.005
  },
  {
    "event_id": "cac0a53ec811ddc6dd6bfd4b56de59fe88399f70a03f6a8d07889b13c12d456c",
    "schema_version": "1.0.0",
    "event_type": "agent_order",
    "source": "synthetic_agent",
    "symbol": "BTCUSDT",
    "exchange": "binance_usdm",
    "timestamp": "2024-05-01T00:00:09Z",
    "sequence": 9,
    "scenario_id": "scenario-061-twap_execution",
    "agent_id": "agent-twap_execution",
    "order_id": "scenario-061-twap_execution-agent-twap_execution-9",
    "action": "new",
    "side": "buy",
    "price": 65028.46950000001,
    "quantity": 0.005,
    "remaining_quantity": 0.005
  },
  {
    "event_id": "f62cf0fce29b0f612c7e964233be9a11e18f1b0627cb5990b62f9924ad26c297",
    "schema_version": "1.0.0",
    "event_type": "agent_order",
    "source": "synthetic_agent",
    "symbol": "BTCUSDT",
    "exchange": "binance_usdm",
    "timestamp": "2024-05-01T00:00:10Z",
    "sequence": 10,
    "scenario_id": "scenario-061-twap_execution",
    "agent_id": "agent-twap_execution",
    "order_id": "scenario-061-twap_execution-agent-twap_execution-10",
    "action": "new",
    "side": "buy",
    "price": 65028.46950000001,
    "quantity": 0.005,
    "remaining_quantity": 0.005
  },
  {
    "event_id": "266000ecacb269712905cd957d28e3082fe95bc30ef72aaeb031962234d66426",
    "schema_version": "1.0.0",
    "event_type": "agent_order",
    "source": "synthetic_agent",
    "symbol": "BTCUSDT",
    "exchange": "binance_usdm",
    "timestamp": "2024-05-01T00:00:11Z",
    "sequence": 11,
    "scenario_id": "scenario-061-twap_execution",
    "agent_id": "agent-twap_execution",
    "order_id": "scenario-061-twap_execution-agent-twap_execution-11",
    "action": "new",
    "side": "buy",
    "price": 65028.46950000001,
    "quantity": 0.005,
    "remaining_quantity": 0.005
  },
  {
    "event_id": "badff961b3c11102c6ee111d37928d6fed03d5775db70281825a5a24fa6c64d2",
    "schema_version": "1.0.0",
    "event_type": "agent_order",
    "source": "synthetic_agent",
    "symbol": "BTCUSDT",
    "exchange": "binance_usdm",
    "timestamp": "2024-05-01T00:00:12Z",
    "sequence": 12,
    "scenario_id": "scenario-061-twap_execution",
    "agent_id": "agent-twap_execution",
    "order_id": "scenario-061-twap_execution-agent-twap_execution-12",
    "action": "new",
    "side": "buy",
    "price": 65028.46950000001,
    "quantity": 0.005,
    "remaining_quantity": 0.005
  },
  {
    "event_id": "08cf646edfa9454a47e46f895ee054f7acfe7b1ab1007fdba1282b96a5a08e79",
    "schema_version": "1.0.0",
    "event_type": "agent_order",
    "source": "synthetic_agent",
    "symbol": "BTCUSDT",
    "exchange": "binance_usdm",
    "timestamp": "2024-05-01T00:00:13Z",
    "sequence": 13,
    "scenario_id": "scenario-061-twap_execution",
    "agent_id": "agent-twap_execution",
    "order_id": "scenario-061-twap_execution-agent-twap_execution-13",
    "action": "new",
    "side": "buy",
    "price": 65028.46950000001,
    "quantity": 0.005,
    "remaining_quantity": 0.005
  },
  {
    "event_id": "13886ffa0ba92e4f11fd12dedef513a12175cc2b732f98515de9003e11d84c83",
    "schema_version": "1.0.0",
    "event_type": "agent_order",
    "source": "synthetic_agent",
    "symbol": "BTCUSDT",
    "exchange": "binance_usdm",
    "timestamp": "2024-05-01T00:00:14Z",
    "sequence": 14,
    "scenario_id": "scenario-061-twap_execution",
    "agent_id": "agent-twap_execution",
    "order_id": "scenario-061-twap_execution-agent-twap_execution-14",
    "action": "new",
    "side": "buy",
    "price": 65028.46950000001,
    "quantity": 0.005,
    "remaining_quantity": 0.005
  },
  {
    "event_id": "e7d6d5774cc541e04f01ddc3bf2e58c13f9bbbb29bcdae76eea1d9e51f005106",
    "schema_version": "1.0.0",
    "event_type": "agent_order",
    "source": "synthetic_agent",
    "symbol": "BTCUSDT",
    "exchange": "binance_usdm",
    "timestamp": "2024-05-01T00:00:15Z",
    "sequence": 15,
    "scenario_id": "scenario-061-twap_execution",
    "agent_id": "agent-twap_execution",
    "order_id": "scenario-061-twap_execution-agent-twap_execution-15",
    "action": "new",
    "side": "buy",
    "price": 65028.46950000001,
    "quantity": 0.005,
    "remaining_quantity": 0.005
  },
  {
    "event_id": "f4354628a4d0a3f10ac3533cdef7f6b1417b28c8d8b86f8d00d2772f88cf87ae",
    "schema_version": "1.0.0",
    "event_type": "agent_order",
    "source": "synthetic_agent",
    "symbol": "BTCUSDT",
    "exchange": "binance_usdm",
    "timestamp": "2024-05-01T00:00:16Z",
    "sequence": 16,
    "scenario_id": "scenario-061-twap_execution",
    "agent_id": "agent-twap_execution",
    "order_id": "scenario-061-twap_execution-agent-twap_execution-16",
    "action": "new",
    "side": "buy",
    "price": 65028.46950000001,
    "quantity": 0.005,
    "remaining_quantity": 0.005
  },
  {
    "event_id": "b3521149ac2c22977c6ab21d86220834fd08e484d54042133e89880d1a4aeaad",
    "schema_version": "1.0.0",
    "event_type": "agent_order",
    "source": "synthetic_agent",
    "symbol": "BTCUSDT",
    "exchange": "binance_usdm",
    "timestamp": "2024-05-01T00:00:17Z",
    "sequence": 17,
    "scenario_id": "scenario-061-twap_execution",
    "agent_id": "agent-twap_execution",
    "order_id": "scenario-061-twap_execution-agent-twap_execution-17",
    "action": "new",
    "side": "buy",
    "price": 65028.46950000001,
    "quantity": 0.005,
    "remaining_quantity": 0.005
  },
  {
    "event_id": "a8765cb830d073c7a9711234acf3088ef8f7c2d42ce9eac0960e757a3c58e49a",
    "schema_version": "1.0.0",
    "event_type": "agent_order",
    "source": "synthetic_agent",
    "symbol": "BTCUSDT",
    "exchange": "binance_usdm",
    "timestamp": "2024-05-01T00:00:18Z",
    "sequence": 18,
    "scenario_id": "scenario-061-twap_execution",
    "agent_id": "agent-twap_execution",
    "order_id": "scenario-061-twap_execution-agent-twap_execution-18",
    "action": "new",
    "side": "buy",
    "price": 65028.46950000001,
    "quantity": 0.005,
    "remaining_quantity": 0.005
  },
  {
    "event_id": "b89ec645e625a8d1421a18ddcc389666c02da124771182040312b5e9747dc332",
    "schema_version": "1.0.0",
    "event_type": "agent_order",
    "source": "synthetic_agent",
    "symbol": "BTCUSDT",
    "exchange": "binance_usdm",
    "timestamp": "2024-05-01T00:00:19Z",
    "sequence": 19,
    "scenario_id": "scenario-061-twap_execution",
    "agent_id": "agent-twap_execution",
    "order_id": "scenario-061-twap_execution-agent-twap_execution-19",
    "action": "new",
    "side": "buy",
    "price": 65028.46950000001,
    "quantity": 0.005,
    "remaining_quantity": 0.005
  },
  {
    "event_id": "939dadac915cdfc2aa4df3f707fcaaae778d0cfddc32a8624828bcc9560aa75b",
    "schema_version": "1.0.0",
    "event_type": "agent_order",
    "source": "synthetic_agent",
    "symbol": "BTCUSDT",
    "exchange": "binance_usdm",
    "timestamp": "2024-05-01T00:00:20Z",
    "sequence": 20,
    "scenario_id": "scenario-061-twap_execution",
    "agent_id": "agent-twap_execution",
    "order_id": "scenario-061-twap_execution-agent-twap_execution-20",
    "action": "new",
    "side": "buy",
    "price": 65028.46950000001,
    "quantity": 0.005,
    "remaining_quantity": 0.005
  },
  {
    "event_id": "4702881c73945808bc9d8ced8e37ce068c6543a87e7954ad4008d691cd31021a",
    "schema_version": "1.0.0",
    "event_type": "agent_order",
    "source": "synthetic_agent",
    "symbol": "BTCUSDT",
    "exchange": "binance_usdm",
    "timestamp": "2024-05-01T00:00:21Z",
    "sequence": 21,
    "scenario_id": "scenario-061-twap_execution",
    "agent_id": "agent-twap_execution",
    "order_id": "scenario-061-twap_execution-agent-twap_execution-21",
    "action": "new",
    "side": "buy",
    "price": 65028.46950000001,
    "quantity": 0.005,
    "remaining_quantity": 0.005
  },
  {
    "event_id": "d77569de04526b7c5a683b876634fa095076b44240d324a6dd76a139c142e598",
    "schema_version": "1.0.0",
    "event_type": "agent_order",
    "source": "synthetic_agent",
    "symbol": "BTCUSDT",
    "exchange": "binance_usdm",
    "timestamp": "2024-05-01T00:00:22Z",
    "sequence": 22,
    "scenario_id": "scenario-061-twap_execution",
    "agent_id": "agent-twap_execution",
    "order_id": "scenario-061-twap_execution-agent-twap_execution-22",
    "action": "new",
    "side": "buy",
    "price": 65028.46950000001,
    "quantity": 0.005,
    "remaining_quantity": 0.005
  },
  {
    "event_id": "676484eda13a23e95f8b2e21d1fbf7016a795bcba98fd1f2e10ded0a1a4e1c7f",
    "schema_version": "1.0.0",
    "event_type": "agent_order",
    "source": "synthetic_agent",
    "symbol": "BTCUSDT",
    "exchange": "binance_usdm",
    "timestamp": "2024-05-01T00:00:23Z",
    "sequence": 23,
    "scenario_id": "scenario-061-twap_execution",
    "agent_id": "agent-twap_execution",
    "order_id": "scenario-061-twap_execution-agent-twap_execution-23",
    "action": "new",
    "side": "buy",
    "price": 65028.46950000001,
    "quantity": 0.005,
    "remaining_quantity": 0.005
  },
  {
    "event_id": "f6eac66ec015ef6d1a0ff28c2dc1e8bdc1ef1175194c5726e47d9efbb488aa2d",
    "schema_version": "1.0.0",
    "event_type": "agent_order",
    "source": "synthetic_agent",
    "symbol": "BTCUSDT",
    "exchange": "binance_usdm",
    "timestamp": "2024-05-01T00:00:24Z",
    "sequence": 24,
    "scenario_id": "scenario-061-twap_execution",
    "agent_id": "agent-twap_execution",
    "order_id": "scenario-061-twap_execution-agent-twap_execution-24",
    "action": "new",
    "side": "buy",
    "price": 65028.46950000001,
    "quantity": 0.005,
    "remaining_quantity": 0.005
  },
  {
    "event_id": "525e8b71f617249eacc5bbc9101972a02fa1288746cfb027486234a8649af82f",
    "schema_version": "1.0.0",
    "event_type": "agent_order",
    "source": "synthetic_agent",
    "symbol": "BTCUSDT",
    "exchange": "binance_usdm",
    "timestamp": "2024-05-01T00:00:25Z",
    "sequence": 25,
    "scenario_id": "scenario-061-twap_execution",
    "agent_id": "agent-twap_execution",
    "order_id": "scenario-061-twap_execution-agent-twap_execution-25",
    "action": "new",
    "side": "buy",
    "price": 65028.46950000001,
    "quantity": 0.005,
    "remaining_quantity": 0.005
  },
  {
    "event_id": "fe12916d3ffc8f2eef89e2d3c32d9780ee5a21c8b79324fb372267d7ec59ef5c",
    "schema_version": "1.0.0",
    "event_type": "agent_order",
    "source": "synthetic_agent",
    "symbol": "BTCUSDT",
    "exchange": "binance_usdm",
    "timestamp": "2024-05-01T00:00:26Z",
    "sequence": 26,
    "scenario_id": "scenario-061-twap_execution",
    "agent_id": "agent-twap_execution",
    "order_id": "scenario-061-twap_execution-agent-twap_execution-26",
    "action": "new",
    "side": "buy",
    "price": 65028.46950000001,
    "quantity": 0.005,
    "remaining_quantity": 0.005
  },
  {
    "event_id": "01149765880f115c3ea7af3a8c7691c7a9d0d20c53eb02c4e5cefa858074a075",
    "schema_version": "1.0.0",
    "event_type": "agent_order",
    "source": "synthetic_agent",
    "symbol": "BTCUSDT",
    "exchange": "binance_usdm",
    "timestamp": "2024-05-01T00:00:27Z",
    "sequence": 27,
    "scenario_id": "scenario-061-twap_execution",
    "agent_id": "agent-twap_execution",
    "order_id": "scenario-061-twap_execution-agent-twap_execution-27",
    "action": "new",
    "side": "buy",
    "price": 65028.46950000001,
    "quantity": 0.005,
    "remaining_quantity": 0.005
  },
  {
    "event_id": "a63bf25570270625a50841e428418f5759588a02159830ead7b03bd764fde98b",
    "schema_version": "1.0.0",
    "event_type": "agent_order",
    "source": "synthetic_agent",
    "symbol": "BTCUSDT",
    "exchange": "binance_usdm",
    "timestamp": "2024-05-01T00:00:28Z",
    "sequence": 28,
    "scenario_id": "scenario-061-twap_execution",
    "agent_id": "agent-twap_execution",
    "order_id": "scenario-061-twap_execution-agent-twap_execution-28",
    "action": "new",
    "side": "buy",
    "price": 65028.46950000001,
    "quantity": 0.005,
    "remaining_quantity": 0.005
  },
  {
    "event_id": "729faf320de29000fd51d9d15f676a0a02b1615e36a5bb2d96cb8f6b58b42503",
    "schema_version": "1.0.0",
    "event_type": "agent_order",
    "source": "synthetic_agent",
    "symbol": "BTCUSDT",
    "exchange": "binance_usdm",
    "timestamp": "2024-05-01T00:00:29Z",
    "sequence": 29,
    "scenario_id": "scenario-061-twap_execution",
    "agent_id": "agent-twap_execution",
    "order_id": "scenario-061-twap_execution-agent-twap_execution-29",
    "action": "new",
    "side": "buy",
    "price": 65028.46950000001,
    "quantity": 0.005,
    "remaining_quantity": 0.005
  }
]