[
  {
    "event_id": "c6b89f4ac4cb22938161bddf2bd960f18b2d55e00148342f2ea908d781328ab0",
    "schema_version": "1.0.0",
    "event_type": "agent_order",
    "source": "synthetic_agent",
    "symbol": "BTCUSDT",
    "exchange": "binance_usdm",
    "timestamp": "2024-05-01T00:00:00Z",
    "sequence": 0,
    "scenario_id": "scenario-255-spoofing_layering",
    "agent_id": "agent-spoofing_layering",
    "order_id": "scenario-255-spoofing_layering-agent-spoofing_layering-0",
    "action": "new",
    "side": "sell",
    "price": 65287.627499999995,
    "quantity": 0.5,
    "remaining_quantity": 0.5
  },
  {
    "event_id": "90463ecf41ca63c1f55f1865be7e56033ce20a201600b8998aa8c134682c7bf1",
    "schema_version": "1.0.0",
    "event_type": "agent_order",
    "source": "synthetic_agent",
    "symbol": "BTCUSDT",
    "exchange": "binance_usdm",
    "timestamp": "2024-05-01T00:00:00.050000Z",
    "sequence": 1,
    "scenario_id": "scenario-255-spoofing_layering",
    "agent_id": "agent-spoofing_layering",
    "order_id": "scenario-255-spoofing_layering-agent-spoofing_layering-1",
    "action": "new",
    "side": "sell",
    "price": 65288.28005,
    "quantity": 0.5,
    "remaining_quantity": 0.5
  },
  {
    "event_id": "6ca76a92e095714b375ec51d745b69d5a27336722c4ed697614f172c8de1ba97",
    "schema_version": "1.0.0",
    "event_type": "agent_order",
    "source": "synthetic_agent",
    "symbol": "BTCUSDT",
    "exchange": "binance_usdm",
    "timestamp": "2024-05-01T00:00:00.100000Z",
    "sequence": 2,
    "scenario_id": "scenario-255-spoofing_layering",
    "agent_id": "agent-spoofing_layering",
    "order_id": "scenario-255-spoofing_layering-agent-spoofing_layering-2",
    "action": "new",
    "side": "sell",
    "price": 65288.93259999999,
    "quantity": 0.5,
    "remaining_quantity": 0.5
  },
  {
    "event_id": "e147c222b3f8e6dd9d9b723ace2282d3213f90f731771340ca97ff5b12a3e5a0",
    "schema_version": "1.0.0",
    "event_type": "agent_order",
    "source": "synthetic_agent",
    "symbol": "BTCUSDT",
    "exchange": "binance_usdm",
    "timestamp": "2024-05-01T00:00:00.150000Z",
    "sequence": 3,
    "scenario_id": "scenario-255-spoofing_layering",
    "agent_id": "agent-spoofing_layering",
    "order_id": "scenario-255-spoofing_layering-agent-spoofing_layering-3",
    "action": "new",
    "side": "sell",
    "price": 65289.58514999999,
    "quantity": 0.5,
    "remaining_quantity": 0.5
  },
  {
    "event_id": "a6a9a35502c26973c47a1b3170c34067c0cdba41295bfa9ff68d032bb8264e75",
    "schema_version": "1.0.0",
    "event_type": "agent_order",
    "source": "synthetic_agent",
    "symbol": "BTCUSDT",
    "exchange": "binance_usdm",
    "timestamp": "2024-05-01T00:00:00.200000Z",
    "sequence": 4,
    "scenario_id": "scenario-255-spoofing_layering",
    "agent_id": "agent-spoofing_layering",
    "order_id": "scenario-255-spoofing_layering-agent-spoofing_layering-4",
    "action": "new",
    "side": "sell",
    "price": 65290.2377,
    "quantity": 0.5,
    "remaining_quantity": 0.5
  },
  {
    "event_id": "bcf464b20be9bba19a5c11b6abf9dd0559b5158e1a340f8e1835da4ee613e4f4",
    "schema_version": "1.0.0",
    "event_type": "agent_order",
    "source": "synthetic_agent",
    "symbol": "BTCUSDT",
    "exchange": "binance_usdm",
    "timestamp": "2024-05-01T00:00:00.250000Z",
    "sequence": 5,
    "scenario_id": "scenario-255-spoofing_layering",
    "agent_id": "agent-spoofing_layering",
    "order_id": "scenario-255-spoofing_layering-agent-spoofing_layering-5",
    "action": "new",
    "side": "sell",
    "price": 65290.890250000004,
    "quantity": 0.5,
    "remaining_quantity": 0.5
  },
  {
    "event_id": "825ab423a5f595097f7e59f5a19cb5547bd7116bc0a7015c7f5d2440ff8fa8d2",
    "schema_version": "1.0.0",
    "event_type": "agent_order",
    "source": "synthetic_agent",
    "symbol": "BTCUSDT",
    "exchange": "binance_usdm",
    "timestamp": "2024-05-01T00:00:00.300000Z",
    "sequence": 6,
    "scenario_id": "scenario-255-spoofing_layering",
    "agent_id": "agent-spoofing_layering",
    "order_id": "scenario-255-spoofing_layering-agent-spoofing_layering-6",
    "action": "new",
    "side": "sell",
    "price": 65291.542799999996,
    "quantity": 0.5,
    "remaining_quantity": 0.5
  },
  {
    "event_id": "4f18e89856f6b150e07894c589f023028c57198867f01d20105c868e2d7b1b99",
    "schema_version": "1.0.0",
    "event_type": "agent_order",
    "source": "synthetic_agent",
    "symbol": "BTCUSDT",
    "exchange": "binance_usdm",
    "timestamp": "2024-05-01T00:00:00.350000Z",
    "sequence": 7,
    "scenario_id": "scenario-255-spoofing_layering",
    "agent_id": "agent-spoofing_layering",
    "order_id": "scenario-255-spoofing_layering-agent-spoofing_layering-7",
    "action": "new",
    "side": "sell",
    "price": 65292.195349999995,
    "quantity": 0.5,
    "remaining_quantity": 0.5
  },
  {
    "event_id": "d67c24f880fdab6fad4893008e65b0644cc801bc83086d163617a6ac8c75d52f",
    "schema_version": "1.0.0",
    "event_type": "agent_order",
    "source": "synthetic_agent",
    "symbol": "BTCUSDT",
    "exchange": "binance_usdm",
    "timestamp": "2024-05-01T00:00:00.400000Z",
    "sequence": 8,
    "scenario_id": "scenario-255-spoofing_layering",
    "agent_id": "agent-spoofing_layering",
    "order_id": "scenario-255-spoofing_layering-agent-spoofing_layering-8",
    "action": "new",
    "side": "sell",
    "price": 65292.8479,
    "quantity": 0.5,
    "remaining_quantity": 0.5
  },
  {
    "event_id": "ffb2d147827239e4cfc13b0a90768bc12c86f142b1d26578416a469f2b92d181",
    "schema_version": "1.0.0",
    "event_type": "agent_order",
    "source": "synthetic_agent",
    "symbol": "BTCUSDT",
    "exchange": "binance_usdm",
    "timestamp": "2024-05-01T00:00:00.450000Z",
    "sequence": 9,
    "scenario_id": "scenario-255-spoofing_layering",
    "agent_id": "agent-spoofing_layering",
    "order_id": "scenario-255-spoofing_layering-agent-spoofing_layering-9",
    "action": "new",
    "side": "sell",
    "price": 65293.50044999999,
    "quantity": 0.5,
    "remaining_quantity": 0.5
  },
  {
    "event_id": "7dd6f28da8a2e6328f0a83336f2aaa159b2e77c07557ae00563cdd6a1f005ed7",
    "schema_version": "1.0.0",
    "event_type": "agent_order",
    "source": "synthetic_agent",
    "symbol": "BTCUSDT",
    "exchange": "binance_usdm",
    "timestamp": "2024-05-01T00:00:00.500000Z",
    "sequence": 10,
    "scenario_id": "scenario-255-spoofing_layering",
    "agent_id": "agent-spoofing_layering",
    "order_id": "scenario-255-spoofing_layering-agent-spoofing_layering-10",
    "action": "new",
    "side": "sell",
    "price": 65294.153,
    "quantity": 0.5,
    "remaining_quantity": 0.5
  },
  {
    "event_id": "83bab532f6800f9001b48cc0516768405d39ebb2a4288b43d07bbef4b20ed57c",
    "schema_version": "1.0.0",
    "event_type": "agent_order",
    "source": "synthetic_agent",
    "symbol": "BTCUSDT",
    "exchange": "binance_usdm",
    "timestamp": "2024-05-01T00:00:00.550000Z",
    "sequence": 11,
    "scenario_id": "scenario-255-spoofing_layering",
    "agent_id": "agent-spoofing_layering",
    "order_id": "scenario-255-spoofing_layering-agent-spoofing_layering-11",
    "action": "new",
    "side": "sell",
    "price": 65294.80555,
    "quantity": 0.5,
    "remaining_quantity": 0.5
  },
  {
    "event_id": "65d36f58209a03fbeb4fa15e1e4292561f29b0458c6ae09be60850d107e7ea8d",
    "schema_version": "1.0.0",
    "event_type": "agent_order",
    "source": "synthetic_agent",
    "symbol": "BTCUSDT",
    "exchange": "binance_usdm",
    "timestamp": "2024-05-01T00:00:00.600000Z",
    "sequence": 12,
    "scenario_id": "scenario-255-spoofing_layering",
    "agent_id": "agent-spoofing_layering",
    "order_id": "scenario-255-spoofing_layering-agent-spoofing_layering-12",
    "action": "new",
    "side": "sell",
    "price": 65295.45809999999,
    "quantity": 0.5,
    "remaining_quantity": 0.5
  },
  {
    "event_id": "723e9a19a7029e109dd10519e887a57dd7f01d7da8d40c463601c770e4316f9a",
    "schema_version": "1.0.0",
    "event_type": "agent_order",
    "source": "synthetic_agent",
    "symbol": "BTCUSDT",
    "exchange": "binance_usdm",
    "timestamp": "2024-05-01T00:00:00.650000Z",
    "sequence": 13,
    "scenario_id": "scenario-255-spoofing_layering",
    "agent_id": "agent-spoofing_layering",
    "order_id": "scenario-255-spoofing_layering-agent-spoofing_layering-13",
    "action": "new",
    "side": "sell",
    "price": 65296.110649999995,
    "quantity": 0.5,
    "remaining_quantity": 0.5
  },
  {
    "event_id": "5dc2ed867e92d0b60da41b8cb32b01a83dfba746fb583b59692c295047bfd7c4",
    "schema_version": "1.0.0",
    "event_type": "agent_order",
    "source": "synthetic_agent",
    "symbol": "BTCUSDT",
    "exchange": "binance_usdm",
    "timestamp": "2024-05-01T00:00:00.700000Z",
    "sequence": 14,
    "scenario_id": "scenario-255-spoofing_layering",
    "agent_id": "agent-spoofing_layering",
    "order_id": "scenario-255-spoofing_layering-agent-spoofing_layering-14",
    "action": "new",
    "side": "sell",
    "price": 65296.7632,
    "quantity": 0.5,
    "remaining_quantity": 0.5
  },
  {
    "event_id": "459fd8f587d35ac7c70eb4ac038ea634a17d559574158c4b55278073ed4ff157",
    "schema_version": "1.0.0",
    "event_type": "agent_order",
    "source": "synthetic_agent",
    "symbol": "BTCUSDT",
    "exchange": "binance_usdm",
    "timestamp": "2024-05-01T00:00:00.750000Z",
    "sequence": 15,
    "scenario_id": "scenario-255-spoofing_layering",
    "agent_id": "agent-spoofing_layering",
    "order_id": "scenario-255-spoofing_layering-agent-spoofing_layering-15",
    "action": "new",
    "side": "sell",
    "price": 65297.41575,
    "quantity": 0.5,
    "remaining_quantity": 0.5
  },
  {
    "event_id": "42cfa026071bd8f808abb4b239253826c542ad2d8c93ecf9642a989429908b28",
    "schema_version": "1.0.0",
    "event_type": "agent_order",
    "source": "synthetic_agent",
    "symbol": "BTCUSDT",
    "exchange": "binance_usdm",
    "timestamp": "2024-05-01T00:00:00.800000Z",
    "sequence": 16,
    "scenario_id": "scenario-255-spoofing_layering",
    "agent_id": "agent-spoofing_layering",
    "order_id": "scenario-255-spoofing_layering-agent-spoofing_layering-16",
    "action": "new",
    "side": "sell",
    "price": 65298.06829999999,
    "quantity": 0.5,
    "remaining_quantity": 0.5
  },
  {
    "event_id": "23a97abf89690cc5858d3437012060691a96a082339d944e8f0e3444beb393bf",
    "schema_version": "1.0.0",
    "event_type": "agent_order",
    "source": "synthetic_agent",
    "symbol": "BTCUSDT",
    "exchange": "binance_usdm",
    "timestamp": "2024-05-01T00:00:00.850000Z",
    "sequence": 17,
    "scenario_id": "scenario-255-spoofing_layering",
    "agent_id": "agent-spoofing_layering",
    "order_id": "scenario-255-spoofing_layering-agent-spoofing_layering-17",
    "action": "new",
    "side": "sell",
    "price": 65298.72085,
    "quantity": 0.5,
    "remaining_quantity": 0.5
  },
  {
    "event_id": "5e7033de77a5e1d89206a89a8350e6f62a97d0aa8f299a9085c821701eedd8ce",
    "schema_version": "1.0.0",
    "event_type": "agent_order",
    "source": "synthetic_agent",
    "symbol": "BTCUSDT",
    "exchange": "binance_usdm",
    "timestamp": "2024-05-01T00:00:00.900000Z",
    "sequence": 18,
    "scenario_id": "scenario-255-spoofing_layering",
    "agent_id": "agent-spoofing_layering",
    "order_id": "scenario-255-spoofing_layering-agent-spoofing_layering-18",
    "action": "new",
    "side": "sell",
    "price": 65299.373400000004,
    "quantity": 0.5,
    "remaining_quantity": 0.5
  },
  {
    "event_id": "70113129af86a87a02afb3684a397c356d788aeb6266e1e87e27a1170686b5b2",
    "schema_version": "1.0.0",
    "event_type": "agent_order",
    "source": "synthetic_agent",
    "symbol": "BTCUSDT",
    "exchange": "binance_usdm",
    "timestamp": "2024-05-01T00:00:00.950000Z",
    "sequence": 19,
    "scenario_id": "scenario-255-spoofing_layering",
    "agent_id": "agent-spoofing_layering",
    "order_id": "scenario-255-spoofing_layering-agent-spoofing_layering-19",
    "action": "new",
    "side": "sell",
    "price": 65300.02594999999,
    "quantity": 0.5,
    "remaining_quantity": 0.5
  },
  {
    "event_id": "b3e20793ae60dd625f8f2b266e2c6ed3af7cd4fc728b6a0f9676c214980c212f",
    "schema_version": "1.0.0",
    "event_type": "agent_order",
    "source": "synthetic_agent",
    "symbol": "BTCUSDT",
    "exchange": "binance_usdm",
    "timestamp": "2024-05-01T00:00:01Z",
    "sequence": 20,
    "scenario_id": "scenario-255-spoofing_layering",
    "agent_id": "agent-spoofing_layering",
    "order_id": "scenario-255-spoofing_layering-agent-spoofing_layering-20",
    "action": "new",
    "side": "sell",
    "price": 65300.678499999995,
    "quantity": 0.5,
    "remaining_quantity": 0.5
  },
  {
    "event_id": "4b86a8846e94c1f9cac06e3bb609cc7ee52a4708a72e3647fea994cd4ca74415",
    "schema_version": "1.0.0",
    "event_type": "agent_order",
    "source": "synthetic_agent",
    "symbol": "BTCUSDT",
    "exchange": "binance_usdm",
    "timestamp": "2024-05-01T00:00:01.050000Z",
    "sequence": 21,
    "scenario_id": "scenario-255-spoofing_layering",
    "agent_id": "agent-spoofing_layering",
    "order_id": "scenario-255-spoofing_layering-agent-spoofing_layering-21",
    "action": "new",
    "side": "sell",
    "price": 65301.33105,
    "quantity": 0.5,
    "remaining_quantity": 0.5
  },
  {
    "event_id": "4fcf0c29f7e2d775dcb4cff6503d7efc728ef19aec58c881cd2ad1202435fc81",
    "schema_version": "1.0.0",
    "event_type": "agent_order",
    "source": "synthetic_agent",
    "symbol": "BTCUSDT",
    "exchange": "binance_usdm",
    "timestamp": "2024-05-01T00:00:01.100000Z",
    "sequence": 22,
    "scenario_id": "scenario-255-spoofing_layering",
    "agent_id": "agent-spoofing_layering",
    "order_id": "scenario-255-spoofing_layering-agent-spoofing_layering-22",
    "action": "new",
    "side": "sell",
    "price": 65301.98360000001,
    "quantity": 0.5,
    "remaining_quantity": 0.5
  },
  {
    "event_id": "3f3ffccf0c9990e044c7b9f3b058cd04e1091e4d3df39e83b3a8e21256ab40ae",
    "schema_version": "1.0.0",
    "event_type": "agent_order",
    "source": "synthetic_agent",
    "symbol": "BTCUSDT",
    "exchange": "binance_usdm",
    "timestamp": "2024-05-01T00:00:01.150000Z",
    "sequence": 23,
    "scenario_id": "scenario-255-spoofing_layering",
    "agent_id": "agent-spoofing_layering",
    "order_id": "scenario-255-spoofing_layering-agent-spoofing_layering-23",
    "action": "new",
    "side": "sell",
    "price": 65302.63614999999,
    "quantity": 0.5,
    "remaining_quantity": 0.5
  },
  {
    "event_id": "42c6af76637f44a4ea4aa68d363044ffa6923ddb1b77e2b21fa964b05a8aea2f",
    "schema_version": "1.0.0",
    "event_type": "agent_order",
    "source": "synthetic_agent",
    "symbol": "BTCUSDT",
    "exchange": "binance_usdm",
    "timestamp": "2024-05-01T00:00:01.200000Z",
    "sequence": 24,
    "scenario_id": "scenario-255-spoofing_layering",
    "agent_id": "agent-spoofing_layering",
    "order_id": "scenario-255-spoofing_layering-agent-spoofing_layering-24",
    "action": "new",
    "side": "sell",
    "price": 65303.2887,
    "quantity": 0.5,
    "remaining_quantity": 0.5
  },
  {
    "event_id": "55fbafa161844a1ad5c148547c26025e0d28cddc48779bf9500f407d04f39760",
    "schema_version": "1.0.0",
    "event_type": "agent_order",
    "source": "synthetic_agent",
    "symbol": "BTCUSDT",
    "exchange": "binance_usdm",
    "timestamp": "2024-05-01T00:00:01.250000Z",
    "sequence": 25,
    "scenario_id": "scenario-255-spoofing_layering",
    "agent_id": "agent-spoofing_layering",
    "order_id": "scenario-255-spoofing_layering-agent-spoofing_layering-25",
    "action": "new",
    "side": "sell",
    "price": 65303.94125,
    "quantity": 0.5,
    "remaining_quantity": 0.5
  },
  {
    "event_id": "b52aa9dc22b40dc12f6a3f2a0f10a5968b6ade00baa0bf97b293b692c52b8b59",
    "schema_version": "1.0.0",
    "event_type": "agent_order",
    "source": "synthetic_agent",
    "symbol": "BTCUSDT",
    "exchange": "binance_usdm",
    "timestamp": "2024-05-01T00:00:01.300000Z",
    "sequence": 26,
    "scenario_id": "scenario-255-spoofing_layering",
    "agent_id": "agent-spoofing_layering",
    "order_id": "scenario-255-spoofing_layering-agent-spoofing_layering-26",
    "action": "new",
    "side": "sell",
    "price": 65304.593799999995,
    "quantity": 0.5,
    "remaining_quantity": 0.5
  },
  {
    "event_id": "efb47e0cb7441c132715524faa677f3d796b48bc28070719004e76d67d222516",
    "schema_version": "1.0.0",
    "event_type": "agent_order",
    "source": "synthetic_agent",
    "symbol": "BTCUSDT",
    "exchange": "binance_usdm",
    "timestamp": "2024-05-01T00:00:01.350000Z",
    "sequence": 27,
    "scenario_id": "scenario-255-spoofing_layering",
    "agent_id": "agent-spoofing_layering",
    "order_id": "scenario-255-spoofing_layering-agent-spoofing_layering-27",
    "action": "new",
    "side": "sell",
    "price": 65305.246349999994,
    "quantity": 0.5,
    "remaining_quantity": 0.5
  },
  {
    "event_id": "b16e4df84a77967e4fe65b49a3b69fa363677ca8ab521af62f5c886fceb4e2eb",
    "schema_version": "1.0.0",
    "event_type": "agent_order",
    "source": "synthetic_agent",
    "symbol": "BTCUSDT",
    "exchange": "binance_usdm",
    "timestamp": "2024-05-01T00:00:01.400000Z",
    "sequence": 28,
    "scenario_id": "scenario-255-spoofing_layering",
    "agent_id": "agent-spoofing_layering",
    "order_id": "scenario-255-spoofing_layering-agent-spoofing_layering-28",
    "action": "new",
    "side": "sell",
    "price": 65305.8989,
    "quantity": 0.5,
    "remaining_quantity": 0.5
  },
  {
    "event_id": "1f33835e8f723bd86812b7354d6c9c4af64d6d1a89f006bb595731cf1cf06a42",
    "schema_version": "1.0.0",
    "event_type": "agent_order",
    "source": "synthetic_agent",
    "symbol": "BTCUSDT",
    "exchange": "binance_usdm",
    "timestamp": "2024-05-01T00:00:01.450000Z",
    "sequence": 29,
    "scenario_id": "scenario-255-spoofing_layering",
    "agent_id": "agent-spoofing_layering",
    "order_id": "scenario-255-spoofing_layering-agent-spoofing_layering-29",
    "action": "new",
    "side": "sell",
    "price": 65306.55144999999,
    "quantity": 0.5,
    "remaining_quantity": 0.5
  }
]