[
  {
    "event_id": "4e861aa51af5ccaf9691178302237c975959fbb1105e413cf91a116159db1651",
    "schema_version": "1.0.0",
    "event_type": "agent_order",
    "source": "synthetic_agent",
    "symbol": "BTCUSDT",
    "exchange": "binance_usdm",
    "timestamp": "2024-05-01T00:00:00Z",
    "sequence": 0,
    "scenario_id": "scenario-156-passive_market_maker",
    "agent_id": "agent-passive_market_maker",
    "order_id": "scenario-156-passive_market_maker-agent-passive_market_maker-0",
    "action": "new",
    "side": "buy",
    "price": 65090.844,
    "quantity": 0.01,
    "remaining_quantity": 0.01
  },
  {
    "event_id": "3ba405ee703880be6b002e321509632db48c86ebc47ae79c3d0d1a257cccbf0a",
    "schema_version": "1.0.0",
    "event_type": "agent_order",
    "source": "synthetic_agent",
    "symbol": "BTCUSDT",
    "exchange": "binance_usdm",
    "timestamp": "2024-05-01T00:00:00.100000Z",
    "sequence": 1,
    "scenario_id": "scenario-156-passive_market_maker",
    "agent_id": "agent-passive_market_maker",
    "order_id": "scenario-156-passive_market_maker-agent-passive_market_maker-1",
    "action": "new",
    "side": "sell",
    "price": 65221.155999999995,
    "quantity": 0.01,
    "remaining_quantity": 0.01
  },
  {
    "event_id": "de8ab3666238d2d3848682a018032d3de8083d9f2d8c3c994c4fa0bf27139617",
    "schema_version": "1.0.0",
    "event_type": "agent_order",
    "source": "synthetic_agent",
    "symbol": "BTCUSDT",
    "exchange": "binance_usdm",
    "timestamp": "2024-05-01T00:00:00.200000Z",
    "sequence": 2,
    "scenario_id": "scenario-156-passive_market_maker",
    "agent_id": "agent-passive_market_maker",
    "order_id": "scenario-156-passive_market_maker-agent-passive_market_maker-2",
    "action": "new",
    "side": "buy",
    "price": 65090.844,
    "quantity": 0.01,
    "remaining_quantity": 0.01
  },
  {
    "event_id": "bf02595e0b09f1d1f67e55be7f5192f5f0fbddbc747f9eb8eeeb7ad83ae51b7f",
    "schema_version": "1.0.0",
    "event_type": "agent_order",
    "source": "synthetic_agent",
    "symbol": "BTCUSDT",
    "exchange": "binance_usdm",
    "timestamp": "2024-05-01T00:00:00.300000Z",
    "sequence": 3,
    "scenario_id": "scenario-156-passive_market_maker",
    "agent_id": "agent-passive_market_maker",
    "order_id": "scenario-156-passive_market_maker-agent-passive_market_maker-3",
    "action": "new",
    "side": "sell",
    "price": 65221.155999999995,
    "quantity": 0.01,
    "remaining_quantity": 0.01
  },
  {
    "event_id": "ea7f8fe3d7ab9ff4c8a95cde75b7abc392437124116ab9df621d42e5876fc82e",
    "schema_version": "1.0.0",
    "event_type": "agent_order",
    "source": "synthetic_agent",
    "symbol": "BTCUSDT",
    "exchange": "binance_usdm",
    "timestamp": "2024-05-01T00:00:00.400000Z",
    "sequence": 4,
    "scenario_id": "scenario-156-passive_market_maker",
    "agent_id": "agent-passive_market_maker",
    "order_id": "scenario-156-passive_market_maker-agent-passive_market_maker-4",
    "action": "new",
    "side": "buy",
    "price": 65090.844,
    "quantity": 0.01,
    "remaining_quantity": 0.01
  },
  {
    "event_id": "6a353e7d91445e0eacdbb1de0d2e342980e84b53165aa691d543699d34d788d0",
    "schema_version": "1.0.0",
    "event_type": "agent_order",
    "source": "synthetic_agent",
    "symbol": "BTCUSDT",
    "exchange": "binance_usdm",
    "timestamp": "2024-05-01T00:00:00.500000Z",
    "sequence": 5,
    "scenario_id": "scenario-156-passive_market_maker",
    "agent_id": "agent-passive_market_maker",
    "order_id": "scenario-156-passive_market_maker-agent-passive_market_maker-5",
    "action": "new",
    "side": "sell",
    "price": 65221.155999999995,
    "quantity": 0.01,
    "remaining_quantity": 0.01
  },
  {
    "event_id": "72483209840cefc547c417df9372d211584faad541ef67fed7489cee8ddc370c",
    "schema_version": "1.0.0",
    "event_type": "agent_order",
    "source": "synthetic_agent",
    "symbol": "BTCUSDT",
    "exchange": "binance_usdm",
    "timestamp": "2024-05-01T00:00:00.600000Z",
    "sequence": 6,
    "scenario_id": "scenario-156-passive_market_maker",
    "agent_id": "agent-passive_market_maker",
    "order_id": "scenario-156-passive_market_maker-agent-passive_market_maker-6",
    "action": "new",
    "side": "buy",
    "price": 65090.844,
    "quantity": 0.01,
    "remaining_quantity": 0.01
  },
  {
    "event_id": "b9235d509068ff7c066bb62580ede1170658116951606d52d06a9b71ee451676",
    "schema_version": "1.0.0",
    "event_type": "agent_order",
    "source": "synthetic_agent",
    "symbol": "BTCUSDT",
    "exchange": "binance_usdm",
    "timestamp": "2024-05-01T00:00:00.700000Z",
    "sequence": 7,
    "scenario_id": "scenario-156-passive_market_maker",
    "agent_id": "agent-passive_market_maker",
    "order_id": "scenario-156-passive_market_maker-agent-passive_market_maker-7",
    "action": "new",
    "side": "sell",
    "price": 65221.155999999995,
    "quantity": 0.01,
    "remaining_quantity": 0.01
  },
  {
    "event_id": "2ca3eca201ab654f5999fabd33684aff86fe4738f0afd46af210daf8b0bd9110",
    "schema_version": "1.0.0",
    "event_type": "agent_order",
    "source": "synthetic_agent",
    "symbol": "BTCUSDT",
    "exchange": "binance_usdm",
    "timestamp": "2024-05-01T00:00:00.800000Z",
    "sequence": 8,
    "scenario_id": "scenario-156-passive_market_maker",
    "agent_id": "agent-passive_market_maker",
    "order_id": "scenario-156-passive_market_maker-agent-passive_market_maker-8",
    "action": "new",
    "side": "buy",
    "price": 65090.844,
    "quantity": 0.01,
    "remaining_quantity": 0.01
  },
  {
    "event_id": "04b6aad5a01946f31a7db27820c2052c7a0deec2dcb098cee2cede459f5e93e2",
    "schema_version": "1.0.0",
    "event_type": "agent_order",
    "source": "synthetic_agent",
    "symbol": "BTCUSDT",
    "exchange": "binance_usdm",
    "timestamp": "2024-05-01T00:00:00.900000Z",
    "sequence": 9,
    "scenario_id": "scenario-156-passive_market_maker",
    "agent_id": "agent-passive_market_maker",
    "order_id": "scenario-156-passive_market_maker-agent-passive_market_maker-9",
    "action": "new",
    "side": "sell",
    "price": 65221.155999999995,
    "quantity": 0.01,
    "remaining_quantity": 0.01
  },
  {
    "event_id": "06d0946216e9029d9ec4e96dad4e7852f0bd5ce72ab31b45259cdfada74f34b4",
    "schema_version": "1.0.0",
    "event_type": "agent_order",
    "source": "synthetic_agent",
    "symbol": "BTCUSDT",
    "exchange": "binance_usdm",
    "timestamp": "2024-05-01T00:00:01Z",
    "sequence": 10,
    "scenario_id": "scenario-156-passive_market_maker",
    "agent_id": "agent-passive_market_maker",
    "order_id": "scenario-156-passive_market_maker-agent-passive_market_maker-10",
    "action": "new",
    "side": "buy",
    "price": 65090.844,
    "quantity": 0.01,
    "remaining_quantity": 0.01
  },
  {
    "event_id": "baa7a022b0d7f70f7f8b2d514780d5b57b49a5d99c5649b898e438125aeb0514",
    "schema_version": "1.0.0",
    "event_type": "agent_order",
    "source": "synthetic_agent",
    "symbol": "BTCUSDT",
    "exchange": "binance_usdm",
    "timestamp": "2024-05-01T00:00:01.100000Z",
    "sequence": 11,
    "scenario_id": "scenario-156-passive_market_maker",
    "agent_id": "agent-passive_market_maker",
    "order_id": "scenario-156-passive_market_maker-agent-passive_market_maker-11",
    "action": "new",
    "side": "sell",
    "price": 65221.155999999995,
    "quantity": 0.01,
    "remaining_quantity": 0.01
  },
  {
    "event_id": "59e565348f546e8beee751f1278e63a0bd3eed3b80f037550739b5193adeb243",
    "schema_version": "1.0.0",
    "event_type": "agent_order",
    "source": "synthetic_agent",
    "symbol": "BTCUSDT",
    "exchange": "binance_usdm",
    "timestamp": "2024-05-01T00:00:01.200000Z",
    "sequence": 12,
    "scenario_id": "scenario-156-passive_market_maker",
    "agent_id": "agent-passive_market_maker",
    "order_id": "scenario-156-passive_market_maker-agent-passive_market_maker-12",
    "action": "new",
    "side": "buy",
    "price": 65090.844,
    "quantity": 0.01,
    "remaining_quantity": 0.01
  },
  {
    "event_id": "0e6f4d91563b4c089b6d37bcc1015d09e6f26c4ee84bb10532cb1323c6cc6390",
    "schema_version": "1.0.0",
    "event_type": "agent_order",
    "source": "synthetic_agent",
    "symbol": "BTCUSDT",
    "exchange": "binance_usdm",
    "timestamp": "2024-05-01T00:00:01.300000Z",
    "sequence": 13,
    "scenario_id": "scenario-156-passive_market_maker",
    "agent_id": "agent-passive_market_maker",
    "order_id": "scenario-156-passive_market_maker-agent-passive_market_maker-13",
    "action": "new",
    "side": "sell",
    "price": 65221.155999999995,
    "quantity": 0.01,
    "remaining_quantity": 0.01
  },
  {
    "event_id": "585e4fa6d9d90fb9bb169adc75f6a6c89c86235123ee33f8c4bbbb1599c483f4",
    "schema_version": "1.0.0",
    "event_type": "agent_order",
    "source": "synthetic_agent",
    "symbol": "BTCUSDT",
    "exchange": "binance_usdm",
    "timestamp": "2024-05-01T00:00:01.400000Z",
    "sequence": 14,
    "scenario_id": "scenario-156-passive_market_maker",
    "agent_id": "agent-passive_market_maker",
    "order_id": "scenario-156-passive_market_maker-agent-passive_market_maker-14",
    "action": "new",
    "side": "buy",
    "price": 65090.844,
    "quantity": 0.01,
    "remaining_quantity": 0.01
  },
  {
    "event_id": "30e5927c5b6eb4b1be8e7719e72c1cf7cae4456d49d01f01f2e57ae3785e433a",
    "schema_version": "1.0.0",
    "event_type": "agent_order",
    "source": "synthetic_agent",
    "symbol": "BTCUSDT",
    "exchange": "binance_usdm",
    "timestamp": "2024-05-01T00:00:01.500000Z",
    "sequence": 15,
    "scenario_id": "scenario-156-passive_market_maker",
    "agent_id": "agent-passive_market_maker",
    "order_id": "scenario-156-passive_market_maker-agent-passive_market_maker-15",
    "action": "new",
    "side": "sell",
    "price": 65221.155999999995,
    "quantity": 0.01,
    "remaining_quantity": 0.01
  },
  {
    "event_id": "5f646696ab6de531155392a00f63bd4437f3a9e99b7a99969c2ab2bf7dbb812b",
    "schema_version": "1.0.0",
    "event_type": "agent_order",
    "source": "synthetic_agent",
    "symbol": "BTCUSDT",
    "exchange": "binance_usdm",
    "timestamp": "2024-05-01T00:00:01.600000Z",
    "sequence": 16,
    "scenario_id": "scenario-156-passive_market_maker",
    "agent_id": "agent-passive_market_maker",
    "order_id": "scenario-156-passive_market_maker-agent-passive_market_maker-16",
    "action": "new",
    "side": "buy",
    "price": 65090.844,
    "quantity": 0.01,
    "remaining_quantity": 0.01
  },
  {
    "event_id": "ed45b96aea7810f5b2de4f7155d45ced8d71a32780cbb7d0c6c5e950737ca033",
    "schema_version": "1.0.0",
    "event_type": "agent_order",
    "source": "synthetic_agent",
    "symbol": "BTCUSDT",
    "exchange": "binance_usdm",
    "timestamp": "2024-05-01T00:00:01.700000Z",
    "sequence": 17,
    "scenario_id": "scenario-156-passive_market_maker",
    "agent_id": "agent-passive_market_maker",
    "order_id": "scenario-156-passive_market_maker-agent-passive_market_maker-17",
    "action": "new",
    "side": "sell",
    "price": 65221.155999999995,
    "quantity": 0.01,
    "remaining_quantity": 0.01
  },
  {
    "event_id": "426d7532031b4e3f11bdfc75b33731fe8eae99038cf3526b5c86cc5f131a2bc0",
    "schema_version": "1.0.0",
    "event_type": "agent_order",
    "source": "synthetic_agent",
    "symbol": "BTCUSDT",
    "exchange": "binance_usdm",
    "timestamp": "2024-05-01T00:00:01.800000Z",
    "sequence": 18,
    "scenario_id": "scenario-156-passive_market_maker",
    "agent_id": "agent-passive_market_maker",
    "order_id": "scenario-156-passive_market_maker-agent-passive_market_maker-18",
    "action": "new",
    "side": "buy",
    "price": 65090.844,
    "quantity": 0.01,
    "remaining_quantity": 0.01
  },
  {
    "event_id": "3fa9358666003018922156b4f5da408f8f3a1cfd05999a6f7d3c45069d625e20",
    "schema_version": "1.0.0",
    "event_type": "agent_order",
    "source": "synthetic_agent",
    "symbol": "BTCUSDT",
    "exchange": "binance_usdm",
    "timestamp": "2024-05-01T00:00:01.900000Z",
    "sequence": 19,
    "scenario_id": "scenario-156-passive_market_maker",
    "agent_id": "agent-passive_market_maker",
    "order_id": "scenario-156-passive_market_maker-agent-passive_market_maker-19",
    "action": "new",
    "side": "sell",
    "price": 65221.155999999995,
    "quantity": 0.01,
    "remaining_quantity": 0.01
  },
  {
    "event_id": "c589d99bbb7f9ff184f83af4dc61fa7ba6065878f255324266fbe0d5b197ece2",
    "schema_version": "1.0.0",
    "event_type": "agent_order",
    "source": "synthetic_agent",
    "symbol": "BTCUSDT",
    "exchange": "binance_usdm",
    "timestamp": "2024-05-01T00:00:02Z",
    "sequence": 20,
    "scenario_id": "scenario-156-passive_market_maker",
    "agent_id": "agent-passive_market_maker",
    "order_id": "scenario-156-passive_market_maker-agent-passive_market_maker-20",
    "action": "new",
    "side": "buy",
    "price": 65090.844,
    "quantity": 0.01,
    "remaining_quantity": 0.01
  },
  {
    "event_id": "1a8997835b1f346e0a58b46613511ea8507ebba275c26efa45f5e705a5751599",
    "schema_version": "1.0.0",
    "event_type": "agent_order",
    "source": "synthetic_agent",
    "symbol": "BTCUSDT",
    "exchange": "binance_usdm",
    "timestamp": "2024-05-01T00:00:02.100000Z",
    "sequence": 21,
    "scenario_id": "scenario-156-passive_market_maker",
    "agent_id": "agent-passive_market_maker",
    "order_id": "scenario-156-passive_market_maker-agent-passive_market_maker-21",
    "action": "new",
    "side": "sell",
    "price": 65221.155999999995,
    "quantity": 0.01,
    "remaining_quantity": 0.01
  },
  {
    "event_id": "9e29b19ccece61d367c9c0f0bbee9accedf1f7e02c044c9480861d25f1f79777",
    "schema_version": "1.0.0",
    "event_type": "agent_order",
    "source": "synthetic_agent",
    "symbol": "BTCUSDT",
    "exchange": "binance_usdm",
    "timestamp": "2024-05-01T00:00:02.200000Z",
    "sequence": 22,
    "scenario_id": "scenario-156-passive_market_maker",
    "agent_id": "agent-passive_market_maker",
    "order_id": "scenario-156-passive_market_maker-agent-passive_market_maker-22",
    "action": "new",
    "side": "buy",
    "price": 65090.844,
    "quantity": 0.01,
    "remaining_quantity": 0.01
  },
  {
    "event_id": "80df80ab610afdc114f632a2462cd28e3bca5e66da00bf2769b58bfa08da8bc4",
    "schema_version": "1.0.0",
    "event_type": "agent_order",
    "source": "synthetic_agent",
    "symbol": "BTCUSDT",
    "exchange": "binance_usdm",
    "timestamp": "2024-05-01T00:00:02.300000Z",
    "sequence": 23,
    "scenario_id": "scenario-156-passive_market_maker",
    "agent_id": "agent-passive_market_maker",
    "order_id": "scenario-156-passive_market_maker-agent-passive_market_maker-23",
    "action": "new",
    "side": "sell",
    "price": 65221.155999999995,
    "quantity": 0.01,
    "remaining_quantity": 0.01
  },
  {
    "event_id": "401e3e42cd45f00588181ec251fcff774509e277f82c69a3ca2052672d94fe6d",
    "schema_version": "1.0.0",
    "event_type": "agent_order",
    "source": "synthetic_agent",
    "symbol": "BTCUSDT",
    "exchange": "binance_usdm",
    "timestamp": "2024-05-01T00:00:02.400000Z",
    "sequence": 24,
    "scenario_id": "scenario-156-passive_market_maker",
    "agent_id": "agent-passive_market_maker",
    "order_id": "scenario-156-passive_market_maker-agent-passive_market_maker-24",
    "action": "new",
    "side": "buy",
    "price": 65090.844,
    "quantity": 0.01,
    "remaining_quantity": 0.01
  },
  {
    "event_id": "c0f18f60d3af0b110ec35660aec9df16d66852abef29980e6c560d4501183f10",
    "schema_version": "1.0.0",
    "event_type": "agent_order",
    "source": "synthetic_agent",
    "symbol": "BTCUSDT",
    "exchange": "binance_usdm",
    "timestamp": "2024-05-01T00:00:02.500000Z",
    "sequence": 25,
    "scenario_id": "scenario-156-passive_market_maker",
    "agent_id": "agent-passive_market_maker",
    "order_id": "scenario-156-passive_market_maker-agent-passive_market_maker-25",
    "action": "new",
    "side": "sell",
    "price": 65221.155999999995,
    "quantity": 0.01,
    "remaining_quantity": 0.01
  },
  {
    "event_id": "7c3b23ee4e2d2fdb67714cb0ae9681fec0b6cc51ebbced979317593dbcee771e",
    "schema_version": "1.0.0",
    "event_type": "agent_order",
    "source": "synthetic_agent",
    "symbol": "BTCUSDT",
    "exchange": "binance_usdm",
    "timestamp": "2024-05-01T00:00:02.600000Z",
    "sequence": 26,
    "scenario_id": "scenario-156-passive_market_maker",
    "agent_id": "agent-passive_market_maker",
    "order_id": "scenario-156-passive_market_maker-agent-passive_market_maker-26",
    "action": "new",
    "side": "buy",
    "price": 65090.844,
    "quantity": 0.01,
    "remaining_quantity": 0.01
  },
  {
    "event_id": "90c28b36d79e66cf2f675350459749fdac94e2dd8c0488352731dd8727a2ec24",
    "schema_version": "1.0.0",
    "event_type": "agent_order",
    "source": "synthetic_agent",
    "symbol": "BTCUSDT",
    "exchange": "binance_usdm",
    "timestamp": "2024-05-01T00:00:02.700000Z",
    "sequence": 27,
    "scenario_id": "scenario-156-passive_market_maker",
    "agent_id": "agent-passive_market_maker",
    "order_id": "scenario-156-passive_market_maker-agent-passive_market_maker-27",
    "action": "new",
    "side": "sell",
    "price": 65221.155999999995,
    "quantity": 0.01,
    "remaining_quantity": 0.01
  },
  {
    "event_id": "b26707d9d96f201160d86fe3edf912cb7634b800302545ca8b9562b13ff86cca",
    "schema_version": "1.0.0",
    "event_type": "agent_order",
    "source": "synthetic_agent",
    "symbol": "BTCUSDT",
    "exchange": "binance_usdm",
    "timestamp": "2024-05-01T00:00:02.800000Z",
    "sequence": 28,
    "scenario_id": "scenario-156-passive_market_maker",
    "agent_id": "agent-passive_market_maker",
    "order_id": "scenario-156-passive_market_maker-agent-passive_market_maker-28",
    "action": "new",
    "side": "buy",
    "price": 65090.844,
    "quantity": 0.01,
    "remaining_quantity": 0.01
  },
  {
    "event_id": "4bbc86cbae803b998c0f468b535b72726d1cdea78e51c416afc02e166acdd7e2",
    "schema_version": "1.0.0",
    "event_type": "agent_order",
    "source": "synthetic_agent",
    "symbol": "BTCUSDT",
    "exchange": "binance_usdm",
    "timestamp": "2024-05-01T00:00:02.900000Z",
    "sequence": 29,
    "scenario_id": "scenario-156-passive_market_maker",
    "agent_id": "agent-passive_market_maker",
    "order_id": "scenario-156-passive_market_maker-agent-passive_market_maker-29",
    "action": "new",
    "side": "sell",
    "price": 65221.155999999995,
    "quantity": 0.01,
    "remaining_quantity": 0.01
  }
]