[
  {
    "event_id": "956c28e344f9eddcf8f2bf540dfc6403a108a4467bfd89407853cc9143ee1a24",
    "schema_version": "1.0.0",
    "event_type": "agent_order",
    "source": "synthetic_agent",
    "symbol": "BTCUSDT",
    "exchange": "binance_usdm",
    "timestamp": "2024-05-01T00:00:00Z",
    "sequence": 0,
    "scenario_id": "scenario-525-stop_run_sweep",
    "agent_id": "agent-stop_run_sweep",
    "order_id": "scenario-525-stop_run_sweep-agent-stop_run_sweep-0",
    "action": "new",
    "side": "buy",
    "price": 65590.525,
    "quantity": 0.06,
    "remaining_quantity": 0.06
  },
  {
    "event_id": "f7024cc00aa4a041b85648532608ae05f67c055c5f2c46fc8165cbc980d46b20",
    "schema_version": "1.0.0",
    "event_type": "agent_order",
    "source": "synthetic_agent",
    "symbol": "BTCUSDT",
    "exchange": "binance_usdm",
    "timestamp": "2024-05-01T00:00:00.030000Z",
    "sequence": 1,
    "scenario_id": "scenario-525-stop_run_sweep",
    "agent_id": "agent-stop_run_sweep",
    "order_id": "scenario-525-stop_run_sweep-agent-stop_run_sweep-1",
    "action": "new",
    "side": "buy",
    "price": 65593.80125,
    "quantity": 0.06,
    "remaining_quantity": 0.06
  },
  {
    "event_id": "54ec31dc672ad693a79aedebb45776e94858a2b6de07b8dbf74bfc6e8619dd81",
    "schema_version": "1.0.0",
    "event_type": "agent_order",
    "source": "synthetic_agent",
    "symbol": "BTCUSDT",
    "exchange": "binance_usdm",
    "timestamp": "2024-05-01T00:00:00.060000Z",
    "sequence": 2,
    "scenario_id": "scenario-525-stop_run_sweep",
    "agent_id": "agent-stop_run_sweep",
    "order_id": "scenario-525-stop_run_sweep-agent-stop_run_sweep-2",
    "action": "new",
    "side": "buy",
    "price": 65597.07749999998,
    "quantity": 0.06,
    "remaining_quantity": 0.06
  },
  {
    "event_id": "74fb998e4289fa854e1e225b234b35c35e4bb8c3758776b796f47c1526b81fe5",
    "schema_version": "1.0.0",
    "event_type": "agent_order",
    "source": "synthetic_agent",
    "symbol": "BTCUSDT",
    "exchange": "binance_usdm",
    "timestamp": "2024-05-01T00:00:00.090000Z",
    "sequence": 3,
    "scenario_id": "scenario-525-stop_run_sweep",
    "agent_id": "agent-stop_run_sweep",
    "order_id": "scenario-525-stop_run_sweep-agent-stop_run_sweep-3",
    "action": "new",
    "side": "buy",
    "price": 65600.35375,
    "quantity": 0.06,
    "remaining_quantity": 0.06
  },
  {
    "event_id": "b1ef4e720e6d354109a497f759320622b4c5e5461887ec6ebc752297c16e8028",
    "schema_version": "1.0.0",
    "event_type": "agent_order",
    "source": "synthetic_agent",
    "symbol": "BTCUSDT",
    "exchange": "binance_usdm",
    "timestamp": "2024-05-01T00:00:00.120000Z",
    "sequence": 4,
    "scenario_id": "scenario-525-stop_run_sweep",
    "agent_id": "agent-stop_run_sweep",
    "order_id": "scenario-525-stop_run_sweep-agent-stop_run_sweep-4",
    "action": "new",
    "side": "buy",
    "price": 65603.62999999999,
    "quantity": 0.06,
    "remaining_quantity": 0.06
  },
  {
    "event_id": "81191c43beab3eccc2c27cf471c6874cd447b8d50f3a87890700973be39f2d70",
    "schema_version": "1.0.0",
    "event_type": "agent_order",
    "source": "synthetic_agent",
    "symbol": "BTCUSDT",
    "exchange": "binance_usdm",
    "timestamp": "2024-05-01T00:00:00.150000Z",
    "sequence": 5,
    "scenario_id": "scenario-525-stop_run_sweep",
    "agent_id": "agent-stop_run_sweep",
    "order_id": "scenario-525-stop_run_sweep-agent-stop_run_sweep-5",
    "action": "new",
    "side": "buy",
    "price": 65606.90625,
    "quantity": 0.06,
    "remaining_quantity": 0.06
  },
  {
    "event_id": "4339beb677004387556d201e3103df70fc202f2929d8a29d8191cb73036d7e3f",
    "schema_version": "1.0.0",
    "event_type": "agent_order",
    "source": "synthetic_agent",
    "symbol": "BTCUSDT",
    "exchange": "binance_usdm",
    "timestamp": "2024-05-01T00:00:00.180000Z",
    "sequence": 6,
    "scenario_id": "scenario-525-stop_run_sweep",
    "agent_id": "agent-stop_run_sweep",
    "order_id": "scenario-525-stop_run_sweep-agent-stop_run_sweep-6",
    "action": "new",
    "side": "buy",
    "price": 65610.1825,
    "quantity": 0.06,
    "remaining_quantity": 0.06
  },
  {
    "event_id": "f53aee0ce0f11cf24f3d402f815907951886660b702be08e0d8c0e6805fec181",
    "schema_version": "1.0.0",
    "event_type": "agent_order",
    "source": "synthetic_agent",
    "symbol": "BTCUSDT",
    "exchange": "binance_usdm",
    "timestamp": "2024-05-01T00:00:00.210000Z",
    "sequence": 7,
    "scenario_id": "scenario-525-stop_run_sweep",
    "agent_id": "agent-stop_run_sweep",
    "order_id": "scenario-525-stop_run_sweep-agent-stop_run_sweep-7",
    "action": "new",
    "side": "buy",
    "price": 65613.45874999999,
    "quantity": 0.06,
    "remaining_quantity": 0.06
  },
  {
    "event_id": "dc7ef3a0e0adec444a021acf8110b6b60ad92575978c23f09fc23dac98b9a403",
    "schema_version": "1.0.0",
    "event_type": "agent_order",
    "source": "synthetic_agent",
    "symbol": "BTCUSDT",
    "exchange": "binance_usdm",
    "timestamp": "2024-05-01T00:00:00.240000Z",
    "sequence": 8,
    "scenario_id": "scenario-525-stop_run_sweep",
    "agent_id": "agent-stop_run_sweep",
    "order_id": "scenario-525-stop_run_sweep-agent-stop_run_sweep-8",
    "action": "new",
    "side": "buy",
    "price": 65616.73499999999,
    "quantity": 0.06,
    "remaining_quantity": 0.06
  },
  {
    "event_id": "a65b0334c957b6b4d1dffd212ba3991d51d819656058dd97188263c812dd7e4e",
    "schema_version": "1.0.0",
    "event_type": "agent_order",
    "source": "synthetic_agent",
    "symbol": "BTCUSDT",
    "exchange": "binance_usdm",
    "timestamp": "2024-05-01T00:00:00.270000Z",
    "sequence": 9,
    "scenario_id": "scenario-525-stop_run_sweep",
    "agent_id": "agent-stop_run_sweep",
    "order_id": "scenario-525-stop_run_sweep-agent-stop_run_sweep-9",
    "action": "new",
    "side": "buy",
    "price": 65620.01125,
    "quantity": 0.06,
    "remaining_quantity": 0.06
  },
  {
    "event_id": "4752b7491b1267cd933661fdc9018f297b0a7628005fbdd9dddc65f973140c4c",
    "schema_version": "1.0.0",
    "event_type": "agent_order",
    "source": "synthetic_agent",
    "symbol": "BTCUSDT",
    "exchange": "binance_usdm",
    "timestamp": "2024-05-01T00:00:00.300000Z",
    "sequence": 10,
    "scenario_id": "scenario-525-stop_run_sweep",
    "agent_id": "agent-stop_run_sweep",
    "order_id": "scenario-525-stop_run_sweep-agent-stop_run_sweep-10",
    "action": "new",
    "side": "buy",
    "price": 65623.28749999999,
    "quantity": 0.06,
    "remaining_quantity": 0.06
  },
  {
    "event_id": "49df69666c0664c8ab9983133dc78445ecc6713795ed24bfa4823b53faa21685",
    "schema_version": "1.0.0",
    "event_type": "agent_order",
    "source": "synthetic_agent",
    "symbol": "BTCUSDT",
    "exchange": "binance_usdm",
    "timestamp": "2024-05-01T00:00:00.330000Z",
    "sequence": 11,
    "scenario_id": "scenario-525-stop_run_sweep",
    "agent_id": "agent-stop_run_sweep",
    "order_id": "scenario-525-stop_run_sweep-agent-stop_run_sweep-11",
    "action": "new",
    "side": "buy",
    "price": 65626.56375,
    "quantity": 0.06,
    "remaining_quantity": 0.06
  },
  {
    "event_id": "e1e4355582e6df936b3eddef595308ac6e75a725c7d901aa7e545719f2ef8a8c",
    "schema_version": "1.0.0",
    "event_type": "agent_order",
    "source": "synthetic_agent",
    "symbol": "BTCUSDT",
    "exchange": "binance_usdm",
    "timestamp": "2024-05-01T00:00:00.360000Z",
    "sequence": 12,
    "scenario_id": "scenario-525-stop_run_sweep",
    "agent_id": "agent-stop_run_sweep",
    "order_id": "scenario-525-stop_run_sweep-agent-stop_run_sweep-12",
    "action": "new",
    "side": "buy",
    "price": 65629.83999999998,
    "quantity": 0.06,
    "remaining_quantity": 0.06
  },
  {
    "event_id": "ac23923e434d93bebe0ef806145c6b8a7d779f5d7bab99b091fec7721ffccd4d",
    "schema_version": "1.0.0",
    "event_type": "agent_order",
    "source": "synthetic_agent",
    "symbol": "BTCUSDT",
    "exchange": "binance_usdm",
    "timestamp": "2024-05-01T00:00:00.390000Z",
    "sequence": 13,
    "scenario_id": "scenario-525-stop_run_sweep",
    "agent_id": "agent-stop_run_sweep",
    "order_id": "scenario-525-stop_run_sweep-agent-stop_run_sweep-13",
    "action": "new",
    "side": "buy",
    "price": 65633.11624999999,
    "quantity": 0.06,
    "remaining_quantity": 0.06
  },
  {
    "event_id": "7c7feda3813a2a64818b67e2971d6c166d0e1160eda8b161bdec7be7ad3de898",
    "schema_version": "1.0.0",
    "event_type": "agent_order",
    "source": "synthetic_agent",
    "symbol": "BTCUSDT",
    "exchange": "binance_usdm",
    "timestamp": "2024-05-01T00:00:00.420000Z",
    "sequence": 14,
    "scenario_id": "scenario-525-stop_run_sweep",
    "agent_id": "agent-stop_run_sweep",
    "order_id": "scenario-525-stop_run_sweep-agent-stop_run_sweep-14",
    "action": "new",
    "side": "buy",
    "price": 65636.39249999999,
    "quantity": 0.06,
    "remaining_quantity": 0.06
  },
  {
    "event_id": "9c3915ed6515ad70238af12becf5d0f67a006b519c3dc7945e3dfea9139dbd23",
    "schema_version": "1.0.0",
    "event_type": "agent_order",
    "source": "synthetic_agent",
    "symbol": "BTCUSDT",
    "exchange": "binance_usdm",
    "timestamp": "2024-05-01T00:00:00.450000Z",
    "sequence": 15,
    "scenario_id": "scenario-525-stop_run_sweep",
    "agent_id": "agent-stop_run_sweep",
    "order_id": "scenario-525-stop_run_sweep-agent-stop_run_sweep-15",
    "action": "new",
    "side": "buy",
    "price": 65639.66875,
    "quantity": 0.06,
    "remaining_quantity": 0.06
  },
  {
    "event_id": "ed6c4c26ce3743e0d7e12e42ed4529717e35576a1468f6126c404eb51bf30e2d",
    "schema_version": "1.0.0",
    "event_type": "agent_order",
    "source": "synthetic_agent",
    "symbol": "BTCUSDT",
    "exchange": "binance_usdm",
    "timestamp": "2024-05-01T00:00:00.480000Z",
    "sequence": 16,
    "scenario_id": "scenario-525-stop_run_sweep",
    "agent_id": "agent-stop_run_sweep",
    "order_id": "scenario-525-stop_run_sweep-agent-stop_run_sweep-16",
    "action": "new",
    "side": "buy",
    "price": 65642.94499999999,
    "quantity": 0.06,
    "remaining_quantity": 0.06
  },
  {
    "event_id": "2467b338fe910d6053bd799c971cab9ee9c43cfb2c34edfc867103265ed4f12b",
    "schema_version": "1.0.0",
    "event_type": "agent_order",
    "source": "synthetic_agent",
    "symbol": "BTCUSDT",
    "exchange": "binance_usdm",
    "timestamp": "2024-05-01T00:00:00.510000Z",
    "sequence": 17,
    "scenario_id": "scenario-525-stop_run_sweep",
    "agent_id": "agent-stop_run_sweep",
    "order_id": "scenario-525-stop_run_sweep-agent-stop_run_sweep-17",
    "action": "new",
    "side": "buy",
    "price": 65646.22124999999,
    "quantity": 0.06,
    "remaining_quantity": 0.06
  },
  {
    "event_id": "f50fc711775a90178c244e9a69998c822d356a7be15ecdbbc7e0dc9bf325a160",
    "schema_version": "1.0.0",
    "event_type": "agent_order",
    "source": "synthetic_agent",
    "symbol": "BTCUSDT",
    "exchange": "binance_usdm",
    "timestamp": "2024-05-01T00:00:00.540000Z",
    "sequence": 18,
    "scenario_id": "scenario-525-stop_run_sweep",
    "agent_id": "agent-stop_run_sweep",
    "order_id": "scenario-525-stop_run_sweep-agent-stop_run_sweep-18",
    "action": "new",
    "side": "buy",
    "price": 65649.49749999998,
    "quantity": 0.06,
    "remaining_quantity": 0.06
  },
  {
    "event_id": "3d7e1a635bc78671da3274aedf93aafe3cbbc536d0baa3a580f5a3d14e2e3571",
    "schema_version": "1.0.0",
    "event_type": "agent_order",
    "source": "synthetic_agent",
    "symbol": "BTCUSDT",
    "exchange": "binance_usdm",
    "timestamp": "2024-05-01T00:00:00.570000Z",
    "sequence": 19,
    "scenario_id": "scenario-525-stop_run_sweep",
    "agent_id": "agent-stop_run_sweep",
    "order_id": "scenario-525-stop_run_sweep-agent-stop_run_sweep-19",
    "action": "new",
    "side": "buy",
    "price": 65652.77375,
    "quantity": 0.06,
    "remaining_quantity": 0.06
  },
  {
    "event_id": "f673ab00bd15d7465a807d6983f42a3a64db1c6d16f637670e22d08802738818",
    "schema_version": "1.0.0",
    "event_type": "agent_order",
    "source": "synthetic_agent",
    "symbol": "BTCUSDT",
    "exchange": "binance_usdm",
    "timestamp": "2024-05-01T00:00:00.600000Z",
    "sequence": 20,
    "scenario_id": "scenario-525-stop_run_sweep",
    "agent_id": "agent-stop_run_sweep",
    "order_id": "scenario-525-stop_run_sweep-agent-stop_run_sweep-20",
    "action": "new",
    "side": "buy",
    "price": 65656.04999999999,
    "quantity": 0.06,
    "remaining_quantity": 0.06
  },
  {
    "event_id": "15a5a2be7e21585478908c7a60dadecda96a0d1369893f61c0245c6157ecc940",
    "schema_version": "1.0.0",
    "event_type": "agent_order",
    "source": "synthetic_agent",
    "symbol": "BTCUSDT",
    "exchange": "binance_usdm",
    "timestamp": "2024-05-01T00:00:00.630000Z",
    "sequence": 21,
    "scenario_id": "scenario-525-stop_run_sweep",
    "agent_id": "agent-stop_run_sweep",
    "order_id": "scenario-525-stop_run_sweep-agent-stop_run_sweep-21",
    "action": "new",
    "side": "buy",
    "price": 65659.32625,
    "quantity": 0.06,
    "remaining_quantity": 0.06
  },
  {
    "event_id": "d0104f1971a40227959c68537af9cd125f8aa45ddd678a19e215b3b02eea7886",
    "schema_version": "1.0.0",
    "event_type": "agent_order",
    "source": "synthetic_agent",
    "symbol": "BTCUSDT",
    "exchange": "binance_usdm",
    "timestamp": "2024-05-01T00:00:00.660000Z",
    "sequence": 22,
    "scenario_id": "scenario-525-stop_run_sweep",
    "agent_id": "agent-stop_run_sweep",
    "order_id": "scenario-525-stop_run_sweep-agent-stop_run_sweep-22",
    "action": "new",
    "side": "buy",
    "price": 65662.6025,
    "quantity": 0.06,
    "remaining_quantity": 0.06
  },
  {
    "event_id": "2d93d267859a705793db44455fbe08efbafaa98d6e3fec5a154e4b88d40748b5",
    "schema_version": "1.0.0",
    "event_type": "agent_order",
    "source": "synthetic_agent",
    "symbol": "BTCUSDT",
    "exchange": "binance_usdm",
    "timestamp": "2024-05-01T00:00:00.690000Z",
    "sequence": 23,
    "scenario_id": "scenario-525-stop_run_sweep",
    "agent_id": "agent-stop_run_sweep",
    "order_id": "scenario-525-stop_run_sweep-agent-stop_run_sweep-23",
    "action": "new",
    "side": "buy",
    "price": 65665.87874999999,
    "quantity": 0.06,
    "remaining_quantity": 0.06
  },
  {
    "event_id": "0ebdf5b6166b77b93680fd1a7542f6b22914162bd7d180e4d9747e3855b772ec",
    "schema_version": "1.0.0",
    "event_type": "agent_order",
    "source": "synthetic_agent",
    "symbol": "BTCUSDT",
    "exchange": "binance_usdm",
    "timestamp": "2024-05-01T00:00:00.720000Z",
    "sequence": 24,
    "scenario_id": "scenario-525-stop_run_sweep",
    "agent_id": "agent-stop_run_sweep",
    "order_id": "scenario-525-stop_run_sweep-agent-stop_run_sweep-24",
    "action": "new",
    "side": "buy",
    "price": 65669.155,
    "quantity": 0.06,
    "remaining_quantity": 0.06
  },
  {
    "event_id": "6662bd1955d8403e093f6dedd54485f42fcf78e4a2ea40fa96a02433280df8b7",
    "schema_version": "1.0.0",
    "event_type": "agent_order",
    "source": "synthetic_agent",
    "symbol": "BTCUSDT",
    "exchange": "binance_usdm",
    "timestamp": "2024-05-01T00:00:00.750000Z",
    "sequence": 25,
    "scenario_id": "scenario-525-stop_run_sweep",
    "agent_id": "agent-stop_run_sweep",
    "order_id": "scenario-525-stop_run_sweep-agent-stop_run_sweep-25",
    "action": "new",
    "side": "buy",
    "price": 65672.43125,
    "quantity": 0.06,
    "remaining_quantity": 0.06
  },
  {
    "event_id": "67bbc0a069b4f453aa1536dba4836e126db8a766d43839af0071cb07b34f2588",
    "schema_version": "1.0.0",
    "event_type": "agent_order",
    "source": "synthetic_agent",
    "symbol": "BTCUSDT",
    "exchange": "binance_usdm",
    "timestamp": "2024-05-01T00:00:00.780000Z",
    "sequence": 26,
    "scenario_id": "scenario-525-stop_run_sweep",
    "agent_id": "agent-stop_run_sweep",
    "order_id": "scenario-525-stop_run_sweep-agent-stop_run_sweep-26",
    "action": "new",
    "side": "buy",
    "price": 65675.7075,
    "quantity": 0.06,
    "remaining_quantity": 0.06
  },
  {
    "event_id": "ca594233dcb7fa9ee69de9c465f85f0a7c9c2b57f99a00f5a897e0c0c9bb90af",
    "schema_version": "1.0.0",
    "event_type": "agent_order",
    "source": "synthetic_agent",
    "symbol": "BTCUSDT",
    "exchange": "binance_usdm",
    "timestamp": "2024-05-01T00:00:00.810000Z",
    "sequence": 27,
    "scenario_id": "scenario-525-stop_run_sweep",
    "agent_id": "agent-stop_run_sweep",
    "order_id": "scenario-525-stop_run_sweep-agent-stop_run_sweep-27",
    "action": "new",
    "side": "buy",
    "price": 65678.98374999998,
    "quantity": 0.06,
    "remaining_quantity": 0.06
  },
  {
    "event_id": "0f75c74d1edb0661402e4245e71b32374232086ef2ff60c65133da3200761d7c",
    "schema_version": "1.0.0",
    "event_type": "agent_order",
    "source": "synthetic_agent",
    "symbol": "BTCUSDT",
    "exchange": "binance_usdm",
    "timestamp": "2024-05-01T00:00:00.840000Z",
    "sequence": 28,
    "scenario_id": "scenario-525-stop_run_sweep",
    "agent_id": "agent-stop_run_sweep",
    "order_id": "scenario-525-stop_run_sweep-agent-stop_run_sweep-28",
    "action": "new",
    "side": "buy",
    "price": 65682.26,
    "quantity": 0.06,
    "remaining_quantity": 0.06
  },
  {
    "event_id": "9c309b2f42d8215306e3a233fa22a4a080c6baf4106e22f05d41bf047557cf12",
    "schema_version": "1.0.0",
    "event_type": "agent_order",
    "source": "synthetic_agent",
    "symbol": "BTCUSDT",
    "exchange": "binance_usdm",
    "timestamp": "2024-05-01T00:00:00.870000Z",
    "sequence": 29,
    "scenario_id": "scenario-525-stop_run_sweep",
    "agent_id": "agent-stop_run_sweep",
    "order_id": "scenario-525-stop_run_sweep-agent-stop_run_sweep-29",
    "action": "new",
    "side": "buy",
    "price": 65685.53624999999,
    "quantity": 0.06,
    "remaining_quantity": 0.06
  }
]