[
  {
    "event_id": "4a6fb36fb035ced2aa3e2567f5c4bc0f33cd0eac20a27dae1f139e0597fbbdb2",
    "schema_version": "1.0.0",
    "event_type": "agent_order",
    "source": "synthetic_agent",
    "symbol": "BTCUSDT",
    "exchange": "binance_usdm",
    "timestamp": "2024-05-01T00:00:00Z",
    "sequence": 0,
    "scenario_id": "scenario-175-coordinated_burst",
    "agent_id": "agent-coordinated_burst-0",
    "order_id": "scenario-175-coordinated_burst-agent-coordinated_burst-0-0",
    "action": "new",
    "side": "buy",
    "price": 65188.034999999996,
    "quantity": 0.04,
    "remaining_quantity": 0.04
  },
  {
    "event_id": "5e673ac6ff81c7fc8b494e064145ec8ec546bd88924acb63c72f7837f071178b",
    "schema_version": "1.0.0",
    "event_type": "agent_order",
    "source": "synthetic_agent",
    "symbol": "BTCUSDT",
    "exchange": "binance_usdm",
    "timestamp": "2024-05-01T00:00:00.012000Z",
    "sequence": 1,
    "scenario_id": "scenario-175-coordinated_burst",
    "agent_id": "agent-coordinated_burst-1",
    "order_id": "scenario-175-coordinated_burst-agent-coordinated_burst-1-1",
    "action": "new",
    "side": "sell",
    "price": 65161.965000000004,
    "quantity": 0.04,
    "remaining_quantity": 0.04
  },
  {
    "event_id": "e6ee64dc0791eb6bbb08845d7d5d22f4fb655a4646758f27cb4602e6b0aebda7",
    "schema_version": "1.0.0",
    "event_type": "agent_order",
    "source": "synthetic_agent",
    "symbol": "BTCUSDT",
    "exchange": "binance_usdm",
    "timestamp": "2024-05-01T00:00:00.024000Z",
    "sequence": 2,
    "scenario_id": "scenario-175-coordinated_burst",
    "agent_id": "agent-coordinated_burst-2",
    "order_id": "scenario-175-coordinated_burst-agent-coordinated_burst-2-2",
    "action": "new",
    "side": "sell",
    "price": 65161.965000000004,
    "quantity": 0.04,
    "remaining_quantity": 0.04
  },
  {
    "event_id": "dfc90793f06d077c46f90e65e20f896fc7d7591bf83573cf9282925a7421fcbb",
    "schema_version": "1.0.0",
    "event_type": "agent_order",
    "source": "synthetic_agent",
    "symbol": "BTCUSDT",
    "exchange": "binance_usdm",
    "timestamp": "2024-05-01T00:00:00.036000Z",
    "sequence": 3,
    "scenario_id": "scenario-175-coordinated_burst",
    "agent_id": "agent-coordinated_burst-0",
    "order_id": "scenario-175-coordinated_burst-agent-coordinated_burst-0-3",
    "action": "new",
    "side": "buy",
    "price": 65188.034999999996,
    "quantity": 0.04,
    "remaining_quantity": 0.04
  },
  {
    "event_id": "0b22f03be084a9bdee52f44a54400506fd9147878dd59e9e92e8f385bc74fc59",
    "schema_version": "1.0.0",
    "event_type": "agent_order",
    "source": "synthetic_agent",
    "symbol": "BTCUSDT",
    "exchange": "binance_usdm",
    "timestamp": "2024-05-01T00:00:00.048000Z",
    "sequence": 4,
    "scenario_id": "scenario-175-coordinated_burst",
    "agent_id": "agent-coordinated_burst-1",
    "order_id": "scenario-175-coordinated_burst-agent-coordinated_burst-1-4",
    "action": "new",
    "side": "sell",
    "price": 65161.965000000004,
    "quantity": 0.04,
    "remaining_quantity": 0.04
  },
  {
    "event_id": "c32f9b42f9cdea63f931c5d1a76e3ff21bddc877b31d93648ad57574f197ba25",
    "schema_version": "1.0.0",
    "event_type": "agent_order",
    "source": "synthetic_agent",
    "symbol": "BTCUSDT",
    "exchange": "binance_usdm",
    "timestamp": "2024-05-01T00:00:00.600000Z",
    "sequence": 5,
    "scenario_id": "scenario-175-coordinated_burst",
    "agent_id": "agent-coordinated_burst-2",
    "order_id": "scenario-175-coordinated_burst-agent-coordinated_burst-2-5",
    "action": "new",
    "side": "sell",
    "price": 65161.965000000004,
    "quantity": 0.04,
    "remaining_quantity": 0.04
  },
  {
    "event_id": "a0b742ebdc5f875dc83e035ad3df2c6e3a0f8271734e63307bd0612543212923",
    "schema_version": "1.0.0",
    "event_type": "agent_order",
    "source": "synthetic_agent",
    "symbol": "BTCUSDT",
    "exchange": "binance_usdm",
    "timestamp": "2024-05-01T00:00:00.072000Z",
    "sequence": 6,
    "scenario_id": "scenario-175-coordinated_burst",
    "agent_id": "agent-coordinated_burst-0",
    "order_id": "scenario-175-coordinated_burst-agent-coordinated_burst-0-6",
    "action": "new",
    "side": "buy",
    "price": 65188.034999999996,
    "quantity": 0.04,
    "remaining_quantity": 0.04
  },
  {
    "event_id": "d414c3c392d49a74b4dd8e9622b59e7ba834debb4b0ee91d94b244fd5451bd58",
    "schema_version": "1.0.0",
    "event_type": "agent_order",
    "source": "synthetic_agent",
    "symbol": "BTCUSDT",
    "exchange": "binance_usdm",
    "timestamp": "2024-05-01T00:00:00.084000Z",
    "sequence": 7,
    "scenario_id": "scenario-175-coordinated_burst",
    "agent_id": "agent-coordinated_burst-1",
    "order_id": "scenario-175-coordinated_burst-agent-coordinated_burst-1-7",
    "action": "new",
    "side": "sell",
    "price": 65161.965000000004,
    "quantity": 0.04,
    "remaining_quantity": 0.04
  },
  {
    "event_id": "041ab173c97255615147f97c8d869ea6cf6c2ec699707826d7afa1ec986557e3",
    "schema_version": "1.0.0",
    "event_type": "agent_order",
    "source": "synthetic_agent",
    "symbol": "BTCUSDT",
    "exchange": "binance_usdm",
    "timestamp": "2024-05-01T00:00:00.096000Z",
    "sequence": 8,
    "scenario_id": "scenario-175-coordinated_burst",
    "agent_id": "agent-coordinated_burst-2",
    "order_id": "scenario-175-coordinated_burst-agent-coordinated_burst-2-8",
    "action": "new",
    "side": "sell",
    "price": 65161.965000000004,
    "quantity": 0.04,
    "remaining_quantity": 0.04
  },
  {
    "event_id": "8ff7933b5ca18862a0b71823bde2534e66b157666b7de0acb76516f9d7559a67",
    "schema_version": "1.0.0",
    "event_type": "agent_order",
    "source": "synthetic_agent",
    "symbol": "BTCUSDT",
    "exchange": "binance_usdm",
    "timestamp": "2024-05-01T00:00:00.108000Z",
    "sequence": 9,
    "scenario_id": "scenario-175-coordinated_burst",
    "agent_id": "agent-coordinated_burst-0",
    "order_id": "scenario-175-coordinated_burst-agent-coordinated_burst-0-9",
    "action": "new",
    "side": "buy",
    "price": 65188.034999999996,
    "quantity": 0.04,
    "remaining_quantity": 0.04
  },
  {
    "event_id": "b09a8aa7143aaf636efd38aa371280ff65d5c147a274040330f4314b235a81ba",
    "schema_version": "1.0.0",
    "event_type": "agent_order",
    "source": "synthetic_agent",
    "symbol": "BTCUSDT",
    "exchange": "binance_usdm",
    "timestamp": "2024-05-01T00:00:01.200000Z",
    "sequence": 10,
    "scenario_id": "scenario-175-coordinated_burst",
    "agent_id": "agent-coordinated_burst-1",
    "order_id": "scenario-175-coordinated_burst-agent-coordinated_burst-1-10",
    "action": "new",
    "side": "sell",
    "price": 65161.965000000004,
    "quantity": 0.04,
    "remaining_quantity": 0.04
  },
  {
    "event_id": "ef60895b96896a0b3497dc7107fc483349c4446485e98d198e319216dd9f7083",
    "schema_version": "1.0.0",
    "event_type": "agent_order",
    "source": "synthetic_agent",
    "symbol": "BTCUSDT",
    "exchange": "binance_usdm",
    "timestamp": "2024-05-01T00:00:00.132000Z",
    "sequence": 11,
    "scenario_id": "scenario-175-coordinated_burst",
    "agent_id": "agent-coordinated_burst-2",
    "order_id": "scenario-175-coordinated_burst-agent-coordinated_burst-2-11",
    "action": "new",
    "side": "sell",
    "price": 65161.965000000004,
    "quantity": 0.04,
    "remaining_quantity": 0.04
  },
  {
    "event_id": "d52f10d09997d1301b95c2b21f70e536f6402a22cf0ea2ab25cb3fdb2f6dce14",
    "schema_version": "1.0.0",
    "event_type": "agent_order",
    "source": "synthetic_agent",
    "symbol": "BTCUSDT",
    "exchange": "binance_usdm",
    "timestamp": "2024-05-01T00:00:00.144000Z",
    "sequence": 12,
    "scenario_id": "scenario-175-coordinated_burst",
    "agent_id": "agent-coordinated_burst-0",
    "order_id": "scenario-175-coordinated_burst-agent-coordinated_burst-0-12",
    "action": "new",
    "side": "buy",
    "price": 65188.034999999996,
    "quantity": 0.04,
    "remaining_quantity": 0.04
  },
  {
    "event_id": "34fa79137e54fd77d24829bd664ed39d7e06ae3565e7311c2d2995d32aff1719",
    "schema_version": "1.0.0",
    "event_type": "agent_order",
    "source": "synthetic_agent",
    "symbol": "BTCUSDT",
    "exchange": "binance_usdm",
    "timestamp": "2024-05-01T00:00:00.156000Z",
    "sequence": 13,
    "scenario_id": "scenario-175-coordinated_burst",
    "agent_id": "agent-coordinated_burst-1",
    "order_id": "scenario-175-coordinated_burst-agent-coordinated_burst-1-13",
    "action": "new",
    "side": "sell",
    "price": 65161.965000000004,
    "quantity": 0.04,
    "remaining_quantity": 0.04
  },
  {
    "event_id": "44c4ced33f21e21b71f8965dc200a33fe5ff129d21dc31f097496ff70c0844bf",
    "schema_version": "1.0.0",
    "event_type": "agent_order",
    "source": "synthetic_agent",
    "symbol": "BTCUSDT",
    "exchange": "binance_usdm",
    "timestamp": "2024-05-01T00:00:00.168000Z",
    "sequence": 14,
    "scenario_id": "scenario-175-coordinated_burst",
    "agent_id": "agent-coordinated_burst-2",
    "order_id": "scenario-175-coordinated_burst-agent-coordinated_burst-2-14",
    "action": "new",
    "side": "sell",
    "price": 65161.965000000004,
    "quantity": 0.04,
    "remaining_quantity": 0.04
  },
  {
    "event_id": "534c852e178af7fc907e456876c2306348c815a23f3e24748dd7d28f1de7c68b",
    "schema_version": "1.0.0",
    "event_type": "agent_order",
    "source": "synthetic_agent",
    "symbol": "BTCUSDT",
    "exchange": "binance_usdm",
    "timestamp": "2024-05-01T00:00:01.800000Z",
    "sequence": 15,
    "scenario_id": "scenario-175-coordinated_burst",
    "agent_id": "agent-coordinated_burst-0",
    "order_id": "scenario-175-coordinated_burst-agent-coordinated_burst-0-15",
    "action": "new",
    "side": "buy",
    "price": 65188.034999999996,
    "quantity": 0.04,
    "remaining_quantity": 0.04
  },
  {
    "event_id": "86fb8e7ee1f850abb9c79c02e5536d960a3046dc90856945cce35cfe873c5f8f",
    "schema_version": "1.0.0",
    "event_type": "agent_order",
    "source": "synthetic_agent",
    "symbol": "BTCUSDT",
    "exchange": "binance_usdm",
    "timestamp": "2024-05-01T00:00:00.192000Z",
    "sequence": 16,
    "scenario_id": "scenario-175-coordinated_burst",
    "agent_id": "agent-coordinated_burst-1",
    "order_id": "scenario-175-coordinated_burst-agent-coordinated_burst-1-16",
    "action": "new",
    "side": "sell",
    "price": 65161.965000000004,
    "quantity": 0.04,
    "remaining_quantity": 0.04
  },
  {
    "event_id": "ab2fcc399f2e0d6b95763d1f13f1d88dccead16e8b8f16878f51afe8782875a4",
    "schema_version": "1.0.0",
    "event_type": "agent_order",
    "source": "synthetic_agent",
    "symbol": "BTCUSDT",
    "exchange": "binance_usdm",
    "timestamp": "2024-05-01T00:00:00.204000Z",
    "sequence": 17,
    "scenario_id": "scenario-175-coordinated_burst",
    "agent_id": "agent-coordinated_burst-2",
    "order_id": "scenario-175-coordinated_burst-agent-coordinated_burst-2-17",
    "action": "new",
    "side": "sell",
    "price": 65161.965000000004,
    "quantity": 0.04,
    "remaining_quantity": 0.04
  },
  {
    "event_id": "2bbd852f5efc62cf2c32f49e6238b7947940ef534697aab4f526c03b8b691f31",
    "schema_version": "1.0.0",
    "event_type": "agent_order",
    "source": "synthetic_agent",
    "symbol": "BTCUSDT",
    "exchange": "binance_usdm",
    "timestamp": "2024-05-01T00:00:00.216000Z",
    "sequence": 18,
    "scenario_id": "scenario-175-coordinated_burst",
    "agent_id": "agent-coordinated_burst-0",
    "order_id": "scenario-175-coordinated_burst-agent-coordinated_burst-0-18",
    "action": "new",
    "side": "buy",
    "price": 65188.034999999996,
    "quantity": 0.04,
    "remaining_quantity": 0.04
  },
  {
    "event_id": "79ab7c9619f891b8aacdfa0e4a66946e9de50283cdcc0250297601a67491ea20",
    "schema_version": "1.0.0",
    "event_type": "agent_order",
    "source": "synthetic_agent",
    "symbol": "BTCUSDT",
    "exchange": "binance_usdm",
    "timestamp": "2024-05-01T00:00:00.228000Z",
    "sequence": 19,
    "scenario_id": "scenario-175-coordinated_burst",
    "agent_id": "agent-coordinated_burst-1",
    "order_id": "scenario-175-coordinated_burst-agent-coordinated_burst-1-19",
    "action": "new",
    "side": "sell",
    "price": 65161.965000000004,
    "quantity": 0.04,
    "remaining_quantity": 0.04
  },
  {
    "event_id": "88f423aaeaa54c38b06b5820ca0c8be026ba0dbe3663e363c0fc0728b2c4109b",
    "schema_version": "1.0.0",
    "event_type": "agent_order",
    "source": "synthetic_agent",
    "symbol": "BTCUSDT",
    "exchange": "binance_usdm",
    "timestamp": "2024-05-01T00:00:02.400000Z",
    "sequence": 20,
    "scenario_id": "scenario-175-coordinated_burst",
    "agent_id": "agent-coordinated_burst-2",
    "order_id": "scenario-175-coordinated_burst-agent-coordinated_burst-2-20",
    "action": "new",
    "side": "sell",
    "price": 65161.965000000004,
    "quantity": 0.04,
    "remaining_quantity": 0.04
  },
  {
    "event_id": "d82d92317a19f6767600169ab8af9648d6eb499ec110f3d5439685d860e90f71",
    "schema_version": "1.0.0",
    "event_type": "agent_order",
    "source": "synthetic_agent",
    "symbol": "BTCUSDT",
    "exchange": "binance_usdm",
    "timestamp": "2024-05-01T00:00:00.252000Z",
    "sequence": 21,
    "scenario_id": "scenario-175-coordinated_burst",
    "agent_id": "agent-coordinated_burst-0",
    "order_id": "scenario-175-coordinated_burst-agent-coordinated_burst-0-21",
    "action": "new",
    "side": "buy",
    "price": 65188.034999999996,
    "quantity": 0.04,
    "remaining_quantity": 0.04
  },
  {
    "event_id": "ce31afee04ec1a039c172292639855cd31d4b3f125aec27f17ec68b7b936412c",
    "schema_version": "1.0.0",
    "event_type": "agent_order",
    "source": "synthetic_agent",
    "symbol": "BTCUSDT",
    "exchange": "binance_usdm",
    "timestamp": "2024-05-01T00:00:00.264000Z",
    "sequence": 22,
    "scenario_id": "scenario-175-coordinated_burst",
    "agent_id": "agent-coordinated_burst-1",
    "order_id": "scenario-175-coordinated_burst-agent-coordinated_burst-1-22",
    "action": "new",
    "side": "sell",
    "price": 65161.965000000004,
    "quantity": 0.04,
    "remaining_quantity": 0.04
  },
  {
    "event_id": "6cbdb673602220476ac734705de093605596d7b9d26512e8f3166c418c662410",
    "schema_version": "1.0.0",
    "event_type": "agent_order",
    "source": "synthetic_agent",
    "symbol": "BTCUSDT",
    "exchange": "binance_usdm",
    "timestamp": "2024-05-01T00:00:00.276000Z",
    "sequence": 23,
    "scenario_id": "scenario-175-coordinated_burst",
    "agent_id": "agent-coordinated_burst-2",
    "order_id": "scenario-175-coordinated_burst-agent-coordinated_burst-2-23",
    "action": "new",
    "side": "sell",
    "price": 65161.965000000004,
    "quantity": 0.04,
    "remaining_quantity": 0.04
  },
  {
    "event_id": "6178931ba7c0b4d568c0c6f483d5318219695e618deac7fef2f459746f4a360a",
    "schema_version": "1.0.0",
    "event_type": "agent_order",
    "source": "synthetic_agent",
    "symbol": "BTCUSDT",
    "exchange": "binance_usdm",
    "timestamp": "2024-05-01T00:00:00.288000Z",
    "sequence": 24,
    "scenario_id": "scenario-175-coordinated_burst",
    "agent_id": "agent-coordinated_burst-0",
    "order_id": "scenario-175-coordinated_burst-agent-coordinated_burst-0-24",
    "action": "new",
    "side": "buy",
    "price": 65188.034999999996,
    "quantity": 0.04,
    "remaining_quantity": 0.04
  },
  {
    "event_id": "4674df38d3a9e407772b553b23c38aba04074cb3fe0b7ec92625016abd8de6f3",
    "schema_version": "1.0.0",
    "event_type": "agent_order",
    "source": "synthetic_agent",
    "symbol": "BTCUSDT",
    "exchange": "binance_usdm",
    "timestamp": "2024-05-01T00:00:03Z",
    "sequence": 25,
    "scenario_id": "scenario-175-coordinated_burst",
    "agent_id": "agent-coordinated_burst-1",
    "order_id": "scenario-175-coordinated_burst-agent-coordinated_burst-1-25",
    "action": "new",
    "side": "sell",
    "price": 65161.965000000004,
    "quantity": 0.04,
    "remaining_quantity": 0.04
  },
  {
    "event_id": "8893ea104ae0a916cae0c5111aa8dbd6077e9d118e04df28fcb2ca5afb3e157f",
    "schema_version": "1.0.0",
    "event_type": "agent_order",
    "source": "synthetic_agent",
    "symbol": "BTCUSDT",
    "exchange": "binance_usdm",
    "timestamp": "2024-05-01T00:00:00.312000Z",
    "sequence": 26,
    "scenario_id": "scenario-175-coordinated_burst",
    "agent_id": "agent-coordinated_burst-2",
    "order_id": "scenario-175-coordinated_burst-agent-coordinated_burst-2-26",
    "action": "new",
    "side": "sell",
    "price": 65161.965000000004,
    "quantity": 0.04,
    "remaining_quantity": 0.04
  },
  {
    "event_id": "12ac6289b57fbb4ca550c9fe26843ba90540538c485f2f6fa8616fabcd8ff778",
    "schema_version": "1.0.0",
    "event_type": "agent_order",
    "source": "synthetic_agent",
    "symbol": "BTCUSDT",
    "exchange": "binance_usdm",
    "timestamp": "2024-05-01T00:00:00.324000Z",
    "sequence": 27,
    "scenario_id": "scenario-175-coordinated_burst",
    "agent_id": "agent-coordinated_burst-0",
    "order_id": "scenario-175-coordinated_burst-agent-coordinated_burst-0-27",
    "action": "new",
    "side": "buy",
    "price": 65188.034999999996,
    "quantity": 0.04,
    "remaining_quantity": 0.04
  },
  {
    "event_id": "55ee194b9640cc09dd83956e6b7baf40f2436207ac2fdb7c860b60db09685d87",
    "schema_version": "1.0.0",
    "event_type": "agent_order",
    "source": "synthetic_agent",
    "symbol": "BTCUSDT",
    "exchange": "binance_usdm",
    "timestamp": "2024-05-01T00:00:00.336000Z",
    "sequence": 28,
    "scenario_id": "scenario-175-coordinated_burst",
    "agent_id": "agent-coordinated_burst-1",
    "order_id": "scenario-175-coordinated_burst-agent-coordinated_burst-1-28",
    "action": "new",
    "side": "sell",
    "price": 65161.965000000004,
    "quantity": 0.04,
    "remaining_quantity": 0.04
  },
  {
    "event_id": "fbef77d1d2c889f7105ba76c149f2cbe868cea0c9ffef1c69fca2ad084ac3d49",
    "schema_version": "1.0.0",
    "event_type": "agent_order",
    "source": "synthetic_agent",
    "symbol": "BTCUSDT",
    "exchange": "binance_usdm",
    "timestamp": "2024-05-01T00:00:00.348000Z",
    "sequence": 29,
    "scenario_id": "scenario-175-coordinated_burst",
    "agent_id": "agent-coordinated_burst-2",
    "order_id": "scenario-175-coordinated_burst-agent-coordinated_burst-2-29",
    "action": "new",
    "side": "sell",
    "price": 65161.965000000004,
    "quantity": 0.04,
    "remaining_quantity": 0.04
  }
]