[
  {
    "event_id": "55d2b5fe1f355fbd14012fe7cfa1a3af9b78acb8a29696191af9cca5a83c583a",
    "schema_version": "1.0.0",
    "event_type": "agent_order",
    "source": "synthetic_agent",
    "symbol": "BTCUSDT",
    "exchange": "binance_usdm",
    "timestamp": "2024-05-01T00:00:00Z",
    "sequence": 0,
    "scenario_id": "scenario-088-quote_stuffing",
    "agent_id": "agent-quote_stuffing",
    "order_id": "scenario-088-quote_stuffing-agent-quote_stuffing-0",
    "action": "new",
    "side": "buy",
    "price": 65081.491200000004,
    "quantity": 0.001,
    "remaining_quantity": 0.001
  },
  {
    "event_id": "530ef1b9a0dddd95313bfe71b68dc27be9429bd85bfee67ad0c938cabf43342e",
    "schema_version": "1.0.0",
    "event_type": "agent_order",
    "source": "synthetic_agent",
    "symbol": "BTCUSDT",
    "exchange": "binance_usdm",
    "timestamp": "2024-05-01T00:00:00.005000Z",
    "sequence": 1,
    "scenario_id": "scenario-088-quote_stuffing",
    "agent_id": "agent-quote_stuffing",
    "order_id": "scenario-088-quote_stuffing-agent-quote_stuffing-1",
    "action": "new",
    "side": "sell",
    "price": 65094.508799999996,
    "quantity": 0.001,
    "remaining_quantity": 0.001
  },
  {
    "event_id": "1c39c74082b5d1a65c7042c548e08aa81fd38cb4c6329c57f584d0efe75447d8",
    "schema_version": "1.0.0",
    "event_type": "agent_order",
    "source": "synthetic_agent",
    "symbol": "BTCUSDT",
    "exchange": "binance_usdm",
    "timestamp": "2024-05-01T00:00:00.010000Z",
    "sequence": 2,
    "scenario_id": "scenario-088-quote_stuffing",
    "agent_id": "agent-quote_stuffing",
    "order_id": "scenario-088-quote_stuffing-agent-quote_stuffing-2",
    "action": "new",
    "side": "buy",
    "price": 65081.491200000004,
    "quantity": 0.001,
    "remaining_quantity": 0.001
  },
  {
    "event_id": "7d54eb15690a226e328d5b3340aca4a9682383a0ed172ef8f2ef3528f2862bce",
    "schema_version": "1.0.0",
    "event_type": "agent_order",
    "source": "synthetic_agent",
    "symbol": "BTCUSDT",
    "exchange": "binance_usdm",
    "timestamp": "2024-05-01T00:00:00.015000Z",
    "sequence": 3,
    "scenario_id": "scenario-088-quote_stuffing",
    "agent_id": "agent-quote_stuffing",
    "order_id": "scenario-088-quote_stuffing-agent-quote_stuffing-3",
    "action": "new",
    "side": "sell",
    "price": 65094.508799999996,
    "quantity": 0.001,
    "remaining_quantity": 0.001
  },
  {
    "event_id": "81db17b441694b8cbcb35b11ede34279f82501941cffaf6f615686fb6f15d420",
    "schema_version": "1.0.0",
    "event_type": "agent_order",
    "source": "synthetic_agent",
    "symbol": "BTCUSDT",
    "exchange": "binance_usdm",
    "timestamp": "2024-05-01T00:00:00.020000Z",
    "sequence": 4,
    "scenario_id": "scenario-088-quote_stuffing",
    "agent_id": "agent-quote_stuffing",
    "order_id": "scenario-088-quote_stuffing-agent-quote_stuffing-4",
    "action": "new",
    "side": "buy",
    "price": 65081.491200000004,
    "quantity": 0.001,
    "remaining_quantity": 0.001
  },
  {
    "event_id": "df6126ca2ed02984a36310863bf63f3f9a8f6858c9ed2d02882219fa1ad95935",
    "schema_version": "1.0.0",
    "event_type": "agent_order",
    "source": "synthetic_agent",
    "symbol": "BTCUSDT",
    "exchange": "binance_usdm",
    "timestamp": "2024-05-01T00:00:00.025000Z",
    "sequence": 5,
    "scenario_id": "scenario-088-quote_stuffing",
    "agent_id": "agent-quote_stuffing",
    "order_id": "scenario-088-quote_stuffing-agent-quote_stuffing-5",
    "action": "new",
    "side": "sell",
    "price": 65094.508799999996,
    "quantity": 0.001,
    "remaining_quantity": 0.001
  },
  {
    "event_id": "6e54ed94d0660021b6ce5d24e84485e788e5e19e36a6a66a225f2beab739902f",
    "schema_version": "1.0.0",
    "event_type": "agent_order",
    "source": "synthetic_agent",
    "symbol": "BTCUSDT",
    "exchange": "binance_usdm",
    "timestamp": "2024-05-01T00:00:00.030000Z",
    "sequence": 6,
    "scenario_id": "scenario-088-quote_stuffing",
    "agent_id": "agent-quote_stuffing",
    "order_id": "scenario-088-quote_stuffing-agent-quote_stuffing-6",
    "action": "new",
    "side": "buy",
    "price": 65081.491200000004,
    "quantity": 0.001,
    "remaining_quantity": 0.001
  },
  {
    "event_id": "de6b3c5a78bb5ffafe0d2f18c6fc3e798373ccb9e08a06292e4a066b0db96589",
    "schema_version": "1.0.0",
    "event_type": "agent_order",
    "source": "synthetic_agent",
    "symbol": "BTCUSDT",
    "exchange": "binance_usdm",
    "timestamp": "2024-05-01T00:00:00.035000Z",
    "sequence": 7,
    "scenario_id": "scenario-088-quote_stuffing",
    "agent_id": "agent-quote_stuffing",
    "order_id": "scenario-088-quote_stuffing-agent-quote_stuffing-7",
    "action": "new",
    "side": "sell",
    "price": 65094.508799999996,
    "quantity": 0.001,
    "remaining_quantity": 0.001
  },
  {
    "event_id": "8e760187e17ac0b8b31510b77c52371e50f4814805a94eccb184940f4d115312",
    "schema_version": "1.0.0",
    "event_type": "agent_order",
    "source": "synthetic_agent",
    "symbol": "BTCUSDT",
    "exchange": "binance_usdm",
    "timestamp": "2024-05-01T00:00:00.040000Z",
    "sequence": 8,
    "scenario_id": "scenario-088-quote_stuffing",
    "agent_id": "agent-quote_stuffing",
    "order_id": "scenario-088-quote_stuffing-agent-quote_stuffing-8",
    "action": "new",
    "side": "buy",
    "price": 65081.491200000004,
    "quantity": 0.001,
    "remaining_quantity": 0.001
  },
  {
    "event_id": "7d62d38117253611b3fb0bb782bb927dc673d19b3421efcb65c68b5854723ed9",
    "schema_version": "1.0.0",
    "event_type": "agent_order",
    "source": "synthetic_agent",
    "symbol": "BTCUSDT",
    "exchange": "binance_usdm",
    "timestamp": "2024-05-01T00:00:00.045000Z",
    "sequence": 9,
    "scenario_id": "scenario-088-quote_stuffing",
    "agent_id": "agent-quote_stuffing",
    "order_id": "scenario-088-quote_stuffing-agent-quote_stuffing-9",
    "action": "new",
    "side": "sell",
    "price": 65094.508799999996,
    "quantity": 0.001,
    "remaining_quantity": 0.001
  },
  {
    "event_id": "fe442d3ab141e26ad84cfe4f291415fbf42fc56a5aa7d57f488480d536375a8e",
    "schema_version": "1.0.0",
    "event_type": "agent_order",
    "source": "synthetic_agent",
    "symbol": "BTCUSDT",
    "exchange": "binance_usdm",
    "timestamp": "2024-05-01T00:00:00.050000Z",
    "sequence": 10,
    "scenario_id": "scenario-088-quote_stuffing",
    "agent_id": "agent-quote_stuffing",
    "order_id": "scenario-088-quote_stuffing-agent-quote_stuffing-10",
    "action": "new",
    "side": "buy",
    "price": 65081.491200000004,
    "quantity": 0.001,
    "remaining_quantity": 0.001
  },
  {
    "event_id": "ec2531aaec1aee72c200b940ceeaafa723244eb0307afe29ba08111549771b1a",
    "schema_version": "1.0.0",
    "event_type": "agent_order",
    "source": "synthetic_agent",
    "symbol": "BTCUSDT",
    "exchange": "binance_usdm",
    "timestamp": "2024-05-01T00:00:00.055000Z",
    "sequence": 11,
    "scenario_id": "scenario-088-quote_stuffing",
    "agent_id": "agent-quote_stuffing",
    "order_id": "scenario-088-quote_stuffing-agent-quote_stuffing-11",
    "action": "new",
    "side": "sell",
    "price": 65094.508799999996,
    "quantity": 0.001,
    "remaining_quantity": 0.001
  },
  {
    "event_id": "43f20891ee8980e6dfbf560a757f8f91a88ed79436f411fc5523d09d91f4f982",
    "schema_version": "1.0.0",
    "event_type": "agent_order",
    "source": "synthetic_agent",
    "symbol": "BTCUSDT",
    "exchange": "binance_usdm",
    "timestamp": "2024-05-01T00:00:00.060000Z",
    "sequence": 12,
    "scenario_id": "scenario-088-quote_stuffing",
    "agent_id": "agent-quote_stuffing",
    "order_id": "scenario-088-quote_stuffing-agent-quote_stuffing-12",
    "action": "new",
    "side": "buy",
    "price": 65081.491200000004,
    "quantity": 0.001,
    "remaining_quantity": 0.001
  },
  {
    "event_id": "f19a9b31974273e62f8dccc4e0fe405d627eef96e9d247c9e6793e32386f9d4e",
    "schema_version": "1.0.0",
    "event_type": "agent_order",
    "source": "synthetic_agent",
    "symbol": "BTCUSDT",
    "exchange": "binance_usdm",
    "timestamp": "2024-05-01T00:00:00.065000Z",
    "sequence": 13,
    "scenario_id": "scenario-088-quote_stuffing",
    "agent_id": "agent-quote_stuffing",
    "order_id": "scenario-088-quote_stuffing-agent-quote_stuffing-13",
    "action": "new",
    "side": "sell",
    "price": 65094.508799999996,
    "quantity": 0.001,
    "remaining_quantity": 0.001
  },
  {
    "event_id": "71ccf54a504aa0f39d393d2c5f2e7d54b61ab29444a3f4e5522b07d279f53736",
    "schema_version": "1.0.0",
    "event_type": "agent_order",
    "source": "synthetic_agent",
    "symbol": "BTCUSDT",
    "exchange": "binance_usdm",
    "timestamp": "2024-05-01T00:00:00.070000Z",
    "sequence": 14,
    "scenario_id": "scenario-088-quote_stuffing",
    "agent_id": "agent-quote_stuffing",
    "order_id": "scenario-088-quote_stuffing-agent-quote_stuffing-14",
    "action": "new",
    "side": "buy",
    "price": 65081.491200000004,
    "quantity": 0.001,
    "remaining_quantity": 0.001
  },
  {
    "event_id": "bd9399fc3a39b9bdbe75af43140f4527f8cdafd0c8adaaf065136671f692784f",
    "schema_version": "1.0.0",
    "event_type": "agent_order",
    "source": "synthetic_agent",
    "symbol": "BTCUSDT",
    "exchange": "binance_usdm",
    "timestamp": "2024-05-01T00:00:00.075000Z",
    "sequence": 15,
    "scenario_id": "scenario-088-quote_stuffing",
    "agent_id": "agent-quote_stuffing",
    "order_id": "scenario-088-quote_stuffing-agent-quote_stuffing-15",
    "action": "new",
    "side": "sell",
    "price": 65094.508799999996,
    "quantity": 0.001,
    "remaining_quantity": 0.001
  },
  {
    "event_id": "46105d98e77f2caf23b3a22518e96a181a1f9d8400a59dead3f948b8d0599d22",
    "schema_version": "1.0.0",
    "event_type": "agent_order",
    "source": "synthetic_agent",
    "symbol": "BTCUSDT",
    "exchange": "binance_usdm",
    "timestamp": "2024-05-01T00:00:00.080000Z",
    "sequence": 16,
    "scenario_id": "scenario-088-quote_stuffing",
    "agent_id": "agent-quote_stuffing",
    "order_id": "scenario-088-quote_stuffing-agent-quote_stuffing-16",
    "action": "new",
    "side": "buy",
    "price": 65081.491200000004,
    "quantity": 0.001,
    "remaining_quantity": 0.001
  },
  {
    "event_id": "7cdd0cccf32dcc12f69286a693ee36cf589782b88ac764e15f9236430710ef4a",
    "schema_version": "1.0.0",
    "event_type": "agent_order",
    "source": "synthetic_agent",
    "symbol": "BTCUSDT",
    "exchange": "binance_usdm",
    "timestamp": "2024-05-01T00:00:00.085000Z",
    "sequence": 17,
    "scenario_id": "scenario-088-quote_stuffing",
    "agent_id": "agent-quote_stuffing",
    "order_id": "scenario-088-quote_stuffing-agent-quote_stuffing-17",
    "action": "new",
    "side": "sell",
    "price": 65094.508799999996,
    "quantity": 0.001,
    "remaining_quantity": 0.001
  },
  {
    "event_id": "55cda244f524f6c02e3179dbc63d15fbb64c5de295dfb853af7865f708a05ff0",
    "schema_version": "1.0.0",
    "event_type": "agent_order",
    "source": "synthetic_agent",
    "symbol": "BTCUSDT",
    "exchange": "binance_usdm",
    "timestamp": "2024-05-01T00:00:00.090000Z",
    "sequence": 18,
    "scenario_id": "scenario-088-quote_stuffing",
    "agent_id": "agent-quote_stuffing",
    "order_id": "scenario-088-quote_stuffing-agent-quote_stuffing-18",
    "action": "new",
    "side": "buy",
    "price": 65081.491200000004,
    "quantity": 0.001,
    "remaining_quantity": 0.001
  },
  {
    "event_id": "3c954d545d4042e8033ee44ea7fe7ef93cf4d7ba992bfc74c1696dfb16f27f74",
    "schema_version": "1.0.0",
    "event_type": "agent_order",
    "source": "synthetic_agent",
    "symbol": "BTCUSDT",
    "exchange": "binance_usdm",
    "timestamp": "2024-05-01T00:00:00.095000Z",
    "sequence": 19,
    "scenario_id": "scenario-088-quote_stuffing",
    "agent_id": "agent-quote_stuffing",
    "order_id": "scenario-088-quote_stuffing-agent-quote_stuffing-19",
    "action": "new",
    "side": "sell",
    "price": 65094.508799999996,
    "quantity": 0.001,
    "remaining_quantity": 0.001
  },
  {
    "event_id": "73dcfc9b0fcb4b341c29bac9eb1ffa6025730d3f8ee121c81ab508101ded9299",
    "schema_version": "1.0.0",
    "event_type": "agent_order",
    "source": "synthetic_agent",
    "symbol": "BTCUSDT",
    "exchange": "binance_usdm",
    "timestamp": "2024-05-01T00:00:00.100000Z",
    "sequence": 20,
    "scenario_id": "scenario-088-quote_stuffing",
    "agent_id": "agent-quote_stuffing",
    "order_id": "scenario-088-quote_stuffing-agent-quote_stuffing-20",
    "action": "new",
    "side": "buy",
    "price": 65081.491200000004,
    "quantity": 0.001,
    "remaining_quantity": 0.001
  },
  {
    "event_id": "e7077ed37d3e3c015086e9015aa7fdbc349ad01c28ccf18916da758c68ed4a3a",
    "schema_version": "1.0.0",
    "event_type": "agent_order",
    "source": "synthetic_agent",
    "symbol": "BTCUSDT",
    "exchange": "binance_usdm",
    "timestamp": "2024-05-01T00:00:00.105000Z",
    "sequence": 21,
    "scenario_id": "scenario-088-quote_stuffing",
    "agent_id": "agent-quote_stuffing",
    "order_id": "scenario-088-quote_stuffing-agent-quote_stuffing-21",
    "action": "new",
    "side": "sell",
    "price": 65094.508799999996,
    "quantity": 0.001,
    "remaining_quantity": 0.001
  },
  {
    "event_id": "032e0378b31b6ee42659786a167918a5f3d336571d89e8612aa8144c37dd9e24",
    "schema_version": "1.0.0",
    "event_type": "agent_order",
    "source": "synthetic_agent",
    "symbol": "BTCUSDT",
    "exchange": "binance_usdm",
    "timestamp": "2024-05-01T00:00:00.110000Z",
    "sequence": 22,
    "scenario_id": "scenario-088-quote_stuffing",
    "agent_id": "agent-quote_stuffing",
    "order_id": "scenario-088-quote_stuffing-agent-quote_stuffing-22",
    "action": "new",
    "side": "buy",
    "price": 65081.491200000004,
    "quantity": 0.001,
    "remaining_quantity": 0.001
  },
  {
    "event_id": "47fbe00332793bcd9e63e69c2c28f86968f181c876a8e62dd88344e99c3014a6",
    "schema_version": "1.0.0",
    "event_type": "agent_order",
    "source": "synthetic_agent",
    "symbol": "BTCUSDT",
    "exchange": "binance_usdm",
    "timestamp": "2024-05-01T00:00:00.115000Z",
    "sequence": 23,
    "scenario_id": "scenario-088-quote_stuffing",
    "agent_id": "agent-quote_stuffing",
    "order_id": "scenario-088-quote_stuffing-agent-quote_stuffing-23",
    "action": "new",
    "side": "sell",
    "price": 65094.508799999996,
    "quantity": 0.001,
    "remaining_quantity": 0.001
  },
  {
    "event_id": "b3351f6bf8465025da974890a067681a289e2178562c8b1a2d8ded83913acffb",
    "schema_version": "1.0.0",
    "event_type": "agent_order",
    "source": "synthetic_agent",
    "symbol": "BTCUSDT",
    "exchange": "binance_usdm",
    "timestamp": "2024-05-01T00:00:00.120000Z",
    "sequence": 24,
    "scenario_id": "scenario-088-quote_stuffing",
    "agent_id": "agent-quote_stuffing",
    "order_id": "scenario-088-quote_stuffing-agent-quote_stuffing-24",
    "action": "new",
    "side": "buy",
    "price": 65081.491200000004,
    "quantity": 0.001,
    "remaining_quantity": 0.001
  },
  {
    "event_id": "400bdcc9bef5a049742cf885b772512d587202201498224e6eea1501dbca5ee5",
    "schema_version": "1.0.0",
    "event_type": "agent_order",
    "source": "synthetic_agent",
    "symbol": "BTCUSDT",
    "exchange": "binance_usdm",
    "timestamp": "2024-05-01T00:00:00.125000Z",
    "sequence": 25,
    "scenario_id": "scenario-088-quote_stuffing",
    "agent_id": "agent-quote_stuffing",
    "order_id": "scenario-088-quote_stuffing-agent-quote_stuffing-25",
    "action": "new",
    "side": "sell",
    "price": 65094.508799999996,
    "quantity": 0.001,
    "remaining_quantity": 0.001
  },
  {
    "event_id": "0a61da450d0b5825dbab744f7fd87b4b64154062c9e2a55b6e6a518147650ff9",
    "schema_version": "1.0.0",
    "event_type": "agent_order",
    "source": "synthetic_agent",
    "symbol": "BTCUSDT",
    "exchange": "binance_usdm",
    "timestamp": "2024-05-01T00:00:00.130000Z",
    "sequence": 26,
    "scenario_id": "scenario-088-quote_stuffing",
    "agent_id": "agent-quote_stuffing",
    "order_id": "scenario-088-quote_stuffing-agent-quote_stuffing-26",
    "action": "new",
    "side": "buy",
    "price": 65081.491200000004,
    "quantity": 0.001,
    "remaining_quantity": 0.001
  },
  {
    "event_id": "439750bd6d87927e8972f958e27357d882c714a7e9133e9dae21b29eb6ec4e8e",
    "schema_version": "1.0.0",
    "event_type": "agent_order",
    "source": "synthetic_agent",
    "symbol": "BTCUSDT",
    "exchange": "binance_usdm",
    "timestamp": "2024-05-01T00:00:00.135000Z",
    "sequence": 27,
    "scenario_id": "scenario-088-quote_stuffing",
    "agent_id": "agent-quote_stuffing",
    "order_id": "scenario-088-quote_stuffing-agent-quote_stuffing-27",
    "action": "new",
    "side": "sell",
    "price": 65094.508799999996,
    "quantity": 0.001,
    "remaining_quantity": 0.001
  },
  {
    "event_id": "573ba2ad378142ff7a5cc1f9b8352b27a2eba9a163fdfa3828b1c0d304c645f2",
    "schema_version": "1.0.0",
    "event_type": "agent_order",
    "source": "synthetic_agent",
    "symbol": "BTCUSDT",
    "exchange": "binance_usdm",
    "timestamp": "2024-05-01T00:00:00.140000Z",
    "sequence": 28,
    "scenario_id": "scenario-088-quote_stuffing",
    "agent_id": "agent-quote_stuffing",
    "order_id": "scenario-088-quote_stuffing-agent-quote_stuffing-28",
    "action": "new",
    "side": "buy",
    "price": 65081.491200000004,
    "quantity": 0.001,
    "remaining_quantity": 0.001
  },
  {
    "event_id": "d130549f1fe7c030e698ce1271cecae30776b2977390a505838473d40d18126c",
    "schema_version": "1.0.0",
    "event_type": "agent_order",
    "source": "synthetic_agent",
    "symbol": "BTCUSDT",
    "exchange": "binance_usdm",
    "timestamp": "2024-05-01T00:00:00.145000Z",
    "sequence": 29,
    "scenario_id": "scenario-088-quote_stuffing",
    "agent_id": "agent-quote_stuffing",
    "order_id": "scenario-088-quote_stuffing-agent-quote_stuffing-29",
    "action": "new",
    "side": "sell",
    "price": 65094.508799999996,
    "quantity": 0.001,
    "remaining_quantity": 0.001
  }
]