[
  {
    "event_id": "2bd8673dd7e0df83602b820f2414f3f4249e87c67450f9a95da9f79aec7c3def",
    "schema_version": "1.0.0",
    "event_type": "agent_order",
    "source": "synthetic_agent",
    "symbol": "BTCUSDT",
    "exchange": "binance_usdm",
    "timestamp": "2024-05-01T00:00:00Z",
    "sequence": 0,
    "scenario_id": "scenario-417-stop_run_sweep",
    "agent_id": "agent-stop_run_sweep",
    "order_id": "scenario-417-stop_run_sweep-agent-stop_run_sweep-0",
    "action": "new",
    "side": "buy",
    "price": 65482.416999999994,
    "quantity": 0.06,
    "remaining_quantity": 0.06
  },
  {
    "event_id": "e6c758625d4ea9af3ae02d29ea843ced05fca9cc84670ce798c3ec185736e664",
    "schema_version": "1.0.0",
    "event_type": "agent_order",
    "source": "synthetic_agent",
    "symbol": "BTCUSDT",
    "exchange": "binance_usdm",
    "timestamp": "2024-05-01T00:00:00.030000Z",
    "sequence": 1,
    "scenario_id": "scenario-417-stop_run_sweep",
    "agent_id": "agent-stop_run_sweep",
    "order_id": "scenario-417-stop_run_sweep-agent-stop_run_sweep-1",
    "action": "new",
    "side": "buy",
    "price": 65485.68785,
    "quantity": 0.06,
    "remaining_quantity": 0.06
  },
  {
    "event_id": "6d05a62d224d8a7bdce0ca9acd1ffdd1d2c433ef4cc9d268f5a287bb8e30995f",
    "schema_version": "1.0.0",
    "event_type": "agent_order",
    "source": "synthetic_agent",
    "symbol": "BTCUSDT",
    "exchange": "binance_usdm",
    "timestamp": "2024-05-01T00:00:00.060000Z",
    "sequence": 2,
    "scenario_id": "scenario-417-stop_run_sweep",
    "agent_id": "agent-stop_run_sweep",
    "order_id": "scenario-417-stop_run_sweep-agent-stop_run_sweep-2",
    "action": "new",
    "side": "buy",
    "price": 65488.958699999996,
    "quantity": 0.06,
    "remaining_quantity": 0.06
  },
  {
    "event_id": "6b3f32f232f729000df565149b505dd1c008a44d91b350045032d9df2de6d559",
    "schema_version": "1.0.0",
    "event_type": "agent_order",
    "source": "synthetic_agent",
    "symbol": "BTCUSDT",
    "exchange": "binance_usdm",
    "timestamp": "2024-05-01T00:00:00.090000Z",
    "sequence": 3,
    "scenario_id": "scenario-417-stop_run_sweep",
    "agent_id": "agent-stop_run_sweep",
    "order_id": "scenario-417-stop_run_sweep-agent-stop_run_sweep-3",
    "action": "new",
    "side": "buy",
    "price": 65492.22955,
    "quantity": 0.06,
    "remaining_quantity": 0.06
  },
  {
    "event_id": "84c637b66d4d82742ec18bd875b5e818739172f9eb2df7cf931fbb9c652f6daa",
    "schema_version": "1.0.0",
    "event_type": "agent_order",
    "source": "synthetic_agent",
    "symbol": "BTCUSDT",
    "exchange": "binance_usdm",
    "timestamp": "2024-05-01T00:00:00.120000Z",
    "sequence": 4,
    "scenario_id": "scenario-417-stop_run_sweep",
    "agent_id": "agent-stop_run_sweep",
    "order_id": "scenario-417-stop_run_sweep-agent-stop_run_sweep-4",
    "action": "new",
    "side": "buy",
    "price": 65495.50039999999,
    "quantity": 0.06,
    "remaining_quantity": 0.06
  },
  {
    "event_id": "ae768a8e717f8a68b11ced500719c598796c65fc1d2e19193b75669c9b1a2e34",
    "schema_version": "1.0.0",
    "event_type": "agent_order",
    "source": "synthetic_agent",
    "symbol": "BTCUSDT",
    "exchange": "binance_usdm",
    "timestamp": "2024-05-01T00:00:00.150000Z",
    "sequence": 5,
    "scenario_id": "scenario-417-stop_run_sweep",
    "agent_id": "agent-stop_run_sweep",
    "order_id": "scenario-417-stop_run_sweep-agent-stop_run_sweep-5",
    "action": "new",
    "side": "buy",
    "price": 65498.77125,
    "quantity": 0.06,
    "remaining_quantity": 0.06
  },
  {
    "event_id": "e995b2b8c0c51d1fcdf8312e493c0063e263dcfe5fc7776b7413e4928540aa77",
    "schema_version": "1.0.0",
    "event_type": "agent_order",
    "source": "synthetic_agent",
    "symbol": "BTCUSDT",
    "exchange": "binance_usdm",
    "timestamp": "2024-05-01T00:00:00.180000Z",
    "sequence": 6,
    "scenario_id": "scenario-417-stop_run_sweep",
    "agent_id": "agent-stop_run_sweep",
    "order_id": "scenario-417-stop_run_sweep-agent-stop_run_sweep-6",
    "action": "new",
    "side": "buy",
    "price": 65502.04209999999,
    "quantity": 0.06,
    "remaining_quantity": 0.06
  },
  {
    "event_id": "57f622b7b6dfdc46b7bacd573dc946ce25b773259ceda80328fdbd508d92af72",
    "schema_version": "1.0.0",
    "event_type": "agent_order",
    "source": "synthetic_agent",
    "symbol": "BTCUSDT",
    "exchange": "binance_usdm",
    "timestamp": "2024-05-01T00:00:00.210000Z",
    "sequence": 7,
    "scenario_id": "scenario-417-stop_run_sweep",
    "agent_id": "agent-stop_run_sweep",
    "order_id": "scenario-417-stop_run_sweep-agent-stop_run_sweep-7",
    "action": "new",
    "side": "buy",
    "price": 65505.31295,
    "quantity": 0.06,
    "remaining_quantity": 0.06
  },
  {
    "event_id": "b702ad9ad590f7926e6f2932570529c8410dfe520bf0fa87e5d88a695eacb27d",
    "schema_version": "1.0.0",
    "event_type": "agent_order",
    "source": "synthetic_agent",
    "symbol": "BTCUSDT",
    "exchange": "binance_usdm",
    "timestamp": "2024-05-01T00:00:00.240000Z",
    "sequence": 8,
    "scenario_id": "scenario-417-stop_run_sweep",
    "agent_id": "agent-stop_run_sweep",
    "order_id": "scenario-417-stop_run_sweep-agent-stop_run_sweep-8",
    "action": "new",
    "side": "buy",
    "price": 65508.58379999999,
    "quantity": 0.06,
    "remaining_quantity": 0.06
  },
  {
    "event_id": "45a7dc69a97c3be8c708fd4fb9cfa40f909c0ebc0c408f9c3ec22ec6379bbd92",
    "schema_version": "1.0.0",
    "event_type": "agent_order",
    "source": "synthetic_agent",
    "symbol": "BTCUSDT",
    "exchange": "binance_usdm",
    "timestamp": "2024-05-01T00:00:00.270000Z",
    "sequence": 9,
    "scenario_id": "scenario-417-stop_run_sweep",
    "agent_id": "agent-stop_run_sweep",
    "order_id": "scenario-417-stop_run_sweep-agent-stop_run_sweep-9",
    "action": "new",
    "side": "buy",
    "price": 65511.854649999994,
    "quantity": 0.06,
    "remaining_quantity": 0.06
  },
  {
    "event_id": "eb29f4b0c8e540c42270df452c1bf2684c1499fb82f0d68d90c808cf425f9857",
    "schema_version": "1.0.0",
    "event_type": "agent_order",
    "source": "synthetic_agent",
    "symbol": "BTCUSDT",
    "exchange": "binance_usdm",
    "timestamp": "2024-05-01T00:00:00.300000Z",
    "sequence": 10,
    "scenario_id": "scenario-417-stop_run_sweep",
    "agent_id": "agent-stop_run_sweep",
    "order_id": "scenario-417-stop_run_sweep-agent-stop_run_sweep-10",
    "action": "new",
    "side": "buy",
    "price": 65515.12549999999,
    "quantity": 0.06,
    "remaining_quantity": 0.06
  },
  {
    "event_id": "16aea41a18bc9f509c8df5f40767dc19fcd3d44c7381fc1867fa0cf50e66914d",
    "schema_version": "1.0.0",
    "event_type": "agent_order",
    "source": "synthetic_agent",
    "symbol": "BTCUSDT",
    "exchange": "binance_usdm",
    "timestamp": "2024-05-01T00:00:00.330000Z",
    "sequence": 11,
    "scenario_id": "scenario-417-stop_run_sweep",
    "agent_id": "agent-stop_run_sweep",
    "order_id": "scenario-417-stop_run_sweep-agent-stop_run_sweep-11",
    "action": "new",
    "side": "buy",
    "price": 65518.396349999995,
    "quantity": 0.06,
    "remaining_quantity": 0.06
  },
  {
    "event_id": "5d5a7d428e6ba166f90e96a993322e34f015cfaf1410c54221468a3c6636a29b",
    "schema_version": "1.0.0",
    "event_type": "agent_order",
    "source": "synthetic_agent",
    "symbol": "BTCUSDT",
    "exchange": "binance_usdm",
    "timestamp": "2024-05-01T00:00:00.360000Z",
    "sequence": 12,
    "scenario_id": "scenario-417-stop_run_sweep",
    "agent_id": "agent-stop_run_sweep",
    "order_id": "scenario-417-stop_run_sweep-agent-stop_run_sweep-12",
    "action": "new",
    "side": "buy",
    "price": 65521.66719999999,
    "quantity": 0.06,
    "remaining_quantity": 0.06
  },
  {
    "event_id": "21e3b6d31e703967e3f964101c6462e3ea134ff64aa7c7c618f6ca34cb30dfc7",
    "schema_version": "1.0.0",
    "event_type": "agent_order",
    "source": "synthetic_agent",
    "symbol": "BTCUSDT",
    "exchange": "binance_usdm",
    "timestamp": "2024-05-01T00:00:00.390000Z",
    "sequence": 13,
    "scenario_id": "scenario-417-stop_run_sweep",
    "agent_id": "agent-stop_run_sweep",
    "order_id": "scenario-417-stop_run_sweep-agent-stop_run_sweep-13",
    "action": "new",
    "side": "buy",
    "price": 65524.93805,
    "quantity": 0.06,
    "remaining_quantity": 0.06
  },
  {
    "event_id": "5e4466b4bdadb580f99601c22a9785e8aef254e3fd02bf69f474ead9435a58cd",
    "schema_version": "1.0.0",
    "event_type": "agent_order",
    "source": "synthetic_agent",
    "symbol": "BTCUSDT",
    "exchange": "binance_usdm",
    "timestamp": "2024-05-01T00:00:00.420000Z",
    "sequence": 14,
    "scenario_id": "scenario-417-stop_run_sweep",
    "agent_id": "agent-stop_run_sweep",
    "order_id": "scenario-417-stop_run_sweep-agent-stop_run_sweep-14",
    "action": "new",
    "side": "buy",
    "price": 65528.20889999999,
    "quantity": 0.06,
    "remaining_quantity": 0.06
  },
  {
    "event_id": "3c06bbc1df3e5face9f819f2a717d7f3b8cccbaeeb411644d518e94d335f6c31",
    "schema_version": "1.0.0",
    "event_type": "agent_order",
    "source": "synthetic_agent",
    "symbol": "BTCUSDT",
    "exchange": "binance_usdm",
    "timestamp": "2024-05-01T00:00:00.450000Z",
    "sequence": 15,
    "scenario_id": "scenario-417-stop_run_sweep",
    "agent_id": "agent-stop_run_sweep",
    "order_id": "scenario-417-stop_run_sweep-agent-stop_run_sweep-15",
    "action": "new",
    "side": "buy",
    "price": 65531.47974999999,
    "quantity": 0.06,
    "remaining_quantity": 0.06
  },
  {
    "event_id": "553a451691e1cb169cf4af92f60431e89c43a0cf8118e7b3a4a5b342a17e149a",
    "schema_version": "1.0.0",
    "event_type": "agent_order",
    "source": "synthetic_agent",
    "symbol": "BTCUSDT",
    "exchange": "binance_usdm",
    "timestamp": "2024-05-01T00:00:00.480000Z",
    "sequence": 16,
    "scenario_id": "scenario-417-stop_run_sweep",
    "agent_id": "agent-stop_run_sweep",
    "order_id": "scenario-417-stop_run_sweep-agent-stop_run_sweep-16",
    "action": "new",
    "side": "buy",
    "price": 65534.750599999985,
    "quantity": 0.06,
    "remaining_quantity": 0.06
  },
  {
    "event_id": "319cd2fc26849c4e1cb173fd539556680d8ba4cb01f2a14a3ca13b55bb179d2b",
    "schema_version": "1.0.0",
    "event_type": "agent_order",
    "source": "synthetic_agent",
    "symbol": "BTCUSDT",
    "exchange": "binance_usdm",
    "timestamp": "2024-05-01T00:00:00.510000Z",
    "sequence": 17,
    "scenario_id": "scenario-417-stop_run_sweep",
    "agent_id": "agent-stop_run_sweep",
    "order_id": "scenario-417-stop_run_sweep-agent-stop_run_sweep-17",
    "action": "new",
    "side": "buy",
    "price": 65538.02145,
    "quantity": 0.06,
    "remaining_quantity": 0.06
  },
  {
    "event_id": "3bd12df4832d4ea560efc57aa0b348d8e889e1a80502033d18e6320eaed184e0",
    "schema_version": "1.0.0",
    "event_type": "agent_order",
    "source": "synthetic_agent",
    "symbol": "BTCUSDT",
    "exchange": "binance_usdm",
    "timestamp": "2024-05-01T00:00:00.540000Z",
    "sequence": 18,
    "scenario_id": "scenario-417-stop_run_sweep",
    "agent_id": "agent-stop_run_sweep",
    "order_id": "scenario-417-stop_run_sweep-agent-stop_run_sweep-18",
    "action": "new",
    "side": "buy",
    "price": 65541.29229999999,
    "quantity": 0.06,
    "remaining_quantity": 0.06
  },
  {
    "event_id": "9fa893a5fa97c72041bf7a553e41d2df5f213e6526f31df21ed5203bccb4b2d9",
    "schema_version": "1.0.0",
    "event_type": "agent_order",
    "source": "synthetic_agent",
    "symbol": "BTCUSDT",
    "exchange": "binance_usdm",
    "timestamp": "2024-05-01T00:00:00.570000Z",
    "sequence": 19,
    "scenario_id": "scenario-417-stop_run_sweep",
    "agent_id": "agent-stop_run_sweep",
    "order_id": "scenario-417-stop_run_sweep-agent-stop_run_sweep-19",
    "action": "new",
    "side": "buy",
    "price": 65544.56314999999,
    "quantity": 0.06,
    "remaining_quantity": 0.06
  },
  {
    "event_id": "7d06c5b1616d1c9fc7664588184dcb4e0a87e963c9ec442f4cbbdd30469c247c",
    "schema_version": "1.0.0",
    "event_type": "agent_order",
    "source": "synthetic_agent",
    "symbol": "BTCUSDT",
    "exchange": "binance_usdm",
    "timestamp": "2024-05-01T00:00:00.600000Z",
    "sequence": 20,
    "scenario_id": "scenario-417-stop_run_sweep",
    "agent_id": "agent-stop_run_sweep",
    "order_id": "scenario-417-stop_run_sweep-agent-stop_run_sweep-20",
    "action": "new",
    "side": "buy",
    "price": 65547.83399999999,
    "quantity": 0.06,
    "remaining_quantity": 0.06
  },
  {
    "event_id": "a8efde4b8e9f0efbd12b47debc6da3bfe94f8cc6415f4f9d9f464654a2f88f93",
    "schema_version": "1.0.0",
    "event_type": "agent_order",
    "source": "synthetic_agent",
    "symbol": "BTCUSDT",
    "exchange": "binance_usdm",
    "timestamp": "2024-05-01T00:00:00.630000Z",
    "sequence": 21,
    "scenario_id": "scenario-417-stop_run_sweep",
    "agent_id": "agent-stop_run_sweep",
    "order_id": "scenario-417-stop_run_sweep-agent-stop_run_sweep-21",
    "action": "new",
    "side": "buy",
    "price": 65551.10484999999,
    "quantity": 0.06,
    "remaining_quantity": 0.06
  },
  {
    "event_id": "c5873207ef82e49003277f9687f2d4980f3a81cfb000ad5f7888235ba6e3562c",
    "schema_version": "1.0.0",
    "event_type": "agent_order",
    "source": "synthetic_agent",
    "symbol": "BTCUSDT",
    "exchange": "binance_usdm",
    "timestamp": "2024-05-01T00:00:00.660000Z",
    "sequence": 22,
    "scenario_id": "scenario-417-stop_run_sweep",
    "agent_id": "agent-stop_run_sweep",
    "order_id": "scenario-417-stop_run_sweep-agent-stop_run_sweep-22",
    "action": "new",
    "side": "buy",
    "price": 65554.3757,
    "quantity": 0.06,
    "remaining_quantity": 0.06
  },
  {
    "event_id": "4f3a798cf37bd7f9da63ef1afd213219519971f27e14eee159dbb5e961d5e410",
    "schema_version": "1.0.0",
    "event_type": "agent_order",
    "source": "synthetic_agent",
    "symbol": "BTCUSDT",
    "exchange": "binance_usdm",
    "timestamp": "2024-05-01T00:00:00.690000Z",
    "sequence": 23,
    "scenario_id": "scenario-417-stop_run_sweep",
    "agent_id": "agent-stop_run_sweep",
    "order_id": "scenario-417-stop_run_sweep-agent-stop_run_sweep-23",
    "action": "new",
    "side": "buy",
    "price": 65557.64654999999,
    "quantity": 0.06,
    "remaining_quantity": 0.06
  },
  {
    "event_id": "05f25ffc3a0abed061bed4fa3e8665821f3a065c9376b3f4bcd313156aa6a2ce",
    "schema_version": "1.0.0",
    "event_type": "agent_order",
    "source": "synthetic_agent",
    "symbol": "BTCUSDT",
    "exchange": "binance_usdm",
    "timestamp": "2024-05-01T00:00:00.720000Z",
    "sequence": 24,
    "scenario_id": "scenario-417-stop_run_sweep",
    "agent_id": "agent-stop_run_sweep",
    "order_id": "scenario-417-stop_run_sweep-agent-stop_run_sweep-24",
    "action": "new",
    "side": "buy",
    "price": 65560.9174,
    "quantity": 0.06,
    "remaining_quantity": 0.06
  },
  {
    "event_id": "b901a7bcbf43a274cdbffe426213989c3f0946c07d7e789227907e0b140b47f0",
    "schema_version": "1.0.0",
    "event_type": "agent_order",
    "source": "synthetic_agent",
    "symbol": "BTCUSDT",
    "exchange": "binance_usdm",
    "timestamp": "2024-05-01T00:00:00.750000Z",
    "sequence": 25,
    "scenario_id": "scenario-417-stop_run_sweep",
    "agent_id": "agent-stop_run_sweep",
    "order_id": "scenario-417-stop_run_sweep-agent-stop_run_sweep-25",
    "action": "new",
    "side": "buy",
    "price": 65564.18824999999,
    "quantity": 0.06,
    "remaining_quantity": 0.06
  },
  {
    "event_id": "a0506a0ab4e4da659d05c95f631755faca2a84ed9b404bcd2052d741f9ef2fe9",
    "schema_version": "1.0.0",
    "event_type": "agent_order",
    "source": "synthetic_agent",
    "symbol": "BTCUSDT",
    "exchange": "binance_usdm",
    "timestamp": "2024-05-01T00:00:00.780000Z",
    "sequence": 26,
    "scenario_id": "scenario-417-stop_run_sweep",
    "agent_id": "agent-stop_run_sweep",
    "order_id": "scenario-417-stop_run_sweep-agent-stop_run_sweep-26",
    "action": "new",
    "side": "buy",
    "price": 65567.4591,
    "quantity": 0.06,
    "remaining_quantity": 0.06
  },
  {
    "event_id": "b97ee7c243189549a1f0689ef4c2c2c1883dcac2692285adcf98e381ded90198",
    "schema_version": "1.0.0",
    "event_type": "agent_order",
    "source": "synthetic_agent",
    "symbol": "BTCUSDT",
    "exchange": "binance_usdm",
    "timestamp": "2024-05-01T00:00:00.810000Z",
    "sequence": 27,
    "scenario_id": "scenario-417-stop_run_sweep",
    "agent_id": "agent-stop_run_sweep",
    "order_id": "scenario-417-stop_run_sweep-agent-stop_run_sweep-27",
    "action": "new",
    "side": "buy",
    "price": 65570.72995,
    "quantity": 0.06,
    "remaining_quantity": 0.06
  },
  {
    "event_id": "5125cfe190709245c1f2baa15f8e54c1b037056b5ac8c754a5f4330317cc534d",
    "schema_version": "1.0.0",
    "event_type": "agent_order",
    "source": "synthetic_agent",
    "symbol": "BTCUSDT",
    "exchange": "binance_usdm",
    "timestamp": "2024-05-01T00:00:00.840000Z",
    "sequence": 28,
    "scenario_id": "scenario-417-stop_run_sweep",
    "agent_id": "agent-stop_run_sweep",
    "order_id": "scenario-417-stop_run_sweep-agent-stop_run_sweep-28",
    "action": "new",
    "side": "buy",
    "price": 65574.0008,
    "quantity": 0.06,
    "remaining_quantity": 0.06
  },
  {
    "event_id": "a918f0d6cd43da6c005ee04dc104d44b606a72792f6c29619c4b6af4d14a3450",
    "schema_version": "1.0.0",
    "event_type": "agent_order",
    "source": "synthetic_agent",
    "symbol": "BTCUSDT",
    "exchange": "binance_usdm",
    "timestamp": "2024-05-01T00:00:00.870000Z",
    "sequence": 29,
    "scenario_id": "scenario-417-stop_run_sweep",
    "agent_id": "agent-stop_run_sweep",
    "order_id": "scenario-417-stop_run_sweep-agent-stop_run_sweep-29",
    "action": "new",
    "side": "buy",
    "price": 65577.27165,
    "quantity": 0.06,
    "remaining_quantity": 0.06
  }
]