[
  {
    "event_id": "209225c1a8989905e24cb3c7891ae2e6314b2111287e8c32c3a3a4262c22bc02",
    "schema_version": "1.0.0",
    "event_type": "agent_order",
    "source": "synthetic_agent",
    "symbol": "BTCUSDT",
    "exchange": "binance_usdm",
    "timestamp": "2024-05-01T00:00:00Z",
    "sequence": 0,
    "scenario_id": "scenario-202-runaway_inventory",
    "agent_id": "agent-runaway_inventory",
    "order_id": "scenario-202-runaway_inventory-agent-runaway_inventory-0",
    "action": "new",
    "side": "buy",
    "price": 65202.0,
    "quantity": 0.01,
    "remaining_quantity": 0.01
  },
  {
    "event_id": "9fb6932cae77548512593586027ac79cc995c0d4bd93585ed94740cd18a948c6",
    "schema_version": "1.0.0",
    "event_type": "agent_order",
    "source": "synthetic_agent",
    "symbol": "BTCUSDT",
    "exchange": "binance_usdm",
    "timestamp": "2024-05-01T00:00:00.070000Z",
    "sequence": 1,
    "scenario_id": "scenario-202-runaway_inventory",
    "agent_id": "agent-runaway_inventory",
    "order_id": "scenario-202-runaway_inventory-agent-runaway_inventory-1",
    "action": "new",
    "side": "buy",
    "price": 65203.95606,
    "quantity": 0.012,
    "remaining_quantity": 0.012
  },
  {
    "event_id": "94a5dced3763d37df398d89866309245255979d943cd1d7eb7f4d382c498f586",
    "schema_version": "1.0.0",
    "event_type": "agent_order",
    "source": "synthetic_agent",
    "symbol": "BTCUSDT",
    "exchange": "binance_usdm",
    "timestamp": "2024-05-01T00:00:00.140000Z",
    "sequence": 2,
    "scenario_id": "scenario-202-runaway_inventory",
    "agent_id": "agent-runaway_inventory",
    "order_id": "scenario-202-runaway_inventory-agent-runaway_inventory-2",
    "action": "new",
    "side": "buy",
    "price": 65205.91211999999,
    "quantity": 0.014,
    "remaining_quantity": 0.014
  },
  {
    "event_id": "5344502647fb3252c173d84c30489daed6013c9ecd3ea2ec8cf3156c5da63f5b",
    "schema_version": "1.0.0",
    "event_type": "agent_order",
    "source": "synthetic_agent",
    "symbol": "BTCUSDT",
    "exchange": "binance_usdm",
    "timestamp": "2024-05-01T00:00:00.210000Z",
    "sequence": 3,
    "scenario_id": "scenario-202-runaway_inventory",
    "agent_id": "agent-runaway_inventory",
    "order_id": "scenario-202-runaway_inventory-agent-runaway_inventory-3",
    "action": "new",
    "side": "buy",
    "price": 65207.86818,
    "quantity": 0.016,
    "remaining_quantity": 0.016
  },
  {
    "event_id": "8f24d15772c7584773d9397f6d4948215f620e94d1ebc72fdff600e3413d778c",
    "schema_version": "1.0.0",
    "event_type": "agent_order",
    "source": "synthetic_agent",
    "symbol": "BTCUSDT",
    "exchange": "binance_usdm",
    "timestamp": "2024-05-01T00:00:00.280000Z",
    "sequence": 4,
    "scenario_id": "scenario-202-runaway_inventory",
    "agent_id": "agent-runaway_inventory",
    "order_id": "scenario-202-runaway_inventory-agent-runaway_inventory-4",
    "action": "new",
    "side": "buy",
    "price": 65209.824239999994,
    "quantity": 0.018000000000000002,
    "remaining_quantity": 0.018000000000000002
  },
  {
    "event_id": "5103fbd0918054fa67e98bc9231815b18de1f7fef3ab093efc6bd4739b77aa3b",
    "schema_version": "1.0.0",
    "event_type": "agent_order",
    "source": "synthetic_agent",
    "symbol": "BTCUSDT",
    "exchange": "binance_usdm",
    "timestamp": "2024-05-01T00:00:00.350000Z",
    "sequence": 5,
    "scenario_id": "scenario-202-runaway_inventory",
    "agent_id": "agent-runaway_inventory",
    "order_id": "scenario-202-runaway_inventory-agent-runaway_inventory-5",
    "action": "new",
    "side": "buy",
    "price": 65211.780300000006,
    "quantity": 0.02,
    "remaining_quantity": 0.02
  },
  {
    "event_id": "a0ded09dc696f777d4e8e18f13c61006a2fccaf52d08c44070214a7409ee1c3a",
    "schema_version": "1.0.0",
    "event_type": "agent_order",
    "source": "synthetic_agent",
    "symbol": "BTCUSDT",
    "exchange": "binance_usdm",
    "timestamp": "2024-05-01T00:00:00.420000Z",
    "sequence": 6,
    "scenario_id": "scenario-202-runaway_inventory",
    "agent_id": "agent-runaway_inventory",
    "order_id": "scenario-202-runaway_inventory-agent-runaway_inventory-6",
    "action": "new",
    "side": "buy",
    "price": 65213.73636,
    "quantity": 0.022,
    "remaining_quantity": 0.022
  },
  {
    "event_id": "dd77fda6e8305a1bf7db32ef2a0d65713bc1181542e060b7a4f0a82887d76320",
    "schema_version": "1.0.0",
    "event_type": "agent_order",
    "source": "synthetic_agent",
    "symbol": "BTCUSDT",
    "exchange": "binance_usdm",
    "timestamp": "2024-05-01T00:00:00.490000Z",
    "sequence": 7,
    "scenario_id": "scenario-202-runaway_inventory",
    "agent_id": "agent-runaway_inventory",
    "order_id": "scenario-202-runaway_inventory-agent-runaway_inventory-7",
    "action": "new",
    "side": "buy",
    "price": 65215.69242,
    "quantity": 0.024,
    "remaining_quantity": 0.024
  },
  {
    "event_id": "a266787c618c4d81e2efe3a1354250cd146e0091c2ee5b0316071f1e627e84a6",
    "schema_version": "1.0.0",
    "event_type": "agent_order",
    "source": "synthetic_agent",
    "symbol": "BTCUSDT",
    "exchange": "binance_usdm",
    "timestamp": "2024-05-01T00:00:00.560000Z",
    "sequence": 8,
    "scenario_id": "scenario-202-runaway_inventory",
    "agent_id": "agent-runaway_inventory",
    "order_id": "scenario-202-runaway_inventory-agent-runaway_inventory-8",
    "action": "new",
    "side": "buy",
    "price": 65217.64848,
    "quantity": 0.026000000000000002,
    "remaining_quantity": 0.026000000000000002
  },
  {
    "event_id": "80b55591cd28ad2249ca64b17aad19657d0ac7b161329c9ae232ae31879ff53a",
    "schema_version": "1.0.0",
    "event_type": "agent_order",
    "source": "synthetic_agent",
    "symbol": "BTCUSDT",
    "exchange": "binance_usdm",
    "timestamp": "2024-05-01T00:00:00.630000Z",
    "sequence": 9,
    "scenario_id": "scenario-202-runaway_inventory",
    "agent_id": "agent-runaway_inventory",
    "order_id": "scenario-202-runaway_inventory-agent-runaway_inventory-9",
    "action": "new",
    "side": "buy",
    "price": 65219.60454,
    "quantity": 0.028000000000000004,
    "remaining_quantity": 0.028000000000000004
  },
  {
    "event_id": "aba66fd5fe04a8eba9c6a7bb5e5287b7683f1a7872cf1471dab5535c486e0383",
    "schema_version": "1.0.0",
    "event_type": "agent_order",
    "source": "synthetic_agent",
    "symbol": "BTCUSDT",
    "exchange": "binance_usdm",
    "timestamp": "2024-05-01T00:00:00.700000Z",
    "sequence": 10,
    "scenario_id": "scenario-202-runaway_inventory",
    "agent_id": "agent-runaway_inventory",
    "order_id": "scenario-202-runaway_inventory-agent-runaway_inventory-10",
    "action": "new",
    "side": "buy",
    "price": 65221.5606,
    "quantity": 0.03,
    "remaining_quantity": 0.03
  },
  {
    "event_id": "8589bdf5203a1b32e9ef307b0f305777cebc19b6c8b97e4efbe017061c63d536",
    "schema_version": "1.0.0",
    "event_type": "agent_order",
    "source": "synthetic_agent",
    "symbol": "BTCUSDT",
    "exchange": "binance_usdm",
    "timestamp": "2024-05-01T00:00:00.770000Z",
    "sequence": 11,
    "scenario_id": "scenario-202-runaway_inventory",
    "agent_id": "agent-runaway_inventory",
    "order_id": "scenario-202-runaway_inventory-agent-runaway_inventory-11",
    "action": "new",
    "side": "buy",
    "price": 65223.516659999994,
    "quantity": 0.032,
    "remaining_quantity": 0.032
  },
  {
    "event_id": "ecb1dc9830a5285ba05fa574d8ffc0dbfd8a872b10cf43b0f249c6dba0ca1ec1",
    "schema_version": "1.0.0",
    "event_type": "agent_order",
    "source": "synthetic_agent",
    "symbol": "BTCUSDT",
    "exchange": "binance_usdm",
    "timestamp": "2024-05-01T00:00:00.840000Z",
    "sequence": 12,
    "scenario_id": "scenario-202-runaway_inventory",
    "agent_id": "agent-runaway_inventory",
    "order_id": "scenario-202-runaway_inventory-agent-runaway_inventory-12",
    "action": "new",
    "side": "buy",
    "price": 65225.47272,
    "quantity": 0.034,
    "remaining_quantity": 0.034
  },
  {
    "event_id": "b0cd2dee9b2b3cf7c7100af771918f23269794a2d9d659b7390bb2401d42c16d",
    "schema_version": "1.0.0",
    "event_type": "agent_order",
    "source": "synthetic_agent",
    "symbol": "BTCUSDT",
    "exchange": "binance_usdm",
    "timestamp": "2024-05-01T00:00:00.910000Z",
    "sequence": 13,
    "scenario_id": "scenario-202-runaway_inventory",
    "agent_id": "agent-runaway_inventory",
    "order_id": "scenario-202-runaway_inventory-agent-runaway_inventory-13",
    "action": "new",
    "side": "buy",
    "price": 65227.428779999995,
    "quantity": 0.036000000000000004,
    "remaining_quantity": 0.036000000000000004
  },
  {
    "event_id": "8892445db88a0836e082d1b992af17e324f613ea054dc5d4be86c402df88579f",
    "schema_version": "1.0.0",
    "event_type": "agent_order",
    "source": "synthetic_agent",
    "symbol": "BTCUSDT",
    "exchange": "binance_usdm",
    "timestamp": "2024-05-01T00:00:00.980000Z",
    "sequence": 14,
    "scenario_id": "scenario-202-runaway_inventory",
    "agent_id": "agent-runaway_inventory",
    "order_id": "scenario-202-runaway_inventory-agent-runaway_inventory-14",
    "action": "new",
    "side": "buy",
    "price": 65229.384840000006,
    "quantity": 0.038,
    "remaining_quantity": 0.038
  },
  {
    "event_id": "bc604c80da63926340a5e62359934c868dba73503cf8188565e3f28237e11da7",
    "schema_version": "1.0.0",
    "event_type": "agent_order",
    "source": "synthetic_agent",
    "symbol": "BTCUSDT",
    "exchange": "binance_usdm",
    "timestamp": "2024-05-01T00:00:01.050000Z",
    "sequence": 15,
    "scenario_id": "scenario-202-runaway_inventory",
    "agent_id": "agent-runaway_inventory",
    "order_id": "scenario-202-runaway_inventory-agent-runaway_inventory-15",
    "action": "new",
    "side": "buy",
    "price": 65231.3409,
    "quantity": 0.04,
    "remaining_quantity": 0.04
  },
  {
    "event_id": "d9a1efacbe244ba720c3f94b05963b251be6aa5e63a659cebc08a07212cdf8f8",
    "schema_version": "1.0.0",
    "event_type": "agent_order",
    "source": "synthetic_agent",
    "symbol": "BTCUSDT",
    "exchange": "binance_usdm",
    "timestamp": "2024-05-01T00:00:01.120000Z",
    "sequence": 16,
    "scenario_id": "scenario-202-runaway_inventory",
    "agent_id": "agent-runaway_inventory",
    "order_id": "scenario-202-runaway_inventory-agent-runaway_inventory-16",
    "action": "new",
    "side": "buy",
    "price": 65233.29696,
    "quantity": 0.042,
    "remaining_quantity": 0.042
  },
  {
    "event_id": "a60509a85f63bfa98aced8d6b78933845984f64ece5df7bfda0698dfe8251f16",
    "schema_version": "1.0.0",
    "event_type": "agent_order",
    "source": "synthetic_agent",
    "symbol": "BTCUSDT",
    "exchange": "binance_usdm",
    "timestamp": "2024-05-01T00:00:01.190000Z",
    "sequence": 17,
    "scenario_id": "scenario-202-runaway_inventory",
    "agent_id": "agent-runaway_inventory",
    "order_id": "scenario-202-runaway_inventory-agent-runaway_inventory-17",
    "action": "new",
    "side": "buy",
    "price": 65235.253020000004,
    "quantity": 0.044000000000000004,
    "remaining_quantity": 0.044000000000000004
  },
  {
    "event_id": "66bacf041d7e0cf4af55681fb4a98413dedd04e29a4f3918b229966fe06bcd39",
    "schema_version": "1.0.0",
    "event_type": "agent_order",
    "source": "synthetic_agent",
    "symbol": "BTCUSDT",
    "exchange": "binance_usdm",
    "timestamp": "2024-05-01T00:00:01.260000Z",
    "sequence": 18,
    "scenario_id": "scenario-202-runaway_inventory",
    "agent_id": "agent-runaway_inventory",
    "order_id": "scenario-202-runaway_inventory-agent-runaway_inventory-18",
    "action": "new",
    "side": "buy",
    "price": 65237.20908,
    "quantity": 0.046000000000000006,
    "remaining_quantity": 0.046000000000000006
  },
  {
    "event_id": "6c91da526cfffab8453a4f8b5e5a531497aed68326390b8a3880e897aa50acd7",
    "schema_version": "1.0.0",
    "event_type": "agent_order",
    "source": "synthetic_agent",
    "symbol": "BTCUSDT",
    "exchange": "binance_usdm",
    "timestamp": "2024-05-01T00:00:01.330000Z",
    "sequence": 19,
    "scenario_id": "scenario-202-runaway_inventory",
    "agent_id": "agent-runaway_inventory",
    "order_id": "scenario-202-runaway_inventory-agent-runaway_inventory-19",
    "action": "new",
    "side": "buy",
    "price": 65239.16514,
    "quantity": 0.048,
    "remaining_quantity": 0.048
  },
  {
    "event_id": "66f9e9e4d57f5a564a2ddbb431d40832bb29b1b499e17e90177b44e10699fb8f",
    "schema_version": "1.0.0",
    "event_type": "agent_order",
    "source": "synthetic_agent",
    "symbol": "BTCUSDT",
    "exchange": "binance_usdm",
    "timestamp": "2024-05-01T00:00:01.400000Z",
    "sequence": 20,
    "scenario_id": "scenario-202-runaway_inventory",
    "agent_id": "agent-runaway_inventory",
    "order_id": "scenario-202-runaway_inventory-agent-runaway_inventory-20",
    "action": "new",
    "side": "buy",
    "price": 65241.121199999994,
    "quantity": 0.05,
    "remaining_quantity": 0.05
  },
  {
    "event_id": "d1947272f1d8cf3a9e50f02d1cc2b99c6eb292dd5315e883f035c4c6990b9c7d",
    "schema_version": "1.0.0",
    "event_type": "agent_order",
    "source": "synthetic_agent",
    "symbol": "BTCUSDT",
    "exchange": "binance_usdm",
    "timestamp": "2024-05-01T00:00:01.470000Z",
    "sequence": 21,
    "scenario_id": "scenario-202-runaway_inventory",
    "agent_id": "agent-runaway_inventory",
    "order_id": "scenario-202-runaway_inventory-agent-runaway_inventory-21",
    "action": "new",
    "side": "buy",
    "price": 65243.07725999999,
    "quantity": 0.052000000000000005,
    "remaining_quantity": 0.052000000000000005
  },
  {
    "event_id": "553616ac7d07ff8c1569e87e23e6e0c77aee896771cf2966bb343327599462e9",
    "schema_version": "1.0.0",
    "event_type": "agent_order",
    "source": "synthetic_agent",
    "symbol": "BTCUSDT",
    "exchange": "binance_usdm",
    "timestamp": "2024-05-01T00:00:01.540000Z",
    "sequence": 22,
    "scenario_id": "scenario-202-runaway_inventory",
    "agent_id": "agent-runaway_inventory",
    "order_id": "scenario-202-runaway_inventory-agent-runaway_inventory-22",
    "action": "new",
    "side": "buy",
    "price": 65245.03332000001,
    "quantity": 0.054,
    "remaining_quantity": 0.054
  },
  {
    "event_id": "a1973bcf0fc226857ea4ef8b7652146d09fe8ff1e455d31d56f726c8260e4b68",
    "schema_version": "1.0.0",
    "event_type": "agent_order",
    "source": "synthetic_agent",
    "symbol": "BTCUSDT",
    "exchange": "binance_usdm",
    "timestamp": "2024-05-01T00:00:01.610000Z",
    "sequence": 23,
    "scenario_id": "scenario-202-runaway_inventory",
    "agent_id": "agent-runaway_inventory",
    "order_id": "scenario-202-runaway_inventory-agent-runaway_inventory-23",
    "action": "new",
    "side": "buy",
    "price": 65246.989380000006,
    "quantity": 0.056,
    "remaining_quantity": 0.056
  },
  {
    "event_id": "a0f12b157514102ffb7d437d6764b38883882918d1caa77264c9e592e3b86796",
    "schema_version": "1.0.0",
    "event_type": "agent_order",
    "source": "synthetic_agent",
    "symbol": "BTCUSDT",
    "exchange": "binance_usdm",
    "timestamp": "2024-05-01T00:00:01.680000Z",
    "sequence": 24,
    "scenario_id": "scenario-202-runaway_inventory",
    "agent_id": "agent-runaway_inventory",
    "order_id": "scenario-202-runaway_inventory-agent-runaway_inventory-24",
    "action": "new",
    "side": "buy",
    "price": 65248.94544,
    "quantity": 0.058,
    "remaining_quantity": 0.058
  },
  {
    "event_id": "85963a2831f86a39877e2a2e2e83e505a9b48da56d84446ef5e38ad7083d2e73",
    "schema_version": "1.0.0",
    "event_type": "agent_order",
    "source": "synthetic_agent",
    "symbol": "BTCUSDT",
    "exchange": "binance_usdm",
    "timestamp": "2024-05-01T00:00:01.750000Z",
    "sequence": 25,
    "scenario_id": "scenario-202-runaway_inventory",
    "agent_id": "agent-runaway_inventory",
    "order_id": "scenario-202-runaway_inventory-agent-runaway_inventory-25",
    "action": "new",
    "side": "buy",
    "price": 65250.9015,
    "quantity": 0.060000000000000005,
    "remaining_quantity": 0.060000000000000005
  },
  {
    "event_id": "2bb953a56a53355e8475c3b9cc556ff5cb3ea084dd9ebf3f53c8002260a9eb90",
    "schema_version": "1.0.0",
    "event_type": "agent_order",
    "source": "synthetic_agent",
    "symbol": "BTCUSDT",
    "exchange": "binance_usdm",
    "timestamp": "2024-05-01T00:00:01.820000Z",
    "sequence": 26,
    "scenario_id": "scenario-202-runaway_inventory",
    "agent_id": "agent-runaway_inventory",
    "order_id": "scenario-202-runaway_inventory-agent-runaway_inventory-26",
    "action": "new",
    "side": "buy",
    "price": 65252.85756,
    "quantity": 0.062000000000000006,
    "remaining_quantity": 0.062000000000000006
  },
  {
    "event_id": "ed32a664a4a4c42d256d5caa0c0be6311f04f9fc9055ba076b161d5274dbbf09",
    "schema_version": "1.0.0",
    "event_type": "agent_order",
    "source": "synthetic_agent",
    "symbol": "BTCUSDT",
    "exchange": "binance_usdm",
    "timestamp": "2024-05-01T00:00:01.890000Z",
    "sequence": 27,
    "scenario_id": "scenario-202-runaway_inventory",
    "agent_id": "agent-runaway_inventory",
    "order_id": "scenario-202-runaway_inventory-agent-runaway_inventory-27",
    "action": "new",
    "side": "buy",
    "price": 65254.81362,
    "quantity": 0.064,
    "remaining_quantity": 0.064
  },
  {
    "event_id": "098ba3d61349ad4bc0ae3a0b2cb06ba7056a20f58c12de6b9b301aeadf7a1e6c",
    "schema_version": "1.0.0",
    "event_type": "agent_order",
    "source": "synthetic_agent",
    "symbol": "BTCUSDT",
    "exchange": "binance_usdm",
    "timestamp": "2024-05-01T00:00:01.960000Z",
    "sequence": 28,
    "scenario_id": "scenario-202-runaway_inventory",
    "agent_id": "agent-runaway_inventory",
    "order_id": "scenario-202-runaway_inventory-agent-runaway_inventory-28",
    "action": "new",
    "side": "buy",
    "price": 65256.76968,
    "quantity": 0.066,
    "remaining_quantity": 0.066
  },
  {
    "event_id": "ac3e2858c5d5a1d19a4c23a80ff3c0795f19bd431eb9a7e7bddc82d39bc01021",
    "schema_version": "1.0.0",
    "event_type": "agent_order",
    "source": "synthetic_agent",
    "symbol": "BTCUSDT",
    "exchange": "binance_usdm",
    "timestamp": "2024-05-01T00:00:02.030000Z",
    "sequence": 29,
    "scenario_id": "scenario-202-runaway_inventory",
    "agent_id": "agent-runaway_inventory",
    "order_id": "scenario-202-runaway_inventory-agent-runaway_inventory-29",
    "action": "new",
    "side": "buy",
    "price": 65258.725739999994,
    "quantity": 0.068,
    "remaining_quantity": 0.068
  }
]