[
  {
    "event_id": "05e7583c276fba18638056230b78e8201c0683c40e59e67a3bcb671ce4d54a2c",
    "schema_version": "1.0.0",
    "event_type": "agent_order",
    "source": "synthetic_agent",
    "symbol": "BTCUSDT",
    "exchange": "binance_usdm",
    "timestamp": "2024-05-01T00:00:00Z",
    "sequence": 0,
    "scenario_id": "scenario-092-latency_edge",
    "agent_id": "agent-latency_edge",
    "order_id": "scenario-092-latency_edge-agent-latency_edge-0",
    "action": "new",
    "side": "buy",
    "price": 65131.055199999995,
    "quantity": 0.006,
    "remaining_quantity": 0.006
  },
  {
    "event_id": "3aaff0e060387f316e74a3c441967278237e593363f47c4017f30e90f8e26baa",
    "schema_version": "1.0.0",
    "event_type": "agent_order",
    "source": "synthetic_agent",
    "symbol": "BTCUSDT",
    "exchange": "binance_usdm",
    "timestamp": "2024-05-01T00:00:00.008000Z",
    "sequence": 1,
    "scenario_id": "scenario-092-latency_edge",
    "agent_id": "agent-latency_edge",
    "order_id": "scenario-092-latency_edge-agent-latency_edge-1",
    "action": "new",
    "side": "buy",
    "price": 65131.055199999995,
    "quantity": 0.006,
    "remaining_quantity": 0.006
  },
  {
    "event_id": "6b1d7635acec5151ffb541fc50944645d2bd097ed0b51b5ed85042eaffe80b8b",
    "schema_version": "1.0.0",
    "event_type": "agent_order",
    "source": "synthetic_agent",
    "symbol": "BTCUSDT",
    "exchange": "binance_usdm",
    "timestamp": "2024-05-01T00:00:00.016000Z",
    "sequence": 2,
    "scenario_id": "scenario-092-latency_edge",
    "agent_id": "agent-latency_edge",
    "order_id": "scenario-092-latency_edge-agent-latency_edge-2",
    "action": "new",
    "side": "sell",
    "price": 65052.9448,
    "quantity": 0.006,
    "remaining_quantity": 0.006
  },
  {
    "event_id": "9df2549e89497eb6a744dab123da97c2f3abdb7daefbf9af944fa66b1dc51537",
    "schema_version": "1.0.0",
    "event_type": "agent_order",
    "source": "synthetic_agent",
    "symbol": "BTCUSDT",
    "exchange": "binance_usdm",
    "timestamp": "2024-05-01T00:00:00.024000Z",
    "sequence": 3,
    "scenario_id": "scenario-092-latency_edge",
    "agent_id": "agent-latency_edge",
    "order_id": "scenario-092-latency_edge-agent-latency_edge-3",
    "action": "new",
    "side": "sell",
    "price": 65052.9448,
    "quantity": 0.006,
    "remaining_quantity": 0.006
  },
  {
    "event_id": "6ca57cdd15d81492ddd70d2ba22f46f2bc5b214a6bda2b4754180df5ebca180a",
    "schema_version": "1.0.0",
    "event_type": "agent_order",
    "source": "synthetic_agent",
    "symbol": "BTCUSDT",
    "exchange": "binance_usdm",
    "timestamp": "2024-05-01T00:00:00.032000Z",
    "sequence": 4,
    "scenario_id": "scenario-092-latency_edge",
    "agent_id": "agent-latency_edge",
    "order_id": "scenario-092-latency_edge-agent-latency_edge-4",
    "action": "new",
    "side": "buy",
    "price": 65131.055199999995,
    "quantity": 0.006,
    "remaining_quantity": 0.006
  },
  {
    "event_id": "f01d234e2831821f40dae8b4707d98f067565ab7f9569cf30b79dc7354918485",
    "schema_version": "1.0.0",
    "event_type": "agent_order",
    "source": "synthetic_agent",
    "symbol": "BTCUSDT",
    "exchange": "binance_usdm",
    "timestamp": "2024-05-01T00:00:00.040000Z",
    "sequence": 5,
    "scenario_id": "scenario-092-latency_edge",
    "agent_id": "agent-latency_edge",
    "order_id": "scenario-092-latency_edge-agent-latency_edge-5",
    "action": "new",
    "side": "buy",
    "price": 65131.055199999995,
    "quantity": 0.006,
    "remaining_quantity": 0.006
  },
  {
    "event_id": "4a585b7e39fda0d277ef4ef25ab95cb2a2723a41d623becab304375c89e5514d",
    "schema_version": "1.0.0",
    "event_type": "agent_order",
    "source": "synthetic_agent",
    "symbol": "BTCUSDT",
    "exchange": "binance_usdm",
    "timestamp": "2024-05-01T00:00:00.048000Z",
    "sequence": 6,
    "scenario_id": "scenario-092-latency_edge",
    "agent_id": "agent-latency_edge",
    "order_id": "scenario-092-latency_edge-agent-latency_edge-6",
    "action": "new",
    "side": "sell",
    "price": 65052.9448,
    "quantity": 0.006,
    "remaining_quantity": 0.006
  },
  {
    "event_id": "0daf34a3f625eabe880c7640e42aa8efb728104cf9d1c9eb25097b26c8ec3aa1",
    "schema_version": "1.0.0",
    "event_type": "agent_order",
    "source": "synthetic_agent",
    "symbol": "BTCUSDT",
    "exchange": "binance_usdm",
    "timestamp": "2024-05-01T00:00:00.056000Z",
    "sequence": 7,
    "scenario_id": "scenario-092-latency_edge",
    "agent_id": "agent-latency_edge",
    "order_id": "scenario-092-latency_edge-agent-latency_edge-7",
    "action": "new",
    "side": "sell",
    "price": 65052.9448,
    "quantity": 0.006,
    "remaining_quantity": 0.006
  },
  {
    "event_id": "2eae3b49351e4b32005515d6506e713ce438929f300bfe5bbcfd5221e8535ff4",
    "schema_version": "1.0.0",
    "event_type": "agent_order",
    "source": "synthetic_agent",
    "symbol": "BTCUSDT",
    "exchange": "binance_usdm",
    "timestamp": "2024-05-01T00:00:00.064000Z",
    "sequence": 8,
    "scenario_id": "scenario-092-latency_edge",
    "agent_id": "agent-latency_edge",
    "order_id": "scenario-092-latency_edge-agent-latency_edge-8",
    "action": "new",
    "side": "buy",
    "price": 65131.055199999995,
    "quantity": 0.006,
    "remaining_quantity": 0.006
  },
  {
    "event_id": "81acefe449d03b300db2550848cbfc3467cc650897573f36144537e0faa6fdfd",
    "schema_version": "1.0.0",
    "event_type": "agent_order",
    "source": "synthetic_agent",
    "symbol": "BTCUSDT",
    "exchange": "binance_usdm",
    "timestamp": "2024-05-01T00:00:00.072000Z",
    "sequence": 9,
    "scenario_id": "scenario-092-latency_edge",
    "agent_id": "agent-latency_edge",
    "order_id": "scenario-092-latency_edge-agent-latency_edge-9",
    "action": "new",
    "side": "buy",
    "price": 65131.055199999995,
    "quantity": 0.006,
    "remaining_quantity": 0.006
  },
  {
    "event_id": "ff69708791c4cedee92cf0e4cef5eddf52829b5c083e6282106b66f2e6dab624",
    "schema_version": "1.0.0",
    "event_type": "agent_order",
    "source": "synthetic_agent",
    "symbol": "BTCUSDT",
    "exchange": "binance_usdm",
    "timestamp": "2024-05-01T00:00:00.080000Z",
    "sequence": 10,
    "scenario_id": "scenario-092-latency_edge",
    "agent_id": "agent-latency_edge",
    "order_id": "scenario-092-latency_edge-agent-latency_edge-10",
    "action": "new",
    "side": "sell",
    "price": 65052.9448,
    "quantity": 0.006,
    "remaining_quantity": 0.006
  },
  {
    "event_id": "66cea1ec2eeca684c0dc38e4d56052c559a0f6cec6595787fb39a8ed0ef8998f",
    "schema_version": "1.0.0",
    "event_type": "agent_order",
    "source": "synthetic_agent",
    "symbol": "BTCUSDT",
    "exchange": "binance_usdm",
    "timestamp": "2024-05-01T00:00:00.088000Z",
    "sequence": 11,
    "scenario_id": "scenario-092-latency_edge",
    "agent_id": "agent-latency_edge",
    "order_id": "scenario-092-latency_edge-agent-latency_edge-11",
    "action": "new",
    "side": "sell",
    "price": 65052.9448,
    "quantity": 0.006,
    "remaining_quantity": 0.006
  },
  {
    "event_id": "f8dacd40e015e10871b7a747927b30ef43dd83f3268c979da1fd49fe59193ddf",
    "schema_version": "1.0.0",
    "event_type": "agent_order",
    "source": "synthetic_agent",
    "symbol": "BTCUSDT",
    "exchange": "binance_usdm",
    "timestamp": "2024-05-01T00:00:00.096000Z",
    "sequence": 12,
    "scenario_id": "scenario-092-latency_edge",
    "agent_id": "agent-latency_edge",
    "order_id": "scenario-092-latency_edge-agent-latency_edge-12",
    "action": "new",
    "side": "buy",
    "price": 65131.055199999995,
    "quantity": 0.006,
    "remaining_quantity": 0.006
  },
  {
    "event_id": "f01c9dba73768d87118ee69fb0e29e6ece6f0239f361f4e534602e5a348c6850",
    "schema_version": "1.0.0",
    "event_type": "agent_order",
    "source": "synthetic_agent",
    "symbol": "BTCUSDT",
    "exchange": "binance_usdm",
    "timestamp": "2024-05-01T00:00:00.104000Z",
    "sequence": 13,
    "scenario_id": "scenario-092-latency_edge",
    "agent_id": "agent-latency_edge",
    "order_id": "scenario-092-latency_edge-agent-latency_edge-13",
    "action": "new",
    "side": "buy",
    "price": 65131.055199999995,
    "quantity": 0.006,
    "remaining_quantity": 0.006
  },
  {
    "event_id": "67b937bbd98b3687e9661ce663b67a561fbe9a1616a2fda13e32aaa80fb7ea75",
    "schema_version": "1.0.0",
    "event_type": "agent_order",
    "source": "synthetic_agent",
    "symbol": "BTCUSDT",
    "exchange": "binance_usdm",
    "timestamp": "2024-05-01T00:00:00.112000Z",
    "sequence": 14,
    "scenario_id": "scenario-092-latency_edge",
    "agent_id": "agent-latency_edge",
    "order_id": "scenario-092-latency_edge-agent-latency_edge-14",
    "action": "new",
    "side": "sell",
    "price": 65052.9448,
    "quantity": 0.006,
    "remaining_quantity": 0.006
  },
  {
    "event_id": "4b4d1e1cc85e802d52f6e8e048547a2c129ac9f6c1248e1aadc47c07d0062697",
    "schema_version": "1.0.0",
    "event_type": "agent_order",
    "source": "synthetic_agent",
    "symbol": "BTCUSDT",
    "exchange": "binance_usdm",
    "timestamp": "2024-05-01T00:00:00.120000Z",
    "sequence": 15,
    "scenario_id": "scenario-092-latency_edge",
    "agent_id": "agent-latency_edge",
    "order_id": "scenario-092-latency_edge-agent-latency_edge-15",
    "action": "new",
    "side": "sell",
    "price": 65052.9448,
    "quantity": 0.006,
    "remaining_quantity": 0.006
  },
  {
    "event_id": "41738a8217dda34a114aee8524854b2812c48ee6ecb7114976654ccfc745f72c",
    "schema_version": "1.0.0",
    "event_type": "agent_order",
    "source": "synthetic_agent",
    "symbol": "BTCUSDT",
    "exchange": "binance_usdm",
    "timestamp": "2024-05-01T00:00:00.128000Z",
    "sequence": 16,
    "scenario_id": "scenario-092-latency_edge",
    "agent_id": "agent-latency_edge",
    "order_id": "scenario-092-latency_edge-agent-latency_edge-16",
    "action": "new",
    "side": "buy",
    "price": 65131.055199999995,
    "quantity": 0.006,
    "remaining_quantity": 0.006
  },
  {
    "event_id": "95e3711f9e050d6ac33066b942a9ec9123944a26442ac2de6f30e32d8d0d6bd7",
    "schema_version": "1.0.0",
    "event_type": "agent_order",
    "source": "synthetic_agent",
    "symbol": "BTCUSDT",
    "exchange": "binance_usdm",
    "timestamp": "2024-05-01T00:00:00.136000Z",
    "sequence": 17,
    "scenario_id": "scenario-092-latency_edge",
    "agent_id": "agent-latency_edge",
    "order_id": "scenario-092-latency_edge-agent-latency_edge-17",
    "action": "new",
    "side": "buy",
    "price": 65131.055199999995,
    "quantity": 0.006,
    "remaining_quantity": 0.006
  },
  {
    "event_id": "cc3d5634695cf74b914d388e0fc9b5a0f94b828a4bb0aeb067964b723fd2ec49",
    "schema_version": "1.0.0",
    "event_type": "agent_order",
    "source": "synthetic_agent",
    "symbol": "BTCUSDT",
    "exchange": "binance_usdm",
    "timestamp": "2024-05-01T00:00:00.144000Z",
    "sequence": 18,
    "scenario_id": "scenario-092-latency_edge",
    "agent_id": "agent-latency_edge",
    "order_id": "scenario-092-latency_edge-agent-latency_edge-18",
    "action": "new",
    "side": "sell",
    "price": 65052.9448,
    "quantity": 0.006,
    "remaining_quantity": 0.006
  },
  {
    "event_id": "6f472809a553d74c0413d5b17dac0ee4f97aef2c42dd7fed621cfc3451ef56b8",
    "schema_version": "1.0.0",
    "event_type": "agent_order",
    "source": "synthetic_agent",
    "symbol": "BTCUSDT",
    "exchange": "binance_usdm",
    "timestamp": "2024-05-01T00:00:00.152000Z",
    "sequence": 19,
    "scenario_id": "scenario-092-latency_edge",
    "agent_id": "agent-latency_edge",
    "order_id": "scenario-092-latency_edge-agent-latency_edge-19",
    "action": "new",
    "side": "sell",
    "price": 65052.9448,
    "quantity": 0.006,
    "remaining_quantity": 0.006
  },
  {
    "event_id": "dc7a05d5c6b9d29647197140b0a728b30b0a814978bd83612e84a493e5abc83e",
    "schema_version": "1.0.0",
    "event_type": "agent_order",
    "source": "synthetic_agent",
    "symbol": "BTCUSDT",
    "exchange": "binance_usdm",
    "timestamp": "2024-05-01T00:00:00.160000Z",
    "sequence": 20,
    "scenario_id": "scenario-092-latency_edge",
    "agent_id": "agent-latency_edge",
    "order_id": "scenario-092-latency_edge-agent-latency_edge-20",
    "action": "new",
    "side": "buy",
    "price": 65131.055199999995,
    "quantity": 0.006,
    "remaining_quantity": 0.006
  },
  {
    "event_id": "39d7c5324944db1e44db99e85ef9f33ca2319e0f21893437126bb39961a2ac40",
    "schema_version": "1.0.0",
    "event_type": "agent_order",
    "source": "synthetic_agent",
    "symbol": "BTCUSDT",
    "exchange": "binance_usdm",
    "timestamp": "2024-05-01T00:00:00.168000Z",
    "sequence": 21,
    "scenario_id": "scenario-092-latency_edge",
    "agent_id": "agent-latency_edge",
    "order_id": "scenario-092-latency_edge-agent-latency_edge-21",
    "action": "new",
    "side": "buy",
    "price": 65131.055199999995,
    "quantity": 0.006,
    "remaining_quantity": 0.006
  },
  {
    "event_id": "b5446b3207f32aafb42373b0188fad641dca217baaf6a8502112a7155833fbd0",
    "schema_version": "1.0.0",
    "event_type": "agent_order",
    "source": "synthetic_agent",
    "symbol": "BTCUSDT",
    "exchange": "binance_usdm",
    "timestamp": "2024-05-01T00:00:00.176000Z",
    "sequence": 22,
    "scenario_id": "scenario-092-latency_edge",
    "agent_id": "agent-latency_edge",
    "order_id": "scenario-092-latency_edge-agent-latency_edge-22",
    "action": "new",
    "side": "sell",
    "price": 65052.9448,
    "quantity": 0.006,
    "remaining_quantity": 0.006
  },
  {
    "event_id": "1aeaccf5acc1b5cd3d56817de3fde4a0006cf9b24c9490b031a32aceb6dfddcc",
    "schema_version": "1.0.0",
    "event_type": "agent_order",
    "source": "synthetic_agent",
    "symbol": "BTCUSDT",
    "exchange": "binance_usdm",
    "timestamp": "2024-05-01T00:00:00.184000Z",
    "sequence": 23,
    "scenario_id": "scenario-092-latency_edge",
    "agent_id": "agent-latency_edge",
    "order_id": "scenario-092-latency_edge-agent-latency_edge-23",
    "action": "new",
    "side": "sell",
    "price": 65052.9448,
    "quantity": 0.006,
    "remaining_quantity": 0.006
  },
  {
    "event_id": "a7d7810a51f41d714ccf97623f0690bb8179ff584d7fac8582deba588d2ea4d2",
    "schema_version": "1.0.0",
    "event_type": "agent_order",
    "source": "synthetic_agent",
    "symbol": "BTCUSDT",
    "exchange": "binance_usdm",
    "timestamp": "2024-05-01T00:00:00.192000Z",
    "sequence": 24,
    "scenario_id": "scenario-092-latency_edge",
    "agent_id": "agent-latency_edge",
    "order_id": "scenario-092-latency_edge-agent-latency_edge-24",
    "action": "new",
    "side": "buy",
    "price": 65131.055199999995,
    "quantity": 0.006,
    "remaining_quantity": 0.006
  },
  {
    "event_id": "139e4f38597d67107f01ae732bcc716ea453eb7139d69df25310debd0a4ae9a1",
    "schema_version": "1.0.0",
    "event_type": "agent_order",
    "source": "synthetic_agent",
    "symbol": "BTCUSDT",
    "exchange": "binance_usdm",
    "timestamp": "2024-05-01T00:00:00.200000Z",
    "sequence": 25,
    "scenario_id": "scenario-092-latency_edge",
    "agent_id": "agent-latency_edge",
    "order_id": "scenario-092-latency_edge-agent-latency_edge-25",
    "action": "new",
    "side": "buy",
    "price": 65131.055199999995,
    "quantity": 0.006,
    "remaining_quantity": 0.006
  },
  {
    "event_id": "a8b809ab5aba2ad4000898b7ee1fc6ac9dff3f904f30402e8196dff2ab5ddaf4",
    "schema_version": "1.0.0",
    "event_type": "agent_order",
    "source": "synthetic_agent",
    "symbol": "BTCUSDT",
    "exchange": "binance_usdm",
    "timestamp": "2024-05-01T00:00:00.208000Z",
    "sequence": 26,
    "scenario_id": "scenario-092-latency_edge",
    "agent_id": "agent-latency_edge",
    "order_id": "scenario-092-latency_edge-agent-latency_edge-26",
    "action": "new",
    "side": "sell",
    "price": 65052.9448,
    "quantity": 0.006,
    "remaining_quantity": 0.006
  },
  {
    "event_id": "f55c035248a6181982be0123065e164c079784b14a0d8f8adb6d61f0a2f2e6c3",
    "schema_version": "1.0.0",
    "event_type": "agent_order",
    "source": "synthetic_agent",
    "symbol": "BTCUSDT",
    "exchange": "binance_usdm",
    "timestamp": "2024-05-01T00:00:00.216000Z",
    "sequence": 27,
    "scenario_id": "scenario-092-latency_edge",
    "agent_id": "agent-latency_edge",
    "order_id": "scenario-092-latency_edge-agent-latency_edge-27",
    "action": "new",
    "side": "sell",
    "price": 65052.9448,
    "quantity": 0.006,
    "remaining_quantity": 0.006
  },
  {
    "event_id": "fc6399b894d6f319e3cf39c138518502fac6ff967743a1bdd60118f49eefd5ae",
    "schema_version": "1.0.0",
    "event_type": "agent_order",
    "source": "synthetic_agent",
    "symbol": "BTCUSDT",
    "exchange": "binance_usdm",
    "timestamp": "2024-05-01T00:00:00.224000Z",
    "sequence": 28,
    "scenario_id": "scenario-092-latency_edge",
    "agent_id": "agent-latency_edge",
    "order_id": "scenario-092-latency_edge-agent-latency_edge-28",
    "action": "new",
    "side": "buy",
    "price": 65131.055199999995,
    "quantity": 0.006,
    "remaining_quantity": 0.006
  },
  {
    "event_id": "18d33094b10deb07a8588811987d0d203aa6f1f732c62ce6ebe55f9f8edb383e",
    "schema_version": "1.0.0",
    "event_type": "agent_order",
    "source": "synthetic_agent",
    "symbol": "BTCUSDT",
    "exchange": "binance_usdm",
    "timestamp": "2024-05-01T00:00:00.232000Z",
    "sequence": 29,
    "scenario_id": "scenario-092-latency_edge",
    "agent_id": "agent-latency_edge",
    "order_id": "scenario-092-latency_edge-agent-latency_edge-29",
    "action": "new",
    "side": "buy",
    "price": 65131.055199999995,
    "quantity": 0.006,
    "remaining_quantity": 0.006
  }
]