[
  {
    "event_id": "6f8733a6497e3eafea92f7788b1f2badbf1f3c51e5b2a1c16d287d8c3e599fcd",
    "schema_version": "1.0.0",
    "event_type": "agent_order",
    "source": "synthetic_agent",
    "symbol": "BTCUSDT",
    "exchange": "binance_usdm",
    "timestamp": "2024-05-01T00:00:00Z",
    "sequence": 0,
    "scenario_id": "scenario-496-quote_stuffing",
    "agent_id": "agent-quote_stuffing",
    "order_id": "scenario-496-quote_stuffing-agent-quote_stuffing-0",
    "action": "new",
    "side": "buy",
    "price": 65489.4504,
    "quantity": 0.001,
    "remaining_quantity": 0.001
  },
  {
    "event_id": "a054e76644f3c5d639c20b7bacad8e769fc1b02b7bf8b6ceab081d07b526b3c2",
    "schema_version": "1.0.0",
    "event_type": "agent_order",
    "source": "synthetic_agent",
    "symbol": "BTCUSDT",
    "exchange": "binance_usdm",
    "timestamp": "2024-05-01T00:00:00.005000Z",
    "sequence": 1,
    "scenario_id": "scenario-496-quote_stuffing",
    "agent_id": "agent-quote_stuffing",
    "order_id": "scenario-496-quote_stuffing-agent-quote_stuffing-1",
    "action": "new",
    "side": "sell",
    "price": 65502.5496,
    "quantity": 0.001,
    "remaining_quantity": 0.001
  },
  {
    "event_id": "ca81692911e1a4dd6c2aff01cfc4764a96612d5146f89b194b967bf056692231",
    "schema_version": "1.0.0",
    "event_type": "agent_order",
    "source": "synthetic_agent",
    "symbol": "BTCUSDT",
    "exchange": "binance_usdm",
    "timestamp": "2024-05-01T00:00:00.010000Z",
    "sequence": 2,
    "scenario_id": "scenario-496-quote_stuffing",
    "agent_id": "agent-quote_stuffing",
    "order_id": "scenario-496-quote_stuffing-agent-quote_stuffing-2",
    "action": "new",
    "side": "buy",
    "price": 65489.4504,
    "quantity": 0.001,
    "remaining_quantity": 0.001
  },
  {
    "event_id": "e2e6dcf503826df1af4ea577867c21e67522807f3867ea3cc3841439b98e9453",
    "schema_version": "1.0.0",
    "event_type": "agent_order",
    "source": "synthetic_agent",
    "symbol": "BTCUSDT",
    "exchange": "binance_usdm",
    "timestamp": "2024-05-01T00:00:00.015000Z",
    "sequence": 3,
    "scenario_id": "scenario-496-quote_stuffing",
    "agent_id": "agent-quote_stuffing",
    "order_id": "scenario-496-quote_stuffing-agent-quote_stuffing-3",
    "action": "new",
    "side": "sell",
    "price": 65502.5496,
    "quantity": 0.001,
    "remaining_quantity": 0.001
  },
  {
    "event_id": "7842bceaaaef111c14d14384cdc11f0a8e5dd33d0638c7cda9bfe4b25526bb74",
    "schema_version": "1.0.0",
    "event_type": "agent_order",
    "source": "synthetic_agent",
    "symbol": "BTCUSDT",
    "exchange": "binance_usdm",
    "timestamp": "2024-05-01T00:00:00.020000Z",
    "sequence": 4,
    "scenario_id": "scenario-496-quote_stuffing",
    "agent_id": "agent-quote_stuffing",
    "order_id": "scenario-496-quote_stuffing-agent-quote_stuffing-4",
    "action": "new",
    "side": "buy",
    "price": 65489.4504,
    "quantity": 0.001,
    "remaining_quantity": 0.001
  },
  {
    "event_id": "606ea35079deb37d730ac187f15a087b415f3593fc1599cc9842b4323415275c",
    "schema_version": "1.0.0",
    "event_type": "agent_order",
    "source": "synthetic_agent",
    "symbol": "BTCUSDT",
    "exchange": "binance_usdm",
    "timestamp": "2024-05-01T00:00:00.025000Z",
    "sequence": 5,
    "scenario_id": "scenario-496-quote_stuffing",
    "agent_id": "agent-quote_stuffing",
    "order_id": "scenario-496-quote_stuffing-agent-quote_stuffing-5",
    "action": "new",
    "side": "sell",
    "price": 65502.5496,
    "quantity": 0.001,
    "remaining_quantity": 0.001
  },
  {
    "event_id": "6f6c87630ed7cae8b44d9a745c438f3be9a44da6d75dd77b05e1111ae7a81e0c",
    "schema_version": "1.0.0",
    "event_type": "agent_order",
    "source": "synthetic_agent",
    "symbol": "BTCUSDT",
    "exchange": "binance_usdm",
    "timestamp": "2024-05-01T00:00:00.030000Z",
    "sequence": 6,
    "scenario_id": "scenario-496-quote_stuffing",
    "agent_id": "agent-quote_stuffing",
    "order_id": "scenario-496-quote_stuffing-agent-quote_stuffing-6",
    "action": "new",
    "side": "buy",
    "price": 65489.4504,
    "quantity": 0.001,
    "remaining_quantity": 0.001
  },
  {
    "event_id": "f7e3077d69d5a3afba826b540cf18e1ab29bef743f120f4b9abe1eada891753b",
    "schema_version": "1.0.0",
    "event_type": "agent_order",
    "source": "synthetic_agent",
    "symbol": "BTCUSDT",
    "exchange": "binance_usdm",
    "timestamp": "2024-05-01T00:00:00.035000Z",
    "sequence": 7,
    "scenario_id": "scenario-496-quote_stuffing",
    "agent_id": "agent-quote_stuffing",
    "order_id": "scenario-496-quote_stuffing-agent-quote_stuffing-7",
    "action": "new",
    "side": "sell",
    "price": 65502.5496,
    "quantity": 0.001,
    "remaining_quantity": 0.001
  },
  {
    "event_id": "b7899319df700c3209708aa22fa6ab80a33969c358359ff77a4b40305c0aacae",
    "schema_version": "1.0.0",
    "event_type": "agent_order",
    "source": "synthetic_agent",
    "symbol": "BTCUSDT",
    "exchange": "binance_usdm",
    "timestamp": "2024-05-01T00:00:00.040000Z",
    "sequence": 8,
    "scenario_id": "scenario-496-quote_stuffing",
    "agent_id": "agent-quote_stuffing",
    "order_id": "scenario-496-quote_stuffing-agent-quote_stuffing-8",
    "action": "new",
    "side": "buy",
    "price": 65489.4504,
    "quantity": 0.001,
    "remaining_quantity": 0.001
  },
  {
    "event_id": "faab326f4ffd09e9981e6e5c6c8d0b99e722e083d98a8cac19b0042f302ce21f",
    "schema_version": "1.0.0",
    "event_type": "agent_order",
    "source": "synthetic_agent",
    "symbol": "BTCUSDT",
    "exchange": "binance_usdm",
    "timestamp": "2024-05-01T00:00:00.045000Z",
    "sequence": 9,
    "scenario_id": "scenario-496-quote_stuffing",
    "agent_id": "agent-quote_stuffing",
    "order_id": "scenario-496-quote_stuffing-agent-quote_stuffing-9",
    "action": "new",
    "side": "sell",
    "price": 65502.5496,
    "quantity": 0.001,
    "remaining_quantity": 0.001
  },
  {
    "event_id": "2c0c264d81e1e4b817258b1c6e36593beb500fbe06c60c41d552c3761445c472",
    "schema_version": "1.0.0",
    "event_type": "agent_order",
    "source": "synthetic_agent",
    "symbol": "BTCUSDT",
    "exchange": "binance_usdm",
    "timestamp": "2024-05-01T00:00:00.050000Z",
    "sequence": 10,
    "scenario_id": "scenario-496-quote_stuffing",
    "agent_id": "agent-quote_stuffing",
    "order_id": "scenario-496-quote_stuffing-agent-quote_stuffing-10",
    "action": "new",
    "side": "buy",
    "price": 65489.4504,
    "quantity": 0.001,
    "remaining_quantity": 0.001
  },
  {
    "event_id": "37d1c98d1c7889eb650b98845b2ec833341ba5196d0ca69b6ca8e5c226ad078c",
    "schema_version": "1.0.0",
    "event_type": "agent_order",
    "source": "synthetic_agent",
    "symbol": "BTCUSDT",
    "exchange": "binance_usdm",
    "timestamp": "2024-05-01T00:00:00.055000Z",
    "sequence": 11,
    "scenario_id": "scenario-496-quote_stuffing",
    "agent_id": "agent-quote_stuffing",
    "order_id": "scenario-496-quote_stuffing-agent-quote_stuffing-11",
    "action": "new",
    "side": "sell",
    "price": 65502.5496,
    "quantity": 0.001,
    "remaining_quantity": 0.001
  },
  {
    "event_id": "67435c9bc2f9cf9f03cc376cfd288ca67c994fdda19422a1d96578dbd24ceed8",
    "schema_version": "1.0.0",
    "event_type": "agent_order",
    "source": "synthetic_agent",
    "symbol": "BTCUSDT",
    "exchange": "binance_usdm",
    "timestamp": "2024-05-01T00:00:00.060000Z",
    "sequence": 12,
    "scenario_id": "scenario-496-quote_stuffing",
    "agent_id": "agent-quote_stuffing",
    "order_id": "scenario-496-quote_stuffing-agent-quote_stuffing-12",
    "action": "new",
    "side": "buy",
    "price": 65489.4504,
    "quantity": 0.001,
    "remaining_quantity": 0.001
  },
  {
    "event_id": "c9625d1d5fb0fe93279ddcff649827ac727300a1be9320d33ab41a394c7c96ba",
    "schema_version": "1.0.0",
    "event_type": "agent_order",
    "source": "synthetic_agent",
    "symbol": "BTCUSDT",
    "exchange": "binance_usdm",
    "timestamp": "2024-05-01T00:00:00.065000Z",
    "sequence": 13,
    "scenario_id": "scenario-496-quote_stuffing",
    "agent_id": "agent-quote_stuffing",
    "order_id": "scenario-496-quote_stuffing-agent-quote_stuffing-13",
    "action": "new",
    "side": "sell",
    "price": 65502.5496,
    "quantity": 0.001,
    "remaining_quantity": 0.001
  },
  {
    "event_id": "d24569108461b4e379b27dac2c053dad3b509734312122aeb47779cb601759ce",
    "schema_version": "1.0.0",
    "event_type": "agent_order",
    "source": "synthetic_agent",
    "symbol": "BTCUSDT",
    "exchange": "binance_usdm",
    "timestamp": "2024-05-01T00:00:00.070000Z",
    "sequence": 14,
    "scenario_id": "scenario-496-quote_stuffing",
    "agent_id": "agent-quote_stuffing",
    "order_id": "scenario-496-quote_stuffing-agent-quote_stuffing-14",
    "action": "new",
    "side": "buy",
    "price": 65489.4504,
    "quantity": 0.001,
    "remaining_quantity": 0.001
  },
  {
    "event_id": "96d2c2f269bd1e5a2e53527a780b764f29f1205994aaa167e2fcc15a731a001b",
    "schema_version": "1.0.0",
    "event_type": "agent_order",
    "source": "synthetic_agent",
    "symbol": "BTCUSDT",
    "exchange": "binance_usdm",
    "timestamp": "2024-05-01T00:00:00.075000Z",
    "sequence": 15,
    "scenario_id": "scenario-496-quote_stuffing",
    "agent_id": "agent-quote_stuffing",
    "order_id": "scenario-496-quote_stuffing-agent-quote_stuffing-15",
    "action": "new",
    "side": "sell",
    "price": 65502.5496,
    "quantity": 0.001,
    "remaining_quantity": 0.001
  },
  {
    "event_id": "ebe5cee0d7c1c052c328fcbbb061c8e89615e3c01ab381b68f79cec1fa9d22dd",
    "schema_version": "1.0.0",
    "event_type": "agent_order",
    "source": "synthetic_agent",
    "symbol": "BTCUSDT",
    "exchange": "binance_usdm",
    "timestamp": "2024-05-01T00:00:00.080000Z",
    "sequence": 16,
    "scenario_id": "scenario-496-quote_stuffing",
    "agent_id": "agent-quote_stuffing",
    "order_id": "scenario-496-quote_stuffing-agent-quote_stuffing-16",
    "action": "new",
    "side": "buy",
    "price": 65489.4504,
    "quantity": 0.001,
    "remaining_quantity": 0.001
  },
  {
    "event_id": "35f9633a83bb8b780a564b739b4e4e4c29eedaf1ec011e9bfddb45ce15ce14af",
    "schema_version": "1.0.0",
    "event_type": "agent_order",
    "source": "synthetic_agent",
    "symbol": "BTCUSDT",
    "exchange": "binance_usdm",
    "timestamp": "2024-05-01T00:00:00.085000Z",
    "sequence": 17,
    "scenario_id": "scenario-496-quote_stuffing",
    "agent_id": "agent-quote_stuffing",
    "order_id": "scenario-496-quote_stuffing-agent-quote_stuffing-17",
    "action": "new",
    "side": "sell",
    "price": 65502.5496,
    "quantity": 0.001,
    "remaining_quantity": 0.001
  },
  {
    "event_id": "4de8982aad4344e1d62b153cfa36cb96422cf75a6dd7171d6ad8971e1403043e",
    "schema_version": "1.0.0",
    "event_type": "agent_order",
    "source": "synthetic_agent",
    "symbol": "BTCUSDT",
    "exchange": "binance_usdm",
    "timestamp": "2024-05-01T00:00:00.090000Z",
    "sequence": 18,
    "scenario_id": "scenario-496-quote_stuffing",
    "agent_id": "agent-quote_stuffing",
    "order_id": "scenario-496-quote_stuffing-agent-quote_stuffing-18",
    "action": "new",
    "side": "buy",
    "price": 65489.4504,
    "quantity": 0.001,
    "remaining_quantity": 0.001
  },
  {
    "event_id": "6837d3bf90a9a40df52887cf2a10d33084d33d67f7e3be0bd926a12564d87606",
    "schema_version": "1.0.0",
    "event_type": "agent_order",
    "source": "synthetic_agent",
    "symbol": "BTCUSDT",
    "exchange": "binance_usdm",
    "timestamp": "2024-05-01T00:00:00.095000Z",
    "sequence": 19,
    "scenario_id": "scenario-496-quote_stuffing",
    "agent_id": "agent-quote_stuffing",
    "order_id": "scenario-496-quote_stuffing-agent-quote_stuffing-19",
    "action": "new",
    "side": "sell",
    "price": 65502.5496,
    "quantity": 0.001,
    "remaining_quantity": 0.001
  },
  {
    "event_id": "8c164d088f6ae5eb6451c2fefde71982abb58b7723a4a28452dac70512b026dc",
    "schema_version": "1.0.0",
    "event_type": "agent_order",
    "source": "synthetic_agent",
    "symbol": "BTCUSDT",
    "exchange": "binance_usdm",
    "timestamp": "2024-05-01T00:00:00.100000Z",
    "sequence": 20,
    "scenario_id": "scenario-496-quote_stuffing",
    "agent_id": "agent-quote_stuffing",
    "order_id": "scenario-496-quote_stuffing-agent-quote_stuffing-20",
    "action": "new",
    "side": "buy",
    "price": 65489.4504,
    "quantity": 0.001,
    "remaining_quantity": 0.001
  },
  {
    "event_id": "186fcf9d9b4cde352c3d090cd6a3fa3b932e43d25e8cb690512899832e0db8aa",
    "schema_version": "1.0.0",
    "event_type": "agent_order",
    "source": "synthetic_agent",
    "symbol": "BTCUSDT",
    "exchange": "binance_usdm",
    "timestamp": "2024-05-01T00:00:00.105000Z",
    "sequence": 21,
    "scenario_id": "scenario-496-quote_stuffing",
    "agent_id": "agent-quote_stuffing",
    "order_id": "scenario-496-quote_stuffing-agent-quote_stuffing-21",
    "action": "new",
    "side": "sell",
    "price": 65502.5496,
    "quantity": 0.001,
    "remaining_quantity": 0.001
  },
  {
    "event_id": "55b8e861387bb7d88a3cbf4cd5cef76a2c5444bc8b04fae326e3d3ff1fdca79c",
    "schema_version": "1.0.0",
    "event_type": "agent_order",
    "source": "synthetic_agent",
    "symbol": "BTCUSDT",
    "exchange": "binance_usdm",
    "timestamp": "2024-05-01T00:00:00.110000Z",
    "sequence": 22,
    "scenario_id": "scenario-496-quote_stuffing",
    "agent_id": "agent-quote_stuffing",
    "order_id": "scenario-496-quote_stuffing-agent-quote_stuffing-22",
    "action": "new",
    "side": "buy",
    "price": 65489.4504,
    "quantity": 0.001,
    "remaining_quantity": 0.001
  },
  {
    "event_id": "280a46892d2771e3c55c247a37bba2716083d0b6208141430dc03ac09696609b",
    "schema_version": "1.0.0",
    "event_type": "agent_order",
    "source": "synthetic_agent",
    "symbol": "BTCUSDT",
    "exchange": "binance_usdm",
    "timestamp": "2024-05-01T00:00:00.115000Z",
    "sequence": 23,
    "scenario_id": "scenario-496-quote_stuffing",
    "agent_id": "agent-quote_stuffing",
    "order_id": "scenario-496-quote_stuffing-agent-quote_stuffing-23",
    "action": "new",
    "side": "sell",
    "price": 65502.5496,
    "quantity": 0.001,
    "remaining_quantity": 0.001
  },
  {
    "event_id": "7a4fcc395467a96bf318e1628d92bd232f354e134409ac48c630f59de5eb568d",
    "schema_version": "1.0.0",
    "event_type": "agent_order",
    "source": "synthetic_agent",
    "symbol": "BTCUSDT",
    "exchange": "binance_usdm",
    "timestamp": "2024-05-01T00:00:00.120000Z",
    "sequence": 24,
    "scenario_id": "scenario-496-quote_stuffing",
    "agent_id": "agent-quote_stuffing",
    "order_id": "scenario-496-quote_stuffing-agent-quote_stuffing-24",
    "action": "new",
    "side": "buy",
    "price": 65489.4504,
    "quantity": 0.001,
    "remaining_quantity": 0.001
  },
  {
    "event_id": "5875b2779199c980f30dad6aab8a4b2d784886babc214a034d3922b9a313a509",
    "schema_version": "1.0.0",
    "event_type": "agent_order",
    "source": "synthetic_agent",
    "symbol": "BTCUSDT",
    "exchange": "binance_usdm",
    "timestamp": "2024-05-01T00:00:00.125000Z",
    "sequence": 25,
    "scenario_id": "scenario-496-quote_stuffing",
    "agent_id": "agent-quote_stuffing",
    "order_id": "scenario-496-quote_stuffing-agent-quote_stuffing-25",
    "action": "new",
    "side": "sell",
    "price": 65502.5496,
    "quantity": 0.001,
    "remaining_quantity": 0.001
  },
  {
    "event_id": "652238a2181b0b221d3239fb268827ec4991c7d9adfe46da1357eb41460e53f2",
    "schema_version": "1.0.0",
    "event_type": "agent_order",
    "source": "synthetic_agent",
    "symbol": "BTCUSDT",
    "exchange": "binance_usdm",
    "timestamp": "2024-05-01T00:00:00.130000Z",
    "sequence": 26,
    "scenario_id": "scenario-496-quote_stuffing",
    "agent_id": "agent-quote_stuffing",
    "order_id": "scenario-496-quote_stuffing-agent-quote_stuffing-26",
    "action": "new",
    "side": "buy",
    "price": 65489.4504,
    "quantity": 0.001,
    "remaining_quantity": 0.001
  },
  {
    "event_id": "de50e005ceff20c864c5196ff99a4f91d24def7563a71b1d6dc879cafc96ffe1",
    "schema_version": "1.0.0",
    "event_type": "agent_order",
    "source": "synthetic_agent",
    "symbol": "BTCUSDT",
    "exchange": "binance_usdm",
    "timestamp": "2024-05-01T00:00:00.135000Z",
    "sequence": 27,
    "scenario_id": "scenario-496-quote_stuffing",
    "agent_id": "agent-quote_stuffing",
    "order_id": "scenario-496-quote_stuffing-agent-quote_stuffing-27",
    "action": "new",
    "side": "sell",
    "price": 65502.5496,
    "quantity": 0.001,
    "remaining_quantity": 0.001
  },
  {
    "event_id": "ffa389c8ae74c32bceb07a53acfcc8a72e7766d353d69e4c80e5833952b3f560",
    "schema_version": "1.0.0",
    "event_type": "agent_order",
    "source": "synthetic_agent",
    "symbol": "BTCUSDT",
    "exchange": "binance_usdm",
    "timestamp": "2024-05-01T00:00:00.140000Z",
    "sequence": 28,
    "scenario_id": "scenario-496-quote_stuffing",
    "agent_id": "agent-quote_stuffing",
    "order_id": "scenario-496-quote_stuffing-agent-quote_stuffing-28",
    "action": "new",
    "side": "buy",
    "price": 65489.4504,
    "quantity": 0.001,
    "remaining_quantity": 0.001
  },
  {
    "event_id": "30136caedade00ea7d68fecb9f11f424c13bcb39623516029c74d1acdb396403",
    "schema_version": "1.0.0",
    "event_type": "agent_order",
    "source": "synthetic_agent",
    "symbol": "BTCUSDT",
    "exchange": "binance_usdm",
    "timestamp": "2024-05-01T00:00:00.145000Z",
    "sequence": 29,
    "scenario_id": "scenario-496-quote_stuffing",
    "agent_id": "agent-quote_stuffing",
    "order_id": "scenario-496-quote_stuffing-agent-quote_stuffing-29",
    "action": "new",
    "side": "sell",
    "price": 65502.5496,
    "quantity": 0.001,
    "remaining_quantity": 0.001
  }
]