[
  {
    "event_id": "d19094497d52b660a840c3d126a41b475a0d741529e7b11e0697892431468ce8",
    "schema_version": "1.0.0",
    "event_type": "agent_order",
    "source": "synthetic_agent",
    "symbol": "BTCUSDT",
    "exchange": "binance_usdm",
    "timestamp": "2024-05-01T00:00:00Z",
    "sequence": 0,
    "scenario_id": "scenario-336-passive_market_maker",
    "agent_id": "agent-passive_market_maker",
    "order_id": "scenario-336-passive_market_maker-agent-passive_market_maker-0",
    "action": "new",
    "side": "buy",
    "price": 65270.664,
    "quantity": 0.01,
    "remaining_quantity": 0.01
  },
  {
    "event_id": "700d8bb2783ea4ca89678473cc1775559dade82a2673d91d11085be3147d5a18",
    "schema_version": "1.0.0",
    "event_type": "agent_order",
    "source": "synthetic_agent",
    "symbol": "BTCUSDT",
    "exchange": "binance_usdm",
    "timestamp": "2024-05-01T00:00:00.100000Z",
    "sequence": 1,
    "scenario_id": "scenario-336-passive_market_maker",
    "agent_id": "agent-passive_market_maker",
    "order_id": "scenario-336-passive_market_maker-agent-passive_market_maker-1",
    "action": "new",
    "side": "sell",
    "price": 65401.335999999996,
    "quantity": 0.01,
    "remaining_quantity": 0.01
  },
  {
    "event_id": "23cdf9605a9296b385e9737b4b2fff1d73b12c1c376a0017d952e8b92b86313a",
    "schema_version": "1.0.0",
    "event_type": "agent_order",
    "source": "synthetic_agent",
    "symbol": "BTCUSDT",
    "exchange": "binance_usdm",
    "timestamp": "2024-05-01T00:00:00.200000Z",
    "sequence": 2,
    "scenario_id": "scenario-336-passive_market_maker",
    "agent_id": "agent-passive_market_maker",
    "order_id": "scenario-336-passive_market_maker-agent-passive_market_maker-2",
    "action": "new",
    "side": "buy",
    "price": 65270.664,
    "quantity": 0.01,
    "remaining_quantity": 0.01
  },
  {
    "event_id": "3674e0da0abd4a6ee9b119429e68e5452ec01c45e0e3c758dbec82223fffb223",
    "schema_version": "1.0.0",
    "event_type": "agent_order",
    "source": "synthetic_agent",
    "symbol": "BTCUSDT",
    "exchange": "binance_usdm",
    "timestamp": "2024-05-01T00:00:00.300000Z",
    "sequence": 3,
    "scenario_id": "scenario-336-passive_market_maker",
    "agent_id": "agent-passive_market_maker",
    "order_id": "scenario-336-passive_market_maker-agent-passive_market_maker-3",
    "action": "new",
    "side": "sell",
    "price": 65401.335999999996,
    "quantity": 0.01,
    "remaining_quantity": 0.01
  },
  {
    "event_id": "e8cde86df480bce18f1e0121599b2352b271410b3fbe1275865678e7ff8e2d3c",
    "schema_version": "1.0.0",
    "event_type": "agent_order",
    "source": "synthetic_agent",
    "symbol": "BTCUSDT",
    "exchange": "binance_usdm",
    "timestamp": "2024-05-01T00:00:00.400000Z",
    "sequence": 4,
    "scenario_id": "scenario-336-passive_market_maker",
    "agent_id": "agent-passive_market_maker",
    "order_id": "scenario-336-passive_market_maker-agent-passive_market_maker-4",
    "action": "new",
    "side": "buy",
    "price": 65270.664,
    "quantity": 0.01,
    "remaining_quantity": 0.01
  },
  {
    "event_id": "ab08e4bae318c2c1b49d63bee4f3f4e5db1bda5cb990eed549d31757301447f0",
    "schema_version": "1.0.0",
    "event_type": "agent_order",
    "source": "synthetic_agent",
    "symbol": "BTCUSDT",
    "exchange": "binance_usdm",
    "timestamp": "2024-05-01T00:00:00.500000Z",
    "sequence": 5,
    "scenario_id": "scenario-336-passive_market_maker",
    "agent_id": "agent-passive_market_maker",
    "order_id": "scenario-336-passive_market_maker-agent-passive_market_maker-5",
    "action": "new",
    "side": "sell",
    "price": 65401.335999999996,
    "quantity": 0.01,
    "remaining_quantity": 0.01
  },
  {
    "event_id": "afb23da43cd02faa65735a64a42516f7f1965a301f50b53ab52850d0039eafe4",
    "schema_version": "1.0.0",
    "event_type": "agent_order",
    "source": "synthetic_agent",
    "symbol": "BTCUSDT",
    "exchange": "binance_usdm",
    "timestamp": "2024-05-01T00:00:00.600000Z",
    "sequence": 6,
    "scenario_id": "scenario-336-passive_market_maker",
    "agent_id": "agent-passive_market_maker",
    "order_id": "scenario-336-passive_market_maker-agent-passive_market_maker-6",
    "action": "new",
    "side": "buy",
    "price": 65270.664,
    "quantity": 0.01,
    "remaining_quantity": 0.01
  },
  {
    "event_id": "ed6deef09dc3e8ec9c8a779ae278a6c99448db226c360f86b27daefb23fa74b5",
    "schema_version": "1.0.0",
    "event_type": "agent_order",
    "source": "synthetic_agent",
    "symbol": "BTCUSDT",
    "exchange": "binance_usdm",
    "timestamp": "2024-05-01T00:00:00.700000Z",
    "sequence": 7,
    "scenario_id": "scenario-336-passive_market_maker",
    "agent_id": "agent-passive_market_maker",
    "order_id": "scenario-336-passive_market_maker-agent-passive_market_maker-7",
    "action": "new",
    "side": "sell",
    "price": 65401.335999999996,
    "quantity": 0.01,
    "remaining_quantity": 0.01
  },
  {
    "event_id": "50ea19cf6277b69b4feac546b0b6925a52840b2726684ee3e2a78734a3f6050f",
    "schema_version": "1.0.0",
    "event_type": "agent_order",
    "source": "synthetic_agent",
    "symbol": "BTCUSDT",
    "exchange": "binance_usdm",
    "timestamp": "2024-05-01T00:00:00.800000Z",
    "sequence": 8,
    "scenario_id": "scenario-336-passive_market_maker",
    "agent_id": "agent-passive_market_maker",
    "order_id": "scenario-336-passive_market_maker-agent-passive_market_maker-8",
    "action": "new",
    "side": "buy",
    "price": 65270.664,
    "quantity": 0.01,
    "remaining_quantity": 0.01
  },
  {
    "event_id": "895ba813bbb1e0f99bad368cad33c97f26aa462f47820363da181e59751c1866",
    "schema_version": "1.0.0",
    "event_type": "agent_order",
    "source": "synthetic_agent",
    "symbol": "BTCUSDT",
    "exchange": "binance_usdm",
    "timestamp": "2024-05-01T00:00:00.900000Z",
    "sequence": 9,
    "scenario_id": "scenario-336-passive_market_maker",
    "agent_id": "agent-passive_market_maker",
    "order_id": "scenario-336-passive_market_maker-agent-passive_market_maker-9",
    "action": "new",
    "side": "sell",
    "price": 65401.335999999996,
    "quantity": 0.01,
    "remaining_quantity": 0.01
  },
  {
    "event_id": "4b61b4e9966d25cd52af03379070e9191fdfb92eabb1735aad5f34710d7cd001",
    "schema_version": "1.0.0",
    "event_type": "agent_order",
    "source": "synthetic_agent",
    "symbol": "BTCUSDT",
    "exchange": "binance_usdm",
    "timestamp": "2024-05-01T00:00:01Z",
    "sequence": 10,
    "scenario_id": "scenario-336-passive_market_maker",
    "agent_id": "agent-passive_market_maker",
    "order_id": "scenario-336-passive_market_maker-agent-passive_market_maker-10",
    "action": "new",
    "side": "buy",
    "price": 65270.664,
    "quantity": 0.01,
    "remaining_quantity": 0.01
  },
  {
    "event_id": "e029f74cd79e3bd787d3ac6790582d28e6e206b3e15dd1ff4805077b1da52803",
    "schema_version": "1.0.0",
    "event_type": "agent_order",
    "source": "synthetic_agent",
    "symbol": "BTCUSDT",
    "exchange": "binance_usdm",
    "timestamp": "2024-05-01T00:00:01.100000Z",
    "sequence": 11,
    "scenario_id": "scenario-336-passive_market_maker",
    "agent_id": "agent-passive_market_maker",
    "order_id": "scenario-336-passive_market_maker-agent-passive_market_maker-11",
    "action": "new",
    "side": "sell",
    "price": 65401.335999999996,
    "quantity": 0.01,
    "remaining_quantity": 0.01
  },
  {
    "event_id": "da155bfd07b9a92dbf6e0a8869d3a7ae3af6c90e9b670ce22b3f075d71785f7a",
    "schema_version": "1.0.0",
    "event_type": "agent_order",
    "source": "synthetic_agent",
    "symbol": "BTCUSDT",
    "exchange": "binance_usdm",
    "timestamp": "2024-05-01T00:00:01.200000Z",
    "sequence": 12,
    "scenario_id": "scenario-336-passive_market_maker",
    "agent_id": "agent-passive_market_maker",
    "order_id": "scenario-336-passive_market_maker-agent-passive_market_maker-12",
    "action": "new",
    "side": "buy",
    "price": 65270.664,
    "quantity": 0.01,
    "remaining_quantity": 0.01
  },
  {
    "event_id": "a98cce6cb4de0cbc50d1ae43a95a876d5fce4644441444c6516775008330b324",
    "schema_version": "1.0.0",
    "event_type": "agent_order",
    "source": "synthetic_agent",
    "symbol": "BTCUSDT",
    "exchange": "binance_usdm",
    "timestamp": "2024-05-01T00:00:01.300000Z",
    "sequence": 13,
    "scenario_id": "scenario-336-passive_market_maker",
    "agent_id": "agent-passive_market_maker",
    "order_id": "scenario-336-passive_market_maker-agent-passive_market_maker-13",
    "action": "new",
    "side": "sell",
    "price": 65401.335999999996,
    "quantity": 0.01,
    "remaining_quantity": 0.01
  },
  {
    "event_id": "b56eed550039eca08e67498abee21efb1e315ef0dc922a867000e1153b452625",
    "schema_version": "1.0.0",
    "event_type": "agent_order",
    "source": "synthetic_agent",
    "symbol": "BTCUSDT",
    "exchange": "binance_usdm",
    "timestamp": "2024-05-01T00:00:01.400000Z",
    "sequence": 14,
    "scenario_id": "scenario-336-passive_market_maker",
    "agent_id": "agent-passive_market_maker",
    "order_id": "scenario-336-passive_market_maker-agent-passive_market_maker-14",
    "action": "new",
    "side": "buy",
    "price": 65270.664,
    "quantity": 0.01,
    "remaining_quantity": 0.01
  },
  {
    "event_id": "bb8f7e7b0c10e1295109f14402526ab023ff6fca2405fa310745a2715911b4e5",
    "schema_version": "1.0.0",
    "event_type": "agent_order",
    "source": "synthetic_agent",
    "symbol": "BTCUSDT",
    "exchange": "binance_usdm",
    "timestamp": "2024-05-01T00:00:01.500000Z",
    "sequence": 15,
    "scenario_id": "scenario-336-passive_market_maker",
    "agent_id": "agent-passive_market_maker",
    "order_id": "scenario-336-passive_market_maker-agent-passive_market_maker-15",
    "action": "new",
    "side": "sell",
    "price": 65401.335999999996,
    "quantity": 0.01,
    "remaining_quantity": 0.01
  },
  {
    "event_id": "eb41f870c52195ed8b75246d7fb77b6b1a4a034190921c25414f051d1b3d382e",
    "schema_version": "1.0.0",
    "event_type": "agent_order",
    "source": "synthetic_agent",
    "symbol": "BTCUSDT",
    "exchange": "binance_usdm",
    "timestamp": "2024-05-01T00:00:01.600000Z",
    "sequence": 16,
    "scenario_id": "scenario-336-passive_market_maker",
    "agent_id": "agent-passive_market_maker",
    "order_id": "scenario-336-passive_market_maker-agent-passive_market_maker-16",
    "action": "new",
    "side": "buy",
    "price": 65270.664,
    "quantity": 0.01,
    "remaining_quantity": 0.01
  },
  {
    "event_id": "e5ea6b23725500093782fc1c5996f3ae2fe0336cc357ced2f35f23d4bd6fe72b",
    "schema_version": "1.0.0",
    "event_type": "agent_order",
    "source": "synthetic_agent",
    "symbol": "BTCUSDT",
    "exchange": "binance_usdm",
    "timestamp": "2024-05-01T00:00:01.700000Z",
    "sequence": 17,
    "scenario_id": "scenario-336-passive_market_maker",
    "agent_id": "agent-passive_market_maker",
    "order_id": "scenario-336-passive_market_maker-agent-passive_market_maker-17",
    "action": "new",
    "side": "sell",
    "price": 65401.335999999996,
    "quantity": 0.01,
    "remaining_quantity": 0.01
  },
  {
    "event_id": "df539e4e05d303a053330603660d81783eb88a163f71aa8fd0d59c19e2cd3f10",
    "schema_version": "1.0.0",
    "event_type": "agent_order",
    "source": "synthetic_agent",
    "symbol": "BTCUSDT",
    "exchange": "binance_usdm",
    "timestamp": "2024-05-01T00:00:01.800000Z",
    "sequence": 18,
    "scenario_id": "scenario-336-passive_market_maker",
    "agent_id": "agent-passive_market_maker",
    "order_id": "scenario-336-passive_market_maker-agent-passive_market_maker-18",
    "action": "new",
    "side": "buy",
    "price": 65270.664,
    "quantity": 0.01,
    "remaining_quantity": 0.01
  },
  {
    "event_id": "8de003f7992bbef2b6fcf60b105b7095bec931ffa3fd6e0213b2c144c414eb8e",
    "schema_version": "1.0.0",
    "event_type": "agent_order",
    "source": "synthetic_agent",
    "symbol": "BTCUSDT",
    "exchange": "binance_usdm",
    "timestamp": "2024-05-01T00:00:01.900000Z",
    "sequence": 19,
    "scenario_id": "scenario-336-passive_market_maker",
    "agent_id": "agent-passive_market_maker",
    "order_id": "scenario-336-passive_market_maker-agent-passive_market_maker-19",
    "action": "new",
    "side": "sell",
    "price": 65401.335999999996,
    "quantity": 0.01,
    "remaining_quantity": 0.01
  },
  {
    "event_id": "352e6f79984473de0a242044e144d52b3d777432517a5638fc55a849abd8b6d9",
    "schema_version": "1.0.0",
    "event_type": "agent_order",
    "source": "synthetic_agent",
    "symbol": "BTCUSDT",
    "exchange": "binance_usdm",
    "timestamp": "2024-05-01T00:00:02Z",
    "sequence": 20,
    "scenario_id": "scenario-336-passive_market_maker",
    "agent_id": "agent-passive_market_maker",
    "order_id": "scenario-336-passive_market_maker-agent-passive_market_maker-20",
    "action": "new",
    "side": "buy",
    "price": 65270.664,
    "quantity": 0.01,
    "remaining_quantity": 0.01
  },
  {
    "event_id": "4d28605b96ca94c3d671fa86481df502fa1c750125947e502eb85181b3a63106",
    "schema_version": "1.0.0",
    "event_type": "agent_order",
    "source": "synthetic_agent",
    "symbol": "BTCUSDT",
    "exchange": "binance_usdm",
    "timestamp": "2024-05-01T00:00:02.100000Z",
    "sequence": 21,
    "scenario_id": "scenario-336-passive_market_maker",
    "agent_id": "agent-passive_market_maker",
    "order_id": "scenario-336-passive_market_maker-agent-passive_market_maker-21",
    "action": "new",
    "side": "sell",
    "price": 65401.335999999996,
    "quantity": 0.01,
    "remaining_quantity": 0.01
  },
  {
    "event_id": "309d5085aaf52e1621122b8de38011f12cc96af62c6240052538a4568f3eb855",
    "schema_version": "1.0.0",
    "event_type": "agent_order",
    "source": "synthetic_agent",
    "symbol": "BTCUSDT",
    "exchange": "binance_usdm",
    "timestamp": "2024-05-01T00:00:02.200000Z",
    "sequence": 22,
    "scenario_id": "scenario-336-passive_market_maker",
    "agent_id": "agent-passive_market_maker",
    "order_id": "scenario-336-passive_market_maker-agent-passive_market_maker-22",
    "action": "new",
    "side": "buy",
    "price": 65270.664,
    "quantity": 0.01,
    "remaining_quantity": 0.01
  },
  {
    "event_id": "59ffd3daa64ce4fafb6b023f583c79af522f97189ea040fe0e17576162f97240",
    "schema_version": "1.0.0",
    "event_type": "agent_order",
    "source": "synthetic_agent",
    "symbol": "BTCUSDT",
    "exchange": "binance_usdm",
    "timestamp": "2024-05-01T00:00:02.300000Z",
    "sequence": 23,
    "scenario_id": "scenario-336-passive_market_maker",
    "agent_id": "agent-passive_market_maker",
    "order_id": "scenario-336-passive_market_maker-agent-passive_market_maker-23",
    "action": "new",
    "side": "sell",
    "price": 65401.335999999996,
    "quantity": 0.01,
    "remaining_quantity": 0.01
  },
  {
    "event_id": "4815e311ef7a21ee0e58cdf3101a77de7540fc1ebcdb87f61cd34a84754a9fff",
    "schema_version": "1.0.0",
    "event_type": "agent_order",
    "source": "synthetic_agent",
    "symbol": "BTCUSDT",
    "exchange": "binance_usdm",
    "timestamp": "2024-05-01T00:00:02.400000Z",
    "sequence": 24,
    "scenario_id": "scenario-336-passive_market_maker",
    "agent_id": "agent-passive_market_maker",
    "order_id": "scenario-336-passive_market_maker-agent-passive_market_maker-24",
    "action": "new",
    "side": "buy",
    "price": 65270.664,
    "quantity": 0.01,
    "remaining_quantity": 0.01
  },
  {
    "event_id": "bb12692f818352d7c841b394d086f32599a7c8e00ab9213fa3693e47e6e4ddda",
    "schema_version": "1.0.0",
    "event_type": "agent_order",
    "source": "synthetic_agent",
    "symbol": "BTCUSDT",
    "exchange": "binance_usdm",
    "timestamp": "2024-05-01T00:00:02.500000Z",
    "sequence": 25,
    "scenario_id": "scenario-336-passive_market_maker",
    "agent_id": "agent-passive_market_maker",
    "order_id": "scenario-336-passive_market_maker-agent-passive_market_maker-25",
    "action": "new",
    "side": "sell",
    "price": 65401.335999999996,
    "quantity": 0.01,
    "remaining_quantity": 0.01
  },
  {
    "event_id": "f50572f9b1c8c96b77f0ebece61e0545997e4f2e4567de5f0bd354e1d14fef47",
    "schema_version": "1.0.0",
    "event_type": "agent_order",
    "source": "synthetic_agent",
    "symbol": "BTCUSDT",
    "exchange": "binance_usdm",
    "timestamp": "2024-05-01T00:00:02.600000Z",
    "sequence": 26,
    "scenario_id": "scenario-336-passive_market_maker",
    "agent_id": "agent-passive_market_maker",
    "order_id": "scenario-336-passive_market_maker-agent-passive_market_maker-26",
    "action": "new",
    "side": "buy",
    "price": 65270.664,
    "quantity": 0.01,
    "remaining_quantity": 0.01
  },
  {
    "event_id": "f54fa761e16d0d7849865b6972ce662efaba50ab3c3d166b48c5d90929da0c13",
    "schema_version": "1.0.0",
    "event_type": "agent_order",
    "source": "synthetic_agent",
    "symbol": "BTCUSDT",
    "exchange": "binance_usdm",
    "timestamp": "2024-05-01T00:00:02.700000Z",
    "sequence": 27,
    "scenario_id": "scenario-336-passive_market_maker",
    "agent_id": "agent-passive_market_maker",
    "order_id": "scenario-336-passive_market_maker-agent-passive_market_maker-27",
    "action": "new",
    "side": "sell",
    "price": 65401.335999999996,
    "quantity": 0.01,
    "remaining_quantity": 0.01
  },
  {
    "event_id": "e90375a09d20c2010de8b80ca64091122052b34f427d6e9dad7a4f8fde7efe28",
    "schema_version": "1.0.0",
    "event_type": "agent_order",
    "source": "synthetic_agent",
    "symbol": "BTCUSDT",
    "exchange": "binance_usdm",
    "timestamp": "2024-05-01T00:00:02.800000Z",
    "sequence": 28,
    "scenario_id": "scenario-336-passive_market_maker",
    "agent_id": "agent-passive_market_maker",
    "order_id": "scenario-336-passive_market_maker-agent-passive_market_maker-28",
    "action": "new",
    "side": "buy",
    "price": 65270.664,
    "quantity": 0.01,
    "remaining_quantity": 0.01
  },
  {
    "event_id": "1de954a9eb41a33af2c7bc0c90ac41b160364d9f7428b9bc6575290a4e4fad37",
    "schema_version": "1.0.0",
    "event_type": "agent_order",
    "source": "synthetic_agent",
    "symbol": "BTCUSDT",
    "exchange": "binance_usdm",
    "timestamp": "2024-05-01T00:00:02.900000Z",
    "sequence": 29,
    "scenario_id": "scenario-336-passive_market_maker",
    "agent_id": "agent-passive_market_maker",
    "order_id": "scenario-336-passive_market_maker-agent-passive_market_maker-29",
    "action": "new",
    "side": "sell",
    "price": 65401.335999999996,
    "quantity": 0.01,
    "remaining_quantity": 0.01
  }
]