[
  {
    "event_id": "7d4ec00166ef51ed8df5e42d5d2cf66ceb98fea3b97175513639f1c6a25bc286",
    "schema_version": "1.0.0",
    "event_type": "agent_order",
    "source": "synthetic_agent",
    "symbol": "BTCUSDT",
    "exchange": "binance_usdm",
    "timestamp": "2024-05-01T00:00:00Z",
    "sequence": 0,
    "scenario_id": "scenario-583-coordinated_burst",
    "agent_id": "agent-coordinated_burst-0",
    "order_id": "scenario-583-coordinated_burst-agent-coordinated_burst-0-0",
    "action": "new",
    "side": "buy",
    "price": 65596.1166,
    "quantity": 0.04,
    "remaining_quantity": 0.04
  },
  {
    "event_id": "8972bdd5da8c0821fd669922eb4d461b87a98f5694e5523be0d9f8a0ae5d5fff",
    "schema_version": "1.0.0",
    "event_type": "agent_order",
    "source": "synthetic_agent",
    "symbol": "BTCUSDT",
    "exchange": "binance_usdm",
    "timestamp": "2024-05-01T00:00:00.012000Z",
    "sequence": 1,
    "scenario_id": "scenario-583-coordinated_burst",
    "agent_id": "agent-coordinated_burst-1",
    "order_id": "scenario-583-coordinated_burst-agent-coordinated_burst-1-1",
    "action": "new",
    "side": "sell",
    "price": 65569.8834,
    "quantity": 0.04,
    "remaining_quantity": 0.04
  },
  {
    "event_id": "77c74c05d923081dedb6ddb3d6318a250e06e9d3693f990f8296e7e35e836545",
    "schema_version": "1.0.0",
    "event_type": "agent_order",
    "source": "synthetic_agent",
    "symbol": "BTCUSDT",
    "exchange": "binance_usdm",
    "timestamp": "2024-05-01T00:00:00.024000Z",
    "sequence": 2,
    "scenario_id": "scenario-583-coordinated_burst",
    "agent_id": "agent-coordinated_burst-2",
    "order_id": "scenario-583-coordinated_burst-agent-coordinated_burst-2-2",
    "action": "new",
    "side": "sell",
    "price": 65569.8834,
    "quantity": 0.04,
    "remaining_quantity": 0.04
  },
  {
    "event_id": "5c33721a48dcddde1892dec33733696720d858cbcef680078bc9cc0600485bd5",
    "schema_version": "1.0.0",
    "event_type": "agent_order",
    "source": "synthetic_agent",
    "symbol": "BTCUSDT",
    "exchange": "binance_usdm",
    "timestamp": "2024-05-01T00:00:00.036000Z",
    "sequence": 3,
    "scenario_id": "scenario-583-coordinated_burst",
    "agent_id": "agent-coordinated_burst-0",
    "order_id": "scenario-583-coordinated_burst-agent-coordinated_burst-0-3",
    "action": "new",
    "side": "buy",
    "price": 65596.1166,
    "quantity": 0.04,
    "remaining_quantity": 0.04
  },
  {
    "event_id": "386e8f1ca19694ad65d2bc91d6a7ca2a27a92c8b0cb7bd3a84c2c09e6701c787",
    "schema_version": "1.0.0",
    "event_type": "agent_order",
    "source": "synthetic_agent",
    "symbol": "BTCUSDT",
    "exchange": "binance_usdm",
    "timestamp": "2024-05-01T00:00:00.048000Z",
    "sequence": 4,
    "scenario_id": "scenario-583-coordinated_burst",
    "agent_id": "agent-coordinated_burst-1",
    "order_id": "scenario-583-coordinated_burst-agent-coordinated_burst-1-4",
    "action": "new",
    "side": "sell",
    "price": 65569.8834,
    "quantity": 0.04,
    "remaining_quantity": 0.04
  },
  {
    "event_id": "82ace3e5b4bd4fc2fc4e0a44e2694e16a6297509db4e302abde52feaac7c7e88",
    "schema_version": "1.0.0",
    "event_type": "agent_order",
    "source": "synthetic_agent",
    "symbol": "BTCUSDT",
    "exchange": "binance_usdm",
    "timestamp": "2024-05-01T00:00:00.600000Z",
    "sequence": 5,
    "scenario_id": "scenario-583-coordinated_burst",
    "agent_id": "agent-coordinated_burst-2",
    "order_id": "scenario-583-coordinated_burst-agent-coordinated_burst-2-5",
    "action": "new",
    "side": "sell",
    "price": 65569.8834,
    "quantity": 0.04,
    "remaining_quantity": 0.04
  },
  {
    "event_id": "738386d4054d508291deb5eb4c30616b49eff57cdf048541fe2ba4cfeee48a65",
    "schema_version": "1.0.0",
    "event_type": "agent_order",
    "source": "synthetic_agent",
    "symbol": "BTCUSDT",
    "exchange": "binance_usdm",
    "timestamp": "2024-05-01T00:00:00.072000Z",
    "sequence": 6,
    "scenario_id": "scenario-583-coordinated_burst",
    "agent_id": "agent-coordinated_burst-0",
    "order_id": "scenario-583-coordinated_burst-agent-coordinated_burst-0-6",
    "action": "new",
    "side": "buy",
    "price": 65596.1166,
    "quantity": 0.04,
    "remaining_quantity": 0.04
  },
  {
    "event_id": "f0741b4cf572fd4b9a5255d2b13dcd5ad5141d810bcc9fb194a47b4448ca4f81",
    "schema_version": "1.0.0",
    "event_type": "agent_order",
    "source": "synthetic_agent",
    "symbol": "BTCUSDT",
    "exchange": "binance_usdm",
    "timestamp": "2024-05-01T00:00:00.084000Z",
    "sequence": 7,
    "scenario_id": "scenario-583-coordinated_burst",
    "agent_id": "agent-coordinated_burst-1",
    "order_id": "scenario-583-coordinated_burst-agent-coordinated_burst-1-7",
    "action": "new",
    "side": "sell",
    "price": 65569.8834,
    "quantity": 0.04,
    "remaining_quantity": 0.04
  },
  {
    "event_id": "448495a8a5c78f563bc4a5e30f17533a6d26f529464dd1c2313fd331b9a1c16b",
    "schema_version": "1.0.0",
    "event_type": "agent_order",
    "source": "synthetic_agent",
    "symbol": "BTCUSDT",
    "exchange": "binance_usdm",
    "timestamp": "2024-05-01T00:00:00.096000Z",
    "sequence": 8,
    "scenario_id": "scenario-583-coordinated_burst",
    "agent_id": "agent-coordinated_burst-2",
    "order_id": "scenario-583-coordinated_burst-agent-coordinated_burst-2-8",
    "action": "new",
    "side": "sell",
    "price": 65569.8834,
    "quantity": 0.04,
    "remaining_quantity": 0.04
  },
  {
    "event_id": "ac9bcdee89482892da1f1fa17ee75470577fe885c9885263f3e6a24ea2e9771a",
    "schema_version": "1.0.0",
    "event_type": "agent_order",
    "source": "synthetic_agent",
    "symbol": "BTCUSDT",
    "exchange": "binance_usdm",
    "timestamp": "2024-05-01T00:00:00.108000Z",
    "sequence": 9,
    "scenario_id": "scenario-583-coordinated_burst",
    "agent_id": "agent-coordinated_burst-0",
    "order_id": "scenario-583-coordinated_burst-agent-coordinated_burst-0-9",
    "action": "new",
    "side": "buy",
    "price": 65596.1166,
    "quantity": 0.04,
    "remaining_quantity": 0.04
  },
  {
    "event_id": "e1e6a33f7f11335030dc65a8944b72ea2a70f353818be0dd0f0dc671e80bd1ff",
    "schema_version": "1.0.0",
    "event_type": "agent_order",
    "source": "synthetic_agent",
    "symbol": "BTCUSDT",
    "exchange": "binance_usdm",
    "timestamp": "2024-05-01T00:00:01.200000Z",
    "sequence": 10,
    "scenario_id": "scenario-583-coordinated_burst",
    "agent_id": "agent-coordinated_burst-1",
    "order_id": "scenario-583-coordinated_burst-agent-coordinated_burst-1-10",
    "action": "new",
    "side": "sell",
    "price": 65569.8834,
    "quantity": 0.04,
    "remaining_quantity": 0.04
  },
  {
    "event_id": "aea5b0352765d80a5e746dd4e551e370857b3f1f361c5cffd41c4e0630ae5187",
    "schema_version": "1.0.0",
    "event_type": "agent_order",
    "source": "synthetic_agent",
    "symbol": "BTCUSDT",
    "exchange": "binance_usdm",
    "timestamp": "2024-05-01T00:00:00.132000Z",
    "sequence": 11,
    "scenario_id": "scenario-583-coordinated_burst",
    "agent_id": "agent-coordinated_burst-2",
    "order_id": "scenario-583-coordinated_burst-agent-coordinated_burst-2-11",
    "action": "new",
    "side": "sell",
    "price": 65569.8834,
    "quantity": 0.04,
    "remaining_quantity": 0.04
  },
  {
    "event_id": "29227531d34cdf4e9df9ca1786b3509e93bd0e0ecc419b78b7edc7d7f6b94981",
    "schema_version": "1.0.0",
    "event_type": "agent_order",
    "source": "synthetic_agent",
    "symbol": "BTCUSDT",
    "exchange": "binance_usdm",
    "timestamp": "2024-05-01T00:00:00.144000Z",
    "sequence": 12,
    "scenario_id": "scenario-583-coordinated_burst",
    "agent_id": "agent-coordinated_burst-0",
    "order_id": "scenario-583-coordinated_burst-agent-coordinated_burst-0-12",
    "action": "new",
    "side": "buy",
    "price": 65596.1166,
    "quantity": 0.04,
    "remaining_quantity": 0.04
  },
  {
    "event_id": "0c4e9bb15c8db75ef4b7ac1643986781b69e1f9af927759ebf0c49f24dd1c1e9",
    "schema_version": "1.0.0",
    "event_type": "agent_order",
    "source": "synthetic_agent",
    "symbol": "BTCUSDT",
    "exchange": "binance_usdm",
    "timestamp": "2024-05-01T00:00:00.156000Z",
    "sequence": 13,
    "scenario_id": "scenario-583-coordinated_burst",
    "agent_id": "agent-coordinated_burst-1",
    "order_id": "scenario-583-coordinated_burst-agent-coordinated_burst-1-13",
    "action": "new",
    "side": "sell",
    "price": 65569.8834,
    "quantity": 0.04,
    "remaining_quantity": 0.04
  },
  {
    "event_id": "f4fc6197c1e35ea83d56f110e8876df85d8360599af24eb905c4baef60b979c1",
    "schema_version": "1.0.0",
    "event_type": "agent_order",
    "source": "synthetic_agent",
    "symbol": "BTCUSDT",
    "exchange": "binance_usdm",
    "timestamp": "2024-05-01T00:00:00.168000Z",
    "sequence": 14,
    "scenario_id": "scenario-583-coordinated_burst",
    "agent_id": "agent-coordinated_burst-2",
    "order_id": "scenario-583-coordinated_burst-agent-coordinated_burst-2-14",
    "action": "new",
    "side": "sell",
    "price": 65569.8834,
    "quantity": 0.04,
    "remaining_quantity": 0.04
  },
  {
    "event_id": "4f75a977fb5f9466cc7f614a296b03b232f3b5f59401183aae5874fb8534672c",
    "schema_version": "1.0.0",
    "event_type": "agent_order",
    "source": "synthetic_agent",
    "symbol": "BTCUSDT",
    "exchange": "binance_usdm",
    "timestamp": "2024-05-01T00:00:01.800000Z",
    "sequence": 15,
    "scenario_id": "scenario-583-coordinated_burst",
    "agent_id": "agent-coordinated_burst-0",
    "order_id": "scenario-583-coordinated_burst-agent-coordinated_burst-0-15",
    "action": "new",
    "side": "buy",
    "price": 65596.1166,
    "quantity": 0.04,
    "remaining_quantity": 0.04
  },
  {
    "event_id": "09119d9f0119c51b4dabccb0d6656f051d5b0d7c4b83bbaf4b2fd0ab8ad8d3d4",
    "schema_version": "1.0.0",
    "event_type": "agent_order",
    "source": "synthetic_agent",
    "symbol": "BTCUSDT",
    "exchange": "binance_usdm",
    "timestamp": "2024-05-01T00:00:00.192000Z",
    "sequence": 16,
    "scenario_id": "scenario-583-coordinated_burst",
    "agent_id": "agent-coordinated_burst-1",
    "order_id": "scenario-583-coordinated_burst-agent-coordinated_burst-1-16",
    "action": "new",
    "side": "sell",
    "price": 65569.8834,
    "quantity": 0.04,
    "remaining_quantity": 0.04
  },
  {
    "event_id": "4811fc5fe881cfe02089072e414da85e54e730d87cb7d6d7f4e0f40ffcc9bace",
    "schema_version": "1.0.0",
    "event_type": "agent_order",
    "source": "synthetic_agent",
    "symbol": "BTCUSDT",
    "exchange": "binance_usdm",
    "timestamp": "2024-05-01T00:00:00.204000Z",
    "sequence": 17,
    "scenario_id": "scenario-583-coordinated_burst",
    "agent_id": "agent-coordinated_burst-2",
    "order_id": "scenario-583-coordinated_burst-agent-coordinated_burst-2-17",
    "action": "new",
    "side": "sell",
    "price": 65569.8834,
    "quantity": 0.04,
    "remaining_quantity": 0.04
  },
  {
    "event_id": "f8681a8857e6bfa145478ab0d85b7039a193bab86830997cccbc71b4d4a5fdc4",
    "schema_version": "1.0.0",
    "event_type": "agent_order",
    "source": "synthetic_agent",
    "symbol": "BTCUSDT",
    "exchange": "binance_usdm",
    "timestamp": "2024-05-01T00:00:00.216000Z",
    "sequence": 18,
    "scenario_id": "scenario-583-coordinated_burst",
    "agent_id": "agent-coordinated_burst-0",
    "order_id": "scenario-583-coordinated_burst-agent-coordinated_burst-0-18",
    "action": "new",
    "side": "buy",
    "price": 65596.1166,
    "quantity": 0.04,
    "remaining_quantity": 0.04
  },
  {
    "event_id": "cae1a91ce0f33a2820c55a4c127412f18119978d82470b0280c31238d3b88cca",
    "schema_version": "1.0.0",
    "event_type": "agent_order",
    "source": "synthetic_agent",
    "symbol": "BTCUSDT",
    "exchange": "binance_usdm",
    "timestamp": "2024-05-01T00:00:00.228000Z",
    "sequence": 19,
    "scenario_id": "scenario-583-coordinated_burst",
    "agent_id": "agent-coordinated_burst-1",
    "order_id": "scenario-583-coordinated_burst-agent-coordinated_burst-1-19",
    "action": "new",
    "side": "sell",
    "price": 65569.8834,
    "quantity": 0.04,
    "remaining_quantity": 0.04
  },
  {
    "event_id": "63578dd12ccfe9498ecd313c589ee7e956775ac72adf2df7b416540af8345941",
    "schema_version": "1.0.0",
    "event_type": "agent_order",
    "source": "synthetic_agent",
    "symbol": "BTCUSDT",
    "exchange": "binance_usdm",
    "timestamp": "2024-05-01T00:00:02.400000Z",
    "sequence": 20,
    "scenario_id": "scenario-583-coordinated_burst",
    "agent_id": "agent-coordinated_burst-2",
    "order_id": "scenario-583-coordinated_burst-agent-coordinated_burst-2-20",
    "action": "new",
    "side": "sell",
    "price": 65569.8834,
    "quantity": 0.04,
    "remaining_quantity": 0.04
  },
  {
    "event_id": "adfb278e2a0791b1d8dd634e54afb2d9b0b2a63edf7e42eae1b61522da30ec2f",
    "schema_version": "1.0.0",
    "event_type": "agent_order",
    "source": "synthetic_agent",
    "symbol": "BTCUSDT",
    "exchange": "binance_usdm",
    "timestamp": "2024-05-01T00:00:00.252000Z",
    "sequence": 21,
    "scenario_id": "scenario-583-coordinated_burst",
    "agent_id": "agent-coordinated_burst-0",
    "order_id": "scenario-583-coordinated_burst-agent-coordinated_burst-0-21",
    "action": "new",
    "side": "buy",
    "price": 65596.1166,
    "quantity": 0.04,
    "remaining_quantity": 0.04
  },
  {
    "event_id": "584851ba80e11d198c0aad9ea611680a8cda65ed9dbca552d6dba7f0ce5e1e24",
    "schema_version": "1.0.0",
    "event_type": "agent_order",
    "source": "synthetic_agent",
    "symbol": "BTCUSDT",
    "exchange": "binance_usdm",
    "timestamp": "2024-05-01T00:00:00.264000Z",
    "sequence": 22,
    "scenario_id": "scenario-583-coordinated_burst",
    "agent_id": "agent-coordinated_burst-1",
    "order_id": "scenario-583-coordinated_burst-agent-coordinated_burst-1-22",
    "action": "new",
    "side": "sell",
    "price": 65569.8834,
    "quantity": 0.04,
    "remaining_quantity": 0.04
  },
  {
    "event_id": "e47679cd56059afa846b777b25d0f9dbd48f003919bc423eee487d473911d87d",
    "schema_version": "1.0.0",
    "event_type": "agent_order",
    "source": "synthetic_agent",
    "symbol": "BTCUSDT",
    "exchange": "binance_usdm",
    "timestamp": "2024-05-01T00:00:00.276000Z",
    "sequence": 23,
    "scenario_id": "scenario-583-coordinated_burst",
    "agent_id": "agent-coordinated_burst-2",
    "order_id": "scenario-583-coordinated_burst-agent-coordinated_burst-2-23",
    "action": "new",
    "side": "sell",
    "price": 65569.8834,
    "quantity": 0.04,
    "remaining_quantity": 0.04
  },
  {
    "event_id": "49706e56b05db849ac3d8e135734d49dd07c6048e0d8eabc4d272235b87ee949",
    "schema_version": "1.0.0",
    "event_type": "agent_order",
    "source": "synthetic_agent",
    "symbol": "BTCUSDT",
    "exchange": "binance_usdm",
    "timestamp": "2024-05-01T00:00:00.288000Z",
    "sequence": 24,
    "scenario_id": "scenario-583-coordinated_burst",
    "agent_id": "agent-coordinated_burst-0",
    "order_id": "scenario-583-coordinated_burst-agent-coordinated_burst-0-24",
    "action": "new",
    "side": "buy",
    "price": 65596.1166,
    "quantity": 0.04,
    "remaining_quantity": 0.04
  },
  {
    "event_id": "16ec09453becd787deff1966b28ee3f128d7956b15c4d4ca892dda72910ff222",
    "schema_version": "1.0.0",
    "event_type": "agent_order",
    "source": "synthetic_agent",
    "symbol": "BTCUSDT",
    "exchange": "binance_usdm",
    "timestamp": "2024-05-01T00:00:03Z",
    "sequence": 25,
    "scenario_id": "scenario-583-coordinated_burst",
    "agent_id": "agent-coordinated_burst-1",
    "order_id": "scenario-583-coordinated_burst-agent-coordinated_burst-1-25",
    "action": "new",
    "side": "sell",
    "price": 65569.8834,
    "quantity": 0.04,
    "remaining_quantity": 0.04
  },
  {
    "event_id": "2f19df922d794cb2c5174e8bd86fa183bace0fc82c6ea619e368e7fda5665237",
    "schema_version": "1.0.0",
    "event_type": "agent_order",
    "source": "synthetic_agent",
    "symbol": "BTCUSDT",
    "exchange": "binance_usdm",
    "timestamp": "2024-05-01T00:00:00.312000Z",
    "sequence": 26,
    "scenario_id": "scenario-583-coordinated_burst",
    "agent_id": "agent-coordinated_burst-2",
    "order_id": "scenario-583-coordinated_burst-agent-coordinated_burst-2-26",
    "action": "new",
    "side": "sell",
    "price": 65569.8834,
    "quantity": 0.04,
    "remaining_quantity": 0.04
  },
  {
    "event_id": "e082adef57d06dc56cef025d88417d8eb94eee92c444013017a92452d11faa33",
    "schema_version": "1.0.0",
    "event_type": "agent_order",
    "source": "synthetic_agent",
    "symbol": "BTCUSDT",
    "exchange": "binance_usdm",
    "timestamp": "2024-05-01T00:00:00.324000Z",
    "sequence": 27,
    "scenario_id": "scenario-583-coordinated_burst",
    "agent_id": "agent-coordinated_burst-0",
    "order_id": "scenario-583-coordinated_burst-agent-coordinated_burst-0-27",
    "action": "new",
    "side": "buy",
    "price": 65596.1166,
    "quantity": 0.04,
    "remaining_quantity": 0.04
  },
  {
    "event_id": "7e73b6010a9f733b4666ba289db6a07cb364a7be12aba12f644cc04dfe4f3085",
    "schema_version": "1.0.0",
    "event_type": "agent_order",
    "source": "synthetic_agent",
    "symbol": "BTCUSDT",
    "exchange": "binance_usdm",
    "timestamp": "2024-05-01T00:00:00.336000Z",
    "sequence": 28,
    "scenario_id": "scenario-583-coordinated_burst",
    "agent_id": "agent-coordinated_burst-1",
    "order_id": "scenario-583-coordinated_burst-agent-coordinated_burst-1-28",
    "action": "new",
    "side": "sell",
    "price": 65569.8834,
    "quantity": 0.04,
    "remaining_quantity": 0.04
  },
  {
    "event_id": "8e890b78315f7ef63bbb1eb13cf205d94e189800ec30b86dc6cfecdbc0c4d641",
    "schema_version": "1.0.0",
    "event_type": "agent_order",
    "source": "synthetic_agent",
    "symbol": "BTCUSDT",
    "exchange": "binance_usdm",
    "timestamp": "2024-05-01T00:00:00.348000Z",
    "sequence": 29,
    "scenario_id": "scenario-583-coordinated_burst",
    "agent_id": "agent-coordinated_burst-2",
    "order_id": "scenario-583-coordinated_burst-agent-coordinated_burst-2-29",
    "action": "new",
    "side": "sell",
    "price": 65569.8834,
    "quantity": 0.04,
    "remaining_quantity": 0.04
  }
]