[
  {
    "event_id": "1084c89134484e74ebf48e524f7e34bf1dafa82209fe9f26f8c0566c185331b4",
    "schema_version": "1.0.0",
    "event_type": "agent_order",
    "source": "synthetic_agent",
    "symbol": "BTCUSDT",
    "exchange": "binance_usdm",
    "timestamp": "2024-05-01T00:00:00Z",
    "sequence": 0,
    "scenario_id": "scenario-538-runaway_inventory",
    "agent_id": "agent-runaway_inventory",
    "order_id": "scenario-538-runaway_inventory-agent-runaway_inventory-0",
    "action": "new",
    "side": "buy",
    "price": 65538.0,
    "quantity": 0.01,
    "remaining_quantity": 0.01
  },
  {
    "event_id": "d2c1698198d7c51633c30938fb2e834240d561cabd313f0dd2beb856de2b28f7",
    "schema_version": "1.0.0",
    "event_type": "agent_order",
    "source": "synthetic_agent",
    "symbol": "BTCUSDT",
    "exchange": "binance_usdm",
    "timestamp": "2024-05-01T00:00:00.070000Z",
    "sequence": 1,
    "scenario_id": "scenario-538-runaway_inventory",
    "agent_id": "agent-runaway_inventory",
    "order_id": "scenario-538-runaway_inventory-agent-runaway_inventory-1",
    "action": "new",
    "side": "buy",
    "price": 65539.96614,
    "quantity": 0.012,
    "remaining_quantity": 0.012
  },
  {
    "event_id": "d1c1ac09e374c01a7033e4b55bd56c9f83dc6dbda81e33abf9379bf3a814968d",
    "schema_version": "1.0.0",
    "event_type": "agent_order",
    "source": "synthetic_agent",
    "symbol": "BTCUSDT",
    "exchange": "binance_usdm",
    "timestamp": "2024-05-01T00:00:00.140000Z",
    "sequence": 2,
    "scenario_id": "scenario-538-runaway_inventory",
    "agent_id": "agent-runaway_inventory",
    "order_id": "scenario-538-runaway_inventory-agent-runaway_inventory-2",
    "action": "new",
    "side": "buy",
    "price": 65541.93228,
    "quantity": 0.014,
    "remaining_quantity": 0.014
  },
  {
    "event_id": "82c81029b3be594ee616454e7d4e518f9280f14f2c045bc1eb48a3e5284c0a5d",
    "schema_version": "1.0.0",
    "event_type": "agent_order",
    "source": "synthetic_agent",
    "symbol": "BTCUSDT",
    "exchange": "binance_usdm",
    "timestamp": "2024-05-01T00:00:00.210000Z",
    "sequence": 3,
    "scenario_id": "scenario-538-runaway_inventory",
    "agent_id": "agent-runaway_inventory",
    "order_id": "scenario-538-runaway_inventory-agent-runaway_inventory-3",
    "action": "new",
    "side": "buy",
    "price": 65543.89842,
    "quantity": 0.016,
    "remaining_quantity": 0.016
  },
  {
    "event_id": "dbae142f844092872956a724b85e88ecc5f906d1599eb1cf4c33365fd9be1afd",
    "schema_version": "1.0.0",
    "event_type": "agent_order",
    "source": "synthetic_agent",
    "symbol": "BTCUSDT",
    "exchange": "binance_usdm",
    "timestamp": "2024-05-01T00:00:00.280000Z",
    "sequence": 4,
    "scenario_id": "scenario-538-runaway_inventory",
    "agent_id": "agent-runaway_inventory",
    "order_id": "scenario-538-runaway_inventory-agent-runaway_inventory-4",
    "action": "new",
    "side": "buy",
    "price": 65545.86455999999,
    "quantity": 0.018000000000000002,
    "remaining_quantity": 0.018000000000000002
  },
  {
    "event_id": "f8cfb74c01b4bbdeb18d590c8feea66ba7c71246babfa4f07684719a99bd6981",
    "schema_version": "1.0.0",
    "event_type": "agent_order",
    "source": "synthetic_agent",
    "symbol": "BTCUSDT",
    "exchange": "binance_usdm",
    "timestamp": "2024-05-01T00:00:00.350000Z",
    "sequence": 5,
    "scenario_id": "scenario-538-runaway_inventory",
    "agent_id": "agent-runaway_inventory",
    "order_id": "scenario-538-runaway_inventory-agent-runaway_inventory-5",
    "action": "new",
    "side": "buy",
    "price": 65547.8307,
    "quantity": 0.02,
    "remaining_quantity": 0.02
  },
  {
    "event_id": "a18f9e7edb371370a50e3397e4409a4c8c3b87d55de6653329932b87ab7ac581",
    "schema_version": "1.0.0",
    "event_type": "agent_order",
    "source": "synthetic_agent",
    "symbol": "BTCUSDT",
    "exchange": "binance_usdm",
    "timestamp": "2024-05-01T00:00:00.420000Z",
    "sequence": 6,
    "scenario_id": "scenario-538-runaway_inventory",
    "agent_id": "agent-runaway_inventory",
    "order_id": "scenario-538-runaway_inventory-agent-runaway_inventory-6",
    "action": "new",
    "side": "buy",
    "price": 65549.79684000001,
    "quantity": 0.022,
    "remaining_quantity": 0.022
  },
  {
    "event_id": "4d947827fdd7d2dcda7f7c4847a523f2cb9a709df277f5cad15bbd34cbc4e259",
    "schema_version": "1.0.0",
    "event_type": "agent_order",
    "source": "synthetic_agent",
    "symbol": "BTCUSDT",
    "exchange": "binance_usdm",
    "timestamp": "2024-05-01T00:00:00.490000Z",
    "sequence": 7,
    "scenario_id": "scenario-538-runaway_inventory",
    "agent_id": "agent-runaway_inventory",
    "order_id": "scenario-538-runaway_inventory-agent-runaway_inventory-7",
    "action": "new",
    "side": "buy",
    "price": 65551.76298,
    "quantity": 0.024,
    "remaining_quantity": 0.024
  },
  {
    "event_id": "ccf114efb19d68fa12b5b396bada30705941b67a2e1299fbbd438550d4036172",
    "schema_version": "1.0.0",
    "event_type": "agent_order",
    "source": "synthetic_agent",
    "symbol": "BTCUSDT",
    "exchange": "binance_usdm",
    "timestamp": "2024-05-01T00:00:00.560000Z",
    "sequence": 8,
    "scenario_id": "scenario-538-runaway_inventory",
    "agent_id": "agent-runaway_inventory",
    "order_id": "scenario-538-runaway_inventory-agent-runaway_inventory-8",
    "action": "new",
    "side": "buy",
    "price": 65553.72912,
    "quantity": 0.026000000000000002,
    "remaining_quantity": 0.026000000000000002
  },
  {
    "event_id": "276a91fa8b1e8ebd9c3882913c362493096d82db7f9aa5d08c8037cb5d50bfc9",
    "schema_version": "1.0.0",
    "event_type": "agent_order",
    "source": "synthetic_agent",
    "symbol": "BTCUSDT",
    "exchange": "binance_usdm",
    "timestamp": "2024-05-01T00:00:00.630000Z",
    "sequence": 9,
    "scenario_id": "scenario-538-runaway_inventory",
    "agent_id": "agent-runaway_inventory",
    "order_id": "scenario-538-runaway_inventory-agent-runaway_inventory-9",
    "action": "new",
    "side": "buy",
    "price": 65555.69526,
    "quantity": 0.028000000000000004,
    "remaining_quantity": 0.028000000000000004
  },
  {
    "event_id": "f2c7f367c1b2166c252ddeaee66e53a755de7f0946bd870d18776e32391349ea",
    "schema_version": "1.0.0",
    "event_type": "agent_order",
    "source": "synthetic_agent",
    "symbol": "BTCUSDT",
    "exchange": "binance_usdm",
    "timestamp": "2024-05-01T00:00:00.700000Z",
    "sequence": 10,
    "scenario_id": "scenario-538-runaway_inventory",
    "agent_id": "agent-runaway_inventory",
    "order_id": "scenario-538-runaway_inventory-agent-runaway_inventory-10",
    "action": "new",
    "side": "buy",
    "price": 65557.6614,
    "quantity": 0.03,
    "remaining_quantity": 0.03
  },
  {
    "event_id": "efaec454b151b2d8db21c2311750a009cf3fa24eb233e414512f8cdf7499763a",
    "schema_version": "1.0.0",
    "event_type": "agent_order",
    "source": "synthetic_agent",
    "symbol": "BTCUSDT",
    "exchange": "binance_usdm",
    "timestamp": "2024-05-01T00:00:00.770000Z",
    "sequence": 11,
    "scenario_id": "scenario-538-runaway_inventory",
    "agent_id": "agent-runaway_inventory",
    "order_id": "scenario-538-runaway_inventory-agent-runaway_inventory-11",
    "action": "new",
    "side": "buy",
    "price": 65559.62754,
    "quantity": 0.032,
    "remaining_quantity": 0.032
  },
  {
    "event_id": "73d84ba35962a360ad71dedf3e63461fee8883852ae6fad8e6bc7788386cb617",
    "schema_version": "1.0.0",
    "event_type": "agent_order",
    "source": "synthetic_agent",
    "symbol": "BTCUSDT",
    "exchange": "binance_usdm",
    "timestamp": "2024-05-01T00:00:00.840000Z",
    "sequence": 12,
    "scenario_id": "scenario-538-runaway_inventory",
    "agent_id": "agent-runaway_inventory",
    "order_id": "scenario-538-runaway_inventory-agent-runaway_inventory-12",
    "action": "new",
    "side": "buy",
    "price": 65561.59367999999,
    "quantity": 0.034,
    "remaining_quantity": 0.034
  },
  {
    "event_id": "2a263574f318cefa7097dbd8b2b94d83cdff6bf53e08ee3795b2162558d44a47",
    "schema_version": "1.0.0",
    "event_type": "agent_order",
    "source": "synthetic_agent",
    "symbol": "BTCUSDT",
    "exchange": "binance_usdm",
    "timestamp": "2024-05-01T00:00:00.910000Z",
    "sequence": 13,
    "scenario_id": "scenario-538-runaway_inventory",
    "agent_id": "agent-runaway_inventory",
    "order_id": "scenario-538-runaway_inventory-agent-runaway_inventory-13",
    "action": "new",
    "side": "buy",
    "price": 65563.55982,
    "quantity": 0.036000000000000004,
    "remaining_quantity": 0.036000000000000004
  },
  {
    "event_id": "9599b56484386f1581fda28b6e4e03bc5da4e0a575de8cfb75a03feffcdbf824",
    "schema_version": "1.0.0",
    "event_type": "agent_order",
    "source": "synthetic_agent",
    "symbol": "BTCUSDT",
    "exchange": "binance_usdm",
    "timestamp": "2024-05-01T00:00:00.980000Z",
    "sequence": 14,
    "scenario_id": "scenario-538-runaway_inventory",
    "agent_id": "agent-runaway_inventory",
    "order_id": "scenario-538-runaway_inventory-agent-runaway_inventory-14",
    "action": "new",
    "side": "buy",
    "price": 65565.52596,
    "quantity": 0.038,
    "remaining_quantity": 0.038
  },
  {
    "event_id": "1bfe4e4858c6463f1f64973f3e4316468f7108d2a3d4f9b95240dacba5cb9851",
    "schema_version": "1.0.0",
    "event_type": "agent_order",
    "source": "synthetic_agent",
    "symbol": "BTCUSDT",
    "exchange": "binance_usdm",
    "timestamp": "2024-05-01T00:00:01.050000Z",
    "sequence": 15,
    "scenario_id": "scenario-538-runaway_inventory",
    "agent_id": "agent-runaway_inventory",
    "order_id": "scenario-538-runaway_inventory-agent-runaway_inventory-15",
    "action": "new",
    "side": "buy",
    "price": 65567.4921,
    "quantity": 0.04,
    "remaining_quantity": 0.04
  },
  {
    "event_id": "034581c7da41f400ff9235ee3d914f1433070f4cd3929f20211e64c7b7d7a0d8",
    "schema_version": "1.0.0",
    "event_type": "agent_order",
    "source": "synthetic_agent",
    "symbol": "BTCUSDT",
    "exchange": "binance_usdm",
    "timestamp": "2024-05-01T00:00:01.120000Z",
    "sequence": 16,
    "scenario_id": "scenario-538-runaway_inventory",
    "agent_id": "agent-runaway_inventory",
    "order_id": "scenario-538-runaway_inventory-agent-runaway_inventory-16",
    "action": "new",
    "side": "buy",
    "price": 65569.45824,
    "quantity": 0.042,
    "remaining_quantity": 0.042
  },
  {
    "event_id": "6becad3c76ea3e50c17a294c1b8bef4b7fd1abb95e6ba207837a4ac517fcb712",
    "schema_version": "1.0.0",
    "event_type": "agent_order",
    "source": "synthetic_agent",
    "symbol": "BTCUSDT",
    "exchange": "binance_usdm",
    "timestamp": "2024-05-01T00:00:01.190000Z",
    "sequence": 17,
    "scenario_id": "scenario-538-runaway_inventory",
    "agent_id": "agent-runaway_inventory",
    "order_id": "scenario-538-runaway_inventory-agent-runaway_inventory-17",
    "action": "new",
    "side": "buy",
    "price": 65571.42438,
    "quantity": 0.044000000000000004,
    "remaining_quantity": 0.044000000000000004
  },
  {
    "event_id": "5227d512de632b03c735e22801f0ed6925b7706928b956a4f84763e7c7e56ff2",
    "schema_version": "1.0.0",
    "event_type": "agent_order",
    "source": "synthetic_agent",
    "symbol": "BTCUSDT",
    "exchange": "binance_usdm",
    "timestamp": "2024-05-01T00:00:01.260000Z",
    "sequence": 18,
    "scenario_id": "scenario-538-runaway_inventory",
    "agent_id": "agent-runaway_inventory",
    "order_id": "scenario-538-runaway_inventory-agent-runaway_inventory-18",
    "action": "new",
    "side": "buy",
    "price": 65573.39052,
    "quantity": 0.046000000000000006,
    "remaining_quantity": 0.046000000000000006
  },
  {
    "event_id": "c30ce93330fc8ce1a0cec7a70b22567a0946ff77f4731cd153b3b7f1103ba345",
    "schema_version": "1.0.0",
    "event_type": "agent_order",
    "source": "synthetic_agent",
    "symbol": "BTCUSDT",
    "exchange": "binance_usdm",
    "timestamp": "2024-05-01T00:00:01.330000Z",
    "sequence": 19,
    "scenario_id": "scenario-538-runaway_inventory",
    "agent_id": "agent-runaway_inventory",
    "order_id": "scenario-538-runaway_inventory-agent-runaway_inventory-19",
    "action": "new",
    "side": "buy",
    "price": 65575.35665999999,
    "quantity": 0.048,
    "remaining_quantity": 0.048
  },
  {
    "event_id": "07597b3bf5634d60bbed5a6796f53dc0793955e8e6c9d3f0ed1822edc17905bf",
    "schema_version": "1.0.0",
    "event_type": "agent_order",
    "source": "synthetic_agent",
    "symbol": "BTCUSDT",
    "exchange": "binance_usdm",
    "timestamp": "2024-05-01T00:00:01.400000Z",
    "sequence": 20,
    "scenario_id": "scenario-538-runaway_inventory",
    "agent_id": "agent-runaway_inventory",
    "order_id": "scenario-538-runaway_inventory-agent-runaway_inventory-20",
    "action": "new",
    "side": "buy",
    "price": 65577.3228,
    "quantity": 0.05,
    "remaining_quantity": 0.05
  },
  {
    "event_id": "f1b76d01c4f78e4b8425d2471dde483088e3594c68e7a5910ad453fa956c6e41",
    "schema_version": "1.0.0",
    "event_type": "agent_order",
    "source": "synthetic_agent",
    "symbol": "BTCUSDT",
    "exchange": "binance_usdm",
    "timestamp": "2024-05-01T00:00:01.470000Z",
    "sequence": 21,
    "scenario_id": "scenario-538-runaway_inventory",
    "agent_id": "agent-runaway_inventory",
    "order_id": "scenario-538-runaway_inventory-agent-runaway_inventory-21",
    "action": "new",
    "side": "buy",
    "price": 65579.28894,
    "quantity": 0.052000000000000005,
    "remaining_quantity": 0.052000000000000005
  },
  {
    "event_id": "eea577ca7d7ebfd754f230d78c35fecb8ad5f75f5b23c1e3615f12076bba846d",
    "schema_version": "1.0.0",
    "event_type": "agent_order",
    "source": "synthetic_agent",
    "symbol": "BTCUSDT",
    "exchange": "binance_usdm",
    "timestamp": "2024-05-01T00:00:01.540000Z",
    "sequence": 22,
    "scenario_id": "scenario-538-runaway_inventory",
    "agent_id": "agent-runaway_inventory",
    "order_id": "scenario-538-runaway_inventory-agent-runaway_inventory-22",
    "action": "new",
    "side": "buy",
    "price": 65581.25508,
    "quantity": 0.054,
    "remaining_quantity": 0.054
  },
  {
    "event_id": "56fd3037dc66ea82bb09355d284a43463bc46ee3e0307ba12b60f42d1cfcac78",
    "schema_version": "1.0.0",
    "event_type": "agent_order",
    "source": "synthetic_agent",
    "symbol": "BTCUSDT",
    "exchange": "binance_usdm",
    "timestamp": "2024-05-01T00:00:01.610000Z",
    "sequence": 23,
    "scenario_id": "scenario-538-runaway_inventory",
    "agent_id": "agent-runaway_inventory",
    "order_id": "scenario-538-runaway_inventory-agent-runaway_inventory-23",
    "action": "new",
    "side": "buy",
    "price": 65583.22122,
    "quantity": 0.056,
    "remaining_quantity": 0.056
  },
  {
    "event_id": "a83d03e5eee4f07493e3ea1a002da2b72d2070f42f5d066bc90c1f5ba1e233bf",
    "schema_version": "1.0.0",
    "event_type": "agent_order",
    "source": "synthetic_agent",
    "symbol": "BTCUSDT",
    "exchange": "binance_usdm",
    "timestamp": "2024-05-01T00:00:01.680000Z",
    "sequence": 24,
    "scenario_id": "scenario-538-runaway_inventory",
    "agent_id": "agent-runaway_inventory",
    "order_id": "scenario-538-runaway_inventory-agent-runaway_inventory-24",
    "action": "new",
    "side": "buy",
    "price": 65585.18736,
    "quantity": 0.058,
    "remaining_quantity": 0.058
  },
  {
    "event_id": "dd1451184a04254d5abec519cf9f29cb1edffa2d3c397a83ebaf3ebeef29b582",
    "schema_version": "1.0.0",
    "event_type": "agent_order",
    "source": "synthetic_agent",
    "symbol": "BTCUSDT",
    "exchange": "binance_usdm",
    "timestamp": "2024-05-01T00:00:01.750000Z",
    "sequence": 25,
    "scenario_id": "scenario-538-runaway_inventory",
    "agent_id": "agent-runaway_inventory",
    "order_id": "scenario-538-runaway_inventory-agent-runaway_inventory-25",
    "action": "new",
    "side": "buy",
    "price": 65587.1535,
    "quantity": 0.060000000000000005,
    "remaining_quantity": 0.060000000000000005
  },
  {
    "event_id": "66991eeffe6d5acdef6ce6b16c8ca008a3585f7c20b073140c625765355ca74c",
    "schema_version": "1.0.0",
    "event_type": "agent_order",
    "source": "synthetic_agent",
    "symbol": "BTCUSDT",
    "exchange": "binance_usdm",
    "timestamp": "2024-05-01T00:00:01.820000Z",
    "sequence": 26,
    "scenario_id": "scenario-538-runaway_inventory",
    "agent_id": "agent-runaway_inventory",
    "order_id": "scenario-538-runaway_inventory-agent-runaway_inventory-26",
    "action": "new",
    "side": "buy",
    "price": 65589.11964,
    "quantity": 0.062000000000000006,
    "remaining_quantity": 0.062000000000000006
  },
  {
    "event_id": "2dd1542e53721ba8f11d1acc91f8d0076642feb77f53ecddb18f556ad4a34c84",
    "schema_version": "1.0.0",
    "event_type": "agent_order",
    "source": "synthetic_agent",
    "symbol": "BTCUSDT",
    "exchange": "binance_usdm",
    "timestamp": "2024-05-01T00:00:01.890000Z",
    "sequence": 27,
    "scenario_id": "scenario-538-runaway_inventory",
    "agent_id": "agent-runaway_inventory",
    "order_id": "scenario-538-runaway_inventory-agent-runaway_inventory-27",
    "action": "new",
    "side": "buy",
    "price": 65591.08578,
    "quantity": 0.064,
    "remaining_quantity": 0.064
  },
  {
    "event_id": "7f453b0fbbd2454a659983c91816d8bb0fa0384122d05abb60fbaf199c444917",
    "schema_version": "1.0.0",
    "event_type": "agent_order",
    "source": "synthetic_agent",
    "symbol": "BTCUSDT",
    "exchange": "binance_usdm",
    "timestamp": "2024-05-01T00:00:01.960000Z",
    "sequence": 28,
    "scenario_id": "scenario-538-runaway_inventory",
    "agent_id": "agent-runaway_inventory",
    "order_id": "scenario-538-runaway_inventory-agent-runaway_inventory-28",
    "action": "new",
    "side": "buy",
    "price": 65593.05192,
    "quantity": 0.066,
    "remaining_quantity": 0.066
  },
  {
    "event_id": "43cd8fe61343733743d07a8cc93bbf771d4b7c92d4921ad252d735e842291246",
    "schema_version": "1.0.0",
    "event_type": "agent_order",
    "source": "synthetic_agent",
    "symbol": "BTCUSDT",
    "exchange": "binance_usdm",
    "timestamp": "2024-05-01T00:00:02.030000Z",
    "sequence": 29,
    "scenario_id": "scenario-538-runaway_inventory",
    "agent_id": "agent-runaway_inventory",
    "order_id": "scenario-538-runaway_inventory-agent-runaway_inventory-29",
    "action": "new",
    "side": "buy",
    "price": 65595.01806,
    "quantity": 0.068,
    "remaining_quantity": 0.068
  }
]