[
  {
    "event_id": "8336e469fb1739a44b7724a2da1e8d760b4d64a9ddb4119c59825d4e9d82a753",
    "schema_version": "1.0.0",
    "event_type": "agent_order",
    "source": "synthetic_agent",
    "symbol": "BTCUSDT",
    "exchange": "binance_usdm",
    "timestamp": "2024-05-01T00:00:00Z",
    "sequence": 0,
    "scenario_id": "scenario-292-quote_stuffing",
    "agent_id": "agent-quote_stuffing",
    "order_id": "scenario-292-quote_stuffing-agent-quote_stuffing-0",
    "action": "new",
    "side": "buy",
    "price": 65285.4708,
    "quantity": 0.001,
    "remaining_quantity": 0.001
  },
  {
    "event_id": "df3a2aa2c5a0e0e80797a236255beb185c25215a5cb6cd524367b14fbfe53095",
    "schema_version": "1.0.0",
    "event_type": "agent_order",
    "source": "synthetic_agent",
    "symbol": "BTCUSDT",
    "exchange": "binance_usdm",
    "timestamp": "2024-05-01T00:00:00.005000Z",
    "sequence": 1,
    "scenario_id": "scenario-292-quote_stuffing",
    "agent_id": "agent-quote_stuffing",
    "order_id": "scenario-292-quote_stuffing-agent-quote_stuffing-1",
    "action": "new",
    "side": "sell",
    "price": 65298.5292,
    "quantity": 0.001,
    "remaining_quantity": 0.001
  },
  {
    "event_id": "1a953667a1c40217f6f85aa72407b515b997c6636fde2eb7cbb9d52c1a2c19be",
    "schema_version": "1.0.0",
    "event_type": "agent_order",
    "source": "synthetic_agent",
    "symbol": "BTCUSDT",
    "exchange": "binance_usdm",
    "timestamp": "2024-05-01T00:00:00.010000Z",
    "sequence": 2,
    "scenario_id": "scenario-292-quote_stuffing",
    "agent_id": "agent-quote_stuffing",
    "order_id": "scenario-292-quote_stuffing-agent-quote_stuffing-2",
    "action": "new",
    "side": "buy",
    "price": 65285.4708,
    "quantity": 0.001,
    "remaining_quantity": 0.001
  },
  {
    "event_id": "25bcc8cb65398f96d744edeaa2b3133d3d611aac576c8f2af162625a67fada46",
    "schema_version": "1.0.0",
    "event_type": "agent_order",
    "source": "synthetic_agent",
    "symbol": "BTCUSDT",
    "exchange": "binance_usdm",
    "timestamp": "2024-05-01T00:00:00.015000Z",
    "sequence": 3,
    "scenario_id": "scenario-292-quote_stuffing",
    "agent_id": "agent-quote_stuffing",
    "order_id": "scenario-292-quote_stuffing-agent-quote_stuffing-3",
    "action": "new",
    "side": "sell",
    "price": 65298.5292,
    "quantity": 0.001,
    "remaining_quantity": 0.001
  },
  {
    "event_id": "9dc21bd94ae3c6c1a916cedc3fed341fc6b31e5b050ed96c5895288d4cde2b30",
    "schema_version": "1.0.0",
    "event_type": "agent_order",
    "source": "synthetic_agent",
    "symbol": "BTCUSDT",
    "exchange": "binance_usdm",
    "timestamp": "2024-05-01T00:00:00.020000Z",
    "sequence": 4,
    "scenario_id": "scenario-292-quote_stuffing",
    "agent_id": "agent-quote_stuffing",
    "order_id": "scenario-292-quote_stuffing-agent-quote_stuffing-4",
    "action": "new",
    "side": "buy",
    "price": 65285.4708,
    "quantity": 0.001,
    "remaining_quantity": 0.001
  },
  {
    "event_id": "98d0f5c31fefdef451ba7f472e8cad7392505b74711228aa4bac36d4fd0fbde3",
    "schema_version": "1.0.0",
    "event_type": "agent_order",
    "source": "synthetic_agent",
    "symbol": "BTCUSDT",
    "exchange": "binance_usdm",
    "timestamp": "2024-05-01T00:00:00.025000Z",
    "sequence": 5,
    "scenario_id": "scenario-292-quote_stuffing",
    "agent_id": "agent-quote_stuffing",
    "order_id": "scenario-292-quote_stuffing-agent-quote_stuffing-5",
    "action": "new",
    "side": "sell",
    "price": 65298.5292,
    "quantity": 0.001,
    "remaining_quantity": 0.001
  },
  {
    "event_id": "1a68eb19942a3c8901e41a07ba4f2654b13d1d06c80c2905131becbcc3296645",
    "schema_version": "1.0.0",
    "event_type": "agent_order",
    "source": "synthetic_agent",
    "symbol": "BTCUSDT",
    "exchange": "binance_usdm",
    "timestamp": "2024-05-01T00:00:00.030000Z",
    "sequence": 6,
    "scenario_id": "scenario-292-quote_stuffing",
    "agent_id": "agent-quote_stuffing",
    "order_id": "scenario-292-quote_stuffing-agent-quote_stuffing-6",
    "action": "new",
    "side": "buy",
    "price": 65285.4708,
    "quantity": 0.001,
    "remaining_quantity": 0.001
  },
  {
    "event_id": "023759a4003e2a5ab58cd17104f806136af258b6de07df7d8b6a7459bb286eaf",
    "schema_version": "1.0.0",
    "event_type": "agent_order",
    "source": "synthetic_agent",
    "symbol": "BTCUSDT",
    "exchange": "binance_usdm",
    "timestamp": "2024-05-01T00:00:00.035000Z",
    "sequence": 7,
    "scenario_id": "scenario-292-quote_stuffing",
    "agent_id": "agent-quote_stuffing",
    "order_id": "scenario-292-quote_stuffing-agent-quote_stuffing-7",
    "action": "new",
    "side": "sell",
    "price": 65298.5292,
    "quantity": 0.001,
    "remaining_quantity": 0.001
  },
  {
    "event_id": "7063b1af223faae3906d8dd7e370ba4b955f4a295c44c20366ecea9ef1926a99",
    "schema_version": "1.0.0",
    "event_type": "agent_order",
    "source": "synthetic_agent",
    "symbol": "BTCUSDT",
    "exchange": "binance_usdm",
    "timestamp": "2024-05-01T00:00:00.040000Z",
    "sequence": 8,
    "scenario_id": "scenario-292-quote_stuffing",
    "agent_id": "agent-quote_stuffing",
    "order_id": "scenario-292-quote_stuffing-agent-quote_stuffing-8",
    "action": "new",
    "side": "buy",
    "price": 65285.4708,
    "quantity": 0.001,
    "remaining_quantity": 0.001
  },
  {
    "event_id": "a07e94b57fccc315d9f9ecd8140b789683a2deaf24f42433a77a466057f57f90",
    "schema_version": "1.0.0",
    "event_type": "agent_order",
    "source": "synthetic_agent",
    "symbol": "BTCUSDT",
    "exchange": "binance_usdm",
    "timestamp": "2024-05-01T00:00:00.045000Z",
    "sequence": 9,
    "scenario_id": "scenario-292-quote_stuffing",
    "agent_id": "agent-quote_stuffing",
    "order_id": "scenario-292-quote_stuffing-agent-quote_stuffing-9",
    "action": "new",
    "side": "sell",
    "price": 65298.5292,
    "quantity": 0.001,
    "remaining_quantity": 0.001
  },
  {
    "event_id": "ce54aac9265b8be4254721bcb600be32148afb6e4a72ab7cf72fa63a958c8f6e",
    "schema_version": "1.0.0",
    "event_type": "agent_order",
    "source": "synthetic_agent",
    "symbol": "BTCUSDT",
    "exchange": "binance_usdm",
    "timestamp": "2024-05-01T00:00:00.050000Z",
    "sequence": 10,
    "scenario_id": "scenario-292-quote_stuffing",
    "agent_id": "agent-quote_stuffing",
    "order_id": "scenario-292-quote_stuffing-agent-quote_stuffing-10",
    "action": "new",
    "side": "buy",
    "price": 65285.4708,
    "quantity": 0.001,
    "remaining_quantity": 0.001
  },
  {
    "event_id": "9ed1ad2e85b46403c027b53a72f1c9b95f5a11c79355c880062fafb70e0750a6",
    "schema_version": "1.0.0",
    "event_type": "agent_order",
    "source": "synthetic_agent",
    "symbol": "BTCUSDT",
    "exchange": "binance_usdm",
    "timestamp": "2024-05-01T00:00:00.055000Z",
    "sequence": 11,
    "scenario_id": "scenario-292-quote_stuffing",
    "agent_id": "agent-quote_stuffing",
    "order_id": "scenario-292-quote_stuffing-agent-quote_stuffing-11",
    "action": "new",
    "side": "sell",
    "price": 65298.5292,
    "quantity": 0.001,
    "remaining_quantity": 0.001
  },
  {
    "event_id": "5b6fbb944f6713791560b2877bf4aeae772bb07016ab615cd4954e9b39eadf09",
    "schema_version": "1.0.0",
    "event_type": "agent_order",
    "source": "synthetic_agent",
    "symbol": "BTCUSDT",
    "exchange": "binance_usdm",
    "timestamp": "2024-05-01T00:00:00.060000Z",
    "sequence": 12,
    "scenario_id": "scenario-292-quote_stuffing",
    "agent_id": "agent-quote_stuffing",
    "order_id": "scenario-292-quote_stuffing-agent-quote_stuffing-12",
    "action": "new",
    "side": "buy",
    "price": 65285.4708,
    "quantity": 0.001,
    "remaining_quantity": 0.001
  },
  {
    "event_id": "97d5b5ed689938b61c4f96e5105c741a9029804e50a7393b333eba265d04bd85",
    "schema_version": "1.0.0",
    "event_type": "agent_order",
    "source": "synthetic_agent",
    "symbol": "BTCUSDT",
    "exchange": "binance_usdm",
    "timestamp": "2024-05-01T00:00:00.065000Z",
    "sequence": 13,
    "scenario_id": "scenario-292-quote_stuffing",
    "agent_id": "agent-quote_stuffing",
    "order_id": "scenario-292-quote_stuffing-agent-quote_stuffing-13",
    "action": "new",
    "side": "sell",
    "price": 65298.5292,
    "quantity": 0.001,
    "remaining_quantity": 0.001
  },
  {
    "event_id": "a696f652ea0d66d93b06feb23d028a3d9b7ee0d7f82fd207e013bdcddef8243b",
    "schema_version": "1.0.0",
    "event_type": "agent_order",
    "source": "synthetic_agent",
    "symbol": "BTCUSDT",
    "exchange": "binance_usdm",
    "timestamp": "2024-05-01T00:00:00.070000Z",
    "sequence": 14,
    "scenario_id": "scenario-292-quote_stuffing",
    "agent_id": "agent-quote_stuffing",
    "order_id": "scenario-292-quote_stuffing-agent-quote_stuffing-14",
    "action": "new",
    "side": "buy",
    "price": 65285.4708,
    "quantity": 0.001,
    "remaining_quantity": 0.001
  },
  {
    "event_id": "bdbfadac6c130a2bafd08789f035b0375a9ca9f057672fea19ff83d8fe2d74a3",
    "schema_version": "1.0.0",
    "event_type": "agent_order",
    "source": "synthetic_agent",
    "symbol": "BTCUSDT",
    "exchange": "binance_usdm",
    "timestamp": "2024-05-01T00:00:00.075000Z",
    "sequence": 15,
    "scenario_id": "scenario-292-quote_stuffing",
    "agent_id": "agent-quote_stuffing",
    "order_id": "scenario-292-quote_stuffing-agent-quote_stuffing-15",
    "action": "new",
    "side": "sell",
    "price": 65298.5292,
    "quantity": 0.001,
    "remaining_quantity": 0.001
  },
  {
    "event_id": "82ea0f3d24fc454ce1e4d99e80aa08cb2f499d2b1689b2339f78d32ffde7a6bb",
    "schema_version": "1.0.0",
    "event_type": "agent_order",
    "source": "synthetic_agent",
    "symbol": "BTCUSDT",
    "exchange": "binance_usdm",
    "timestamp": "2024-05-01T00:00:00.080000Z",
    "sequence": 16,
    "scenario_id": "scenario-292-quote_stuffing",
    "agent_id": "agent-quote_stuffing",
    "order_id": "scenario-292-quote_stuffing-agent-quote_stuffing-16",
    "action": "new",
    "side": "buy",
    "price": 65285.4708,
    "quantity": 0.001,
    "remaining_quantity": 0.001
  },
  {
    "event_id": "cb09faffe6c15429df06040eaa93a76792cff5b47b6d7548044e106b549d66b1",
    "schema_version": "1.0.0",
    "event_type": "agent_order",
    "source": "synthetic_agent",
    "symbol": "BTCUSDT",
    "exchange": "binance_usdm",
    "timestamp": "2024-05-01T00:00:00.085000Z",
    "sequence": 17,
    "scenario_id": "scenario-292-quote_stuffing",
    "agent_id": "agent-quote_stuffing",
    "order_id": "scenario-292-quote_stuffing-agent-quote_stuffing-17",
    "action": "new",
    "side": "sell",
    "price": 65298.5292,
    "quantity": 0.001,
    "remaining_quantity": 0.001
  },
  {
    "event_id": "9b98c563871d31ac0b549b5786d85a654f435550294ad8005e74877616fd4497",
    "schema_version": "1.0.0",
    "event_type": "agent_order",
    "source": "synthetic_agent",
    "symbol": "BTCUSDT",
    "exchange": "binance_usdm",
    "timestamp": "2024-05-01T00:00:00.090000Z",
    "sequence": 18,
    "scenario_id": "scenario-292-quote_stuffing",
    "agent_id": "agent-quote_stuffing",
    "order_id": "scenario-292-quote_stuffing-agent-quote_stuffing-18",
    "action": "new",
    "side": "buy",
    "price": 65285.4708,
    "quantity": 0.001,
    "remaining_quantity": 0.001
  },
  {
    "event_id": "8fc7db6f665671c4a4f7c3276753b6de3c1de76e6d16ea34ed5199442fe90d35",
    "schema_version": "1.0.0",
    "event_type": "agent_order",
    "source": "synthetic_agent",
    "symbol": "BTCUSDT",
    "exchange": "binance_usdm",
    "timestamp": "2024-05-01T00:00:00.095000Z",
    "sequence": 19,
    "scenario_id": "scenario-292-quote_stuffing",
    "agent_id": "agent-quote_stuffing",
    "order_id": "scenario-292-quote_stuffing-agent-quote_stuffing-19",
    "action": "new",
    "side": "sell",
    "price": 65298.5292,
    "quantity": 0.001,
    "remaining_quantity": 0.001
  },
  {
    "event_id": "88f623d793da303410f393c897e4f1d4d7ca7db6cf8f895d688524acc0823f82",
    "schema_version": "1.0.0",
    "event_type": "agent_order",
    "source": "synthetic_agent",
    "symbol": "BTCUSDT",
    "exchange": "binance_usdm",
    "timestamp": "2024-05-01T00:00:00.100000Z",
    "sequence": 20,
    "scenario_id": "scenario-292-quote_stuffing",
    "agent_id": "agent-quote_stuffing",
    "order_id": "scenario-292-quote_stuffing-agent-quote_stuffing-20",
    "action": "new",
    "side": "buy",
    "price": 65285.4708,
    "quantity": 0.001,
    "remaining_quantity": 0.001
  },
  {
    "event_id": "5f60b517863a239a26c4743a494c108338397ab3dcaf697638e37878764dce20",
    "schema_version": "1.0.0",
    "event_type": "agent_order",
    "source": "synthetic_agent",
    "symbol": "BTCUSDT",
    "exchange": "binance_usdm",
    "timestamp": "2024-05-01T00:00:00.105000Z",
    "sequence": 21,
    "scenario_id": "scenario-292-quote_stuffing",
    "agent_id": "agent-quote_stuffing",
    "order_id": "scenario-292-quote_stuffing-agent-quote_stuffing-21",
    "action": "new",
    "side": "sell",
    "price": 65298.5292,
    "quantity": 0.001,
    "remaining_quantity": 0.001
  },
  {
    "event_id": "bd5076e5ea0293cd21d5e23a326e51e0d85127f218ee8dd7dc4c7a07be0ef1a8",
    "schema_version": "1.0.0",
    "event_type": "agent_order",
    "source": "synthetic_agent",
    "symbol": "BTCUSDT",
    "exchange": "binance_usdm",
    "timestamp": "2024-05-01T00:00:00.110000Z",
    "sequence": 22,
    "scenario_id": "scenario-292-quote_stuffing",
    "agent_id": "agent-quote_stuffing",
    "order_id": "scenario-292-quote_stuffing-agent-quote_stuffing-22",
    "action": "new",
    "side": "buy",
    "price": 65285.4708,
    "quantity": 0.001,
    "remaining_quantity": 0.001
  },
  {
    "event_id": "96792e8e207a8ae749b4ea8d6294c667903db1a45deb338b92fceb4849df3555",
    "schema_version": "1.0.0",
    "event_type": "agent_order",
    "source": "synthetic_agent",
    "symbol": "BTCUSDT",
    "exchange": "binance_usdm",
    "timestamp": "2024-05-01T00:00:00.115000Z",
    "sequence": 23,
    "scenario_id": "scenario-292-quote_stuffing",
    "agent_id": "agent-quote_stuffing",
    "order_id": "scenario-292-quote_stuffing-agent-quote_stuffing-23",
    "action": "new",
    "side": "sell",
    "price": 65298.5292,
    "quantity": 0.001,
    "remaining_quantity": 0.001
  },
  {
    "event_id": "e96a29dce8d60493c2739b389cf4d05d843336c8ff577afbce39f7d1bdfa3400",
    "schema_version": "1.0.0",
    "event_type": "agent_order",
    "source": "synthetic_agent",
    "symbol": "BTCUSDT",
    "exchange": "binance_usdm",
    "timestamp": "2024-05-01T00:00:00.120000Z",
    "sequence": 24,
    "scenario_id": "scenario-292-quote_stuffing",
    "agent_id": "agent-quote_stuffing",
    "order_id": "scenario-292-quote_stuffing-agent-quote_stuffing-24",
    "action": "new",
    "side": "buy",
    "price": 65285.4708,
    "quantity": 0.001,
    "remaining_quantity": 0.001
  },
  {
    "event_id": "6c167a20041f59dcd95b05272cff9cd259e4ec0665a5b0c9a80c99812c4d222a",
    "schema_version": "1.0.0",
    "event_type": "agent_order",
    "source": "synthetic_agent",
    "symbol": "BTCUSDT",
    "exchange": "binance_usdm",
    "timestamp": "2024-05-01T00:00:00.125000Z",
    "sequence": 25,
    "scenario_id": "scenario-292-quote_stuffing",
    "agent_id": "agent-quote_stuffing",
    "order_id": "scenario-292-quote_stuffing-agent-quote_stuffing-25",
    "action": "new",
    "side": "sell",
    "price": 65298.5292,
    "quantity": 0.001,
    "remaining_quantity": 0.001
  },
  {
    "event_id": "fac4a54e2cb3d1a63b47652b2db86c65cf8fd753d7aebee7356a16457a29ee6b",
    "schema_version": "1.0.0",
    "event_type": "agent_order",
    "source": "synthetic_agent",
    "symbol": "BTCUSDT",
    "exchange": "binance_usdm",
    "timestamp": "2024-05-01T00:00:00.130000Z",
    "sequence": 26,
    "scenario_id": "scenario-292-quote_stuffing",
    "agent_id": "agent-quote_stuffing",
    "order_id": "scenario-292-quote_stuffing-agent-quote_stuffing-26",
    "action": "new",
    "side": "buy",
    "price": 65285.4708,
    "quantity": 0.001,
    "remaining_quantity": 0.001
  },
  {
    "event_id": "aeb9296f1b9d5dfb3b3696e6c127e07b3e839bf8dec93f32d6967f6f67e3c493",
    "schema_version": "1.0.0",
    "event_type": "agent_order",
    "source": "synthetic_agent",
    "symbol": "BTCUSDT",
    "exchange": "binance_usdm",
    "timestamp": "2024-05-01T00:00:00.135000Z",
    "sequence": 27,
    "scenario_id": "scenario-292-quote_stuffing",
    "agent_id": "agent-quote_stuffing",
    "order_id": "scenario-292-quote_stuffing-agent-quote_stuffing-27",
    "action": "new",
    "side": "sell",
    "price": 65298.5292,
    "quantity": 0.001,
    "remaining_quantity": 0.001
  },
  {
    "event_id": "22c53b0315d8f58253ca5db44b278bfb7c25a2d8dee6e204e7a9db076dccf74e",
    "schema_version": "1.0.0",
    "event_type": "agent_order",
    "source": "synthetic_agent",
    "symbol": "BTCUSDT",
    "exchange": "binance_usdm",
    "timestamp": "2024-05-01T00:00:00.140000Z",
    "sequence": 28,
    "scenario_id": "scenario-292-quote_stuffing",
    "agent_id": "agent-quote_stuffing",
    "order_id": "scenario-292-quote_stuffing-agent-quote_stuffing-28",
    "action": "new",
    "side": "buy",
    "price": 65285.4708,
    "quantity": 0.001,
    "remaining_quantity": 0.001
  },
  {
    "event_id": "41abdcfb1b361557013eb4bd98b5de563b44e3cacc04b93f5c12af1567b2b4ed",
    "schema_version": "1.0.0",
    "event_type": "agent_order",
    "source": "synthetic_agent",
    "symbol": "BTCUSDT",
    "exchange": "binance_usdm",
    "timestamp": "2024-05-01T00:00:00.145000Z",
    "sequence": 29,
    "scenario_id": "scenario-292-quote_stuffing",
    "agent_id": "agent-quote_stuffing",
    "order_id": "scenario-292-quote_stuffing-agent-quote_stuffing-29",
    "action": "new",
    "side": "sell",
    "price": 65298.5292,
    "quantity": 0.001,
    "remaining_quantity": 0.001
  }
]