[
  {
    "event_id": "4ec8e527d96ed6bb39d610f1f2fff4ec4151ffea931e9663eab92153ab24f481",
    "schema_version": "1.0.0",
    "event_type": "agent_order",
    "source": "synthetic_agent",
    "symbol": "BTCUSDT",
    "exchange": "binance_usdm",
    "timestamp": "2024-05-01T00:00:00Z",
    "sequence": 0,
    "scenario_id": "scenario-172-quote_stuffing",
    "agent_id": "agent-quote_stuffing",
    "order_id": "scenario-172-quote_stuffing-agent-quote_stuffing-0",
    "action": "new",
    "side": "buy",
    "price": 65165.4828,
    "quantity": 0.001,
    "remaining_quantity": 0.001
  },
  {
    "event_id": "0dfc8189ba20184fab1d3fd845a8cf5f8d7dff3be87267cc56c41a04eaa4770b",
    "schema_version": "1.0.0",
    "event_type": "agent_order",
    "source": "synthetic_agent",
    "symbol": "BTCUSDT",
    "exchange": "binance_usdm",
    "timestamp": "2024-05-01T00:00:00.005000Z",
    "sequence": 1,
    "scenario_id": "scenario-172-quote_stuffing",
    "agent_id": "agent-quote_stuffing",
    "order_id": "scenario-172-quote_stuffing-agent-quote_stuffing-1",
    "action": "new",
    "side": "sell",
    "price": 65178.5172,
    "quantity": 0.001,
    "remaining_quantity": 0.001
  },
  {
    "event_id": "e4ac63bd95728012c24fa52f3b6764e782b755e420e3710d9c865dae8882fb72",
    "schema_version": "1.0.0",
    "event_type": "agent_order",
    "source": "synthetic_agent",
    "symbol": "BTCUSDT",
    "exchange": "binance_usdm",
    "timestamp": "2024-05-01T00:00:00.010000Z",
    "sequence": 2,
    "scenario_id": "scenario-172-quote_stuffing",
    "agent_id": "agent-quote_stuffing",
    "order_id": "scenario-172-quote_stuffing-agent-quote_stuffing-2",
    "action": "new",
    "side": "buy",
    "price": 65165.4828,
    "quantity": 0.001,
    "remaining_quantity": 0.001
  },
  {
    "event_id": "8fc7a7884b9b8389f4a1388292b507b51b32b3d159d4a33b5766a9002dede614",
    "schema_version": "1.0.0",
    "event_type": "agent_order",
    "source": "synthetic_agent",
    "symbol": "BTCUSDT",
    "exchange": "binance_usdm",
    "timestamp": "2024-05-01T00:00:00.015000Z",
    "sequence": 3,
    "scenario_id": "scenario-172-quote_stuffing",
    "agent_id": "agent-quote_stuffing",
    "order_id": "scenario-172-quote_stuffing-agent-quote_stuffing-3",
    "action": "new",
    "side": "sell",
    "price": 65178.5172,
    "quantity": 0.001,
    "remaining_quantity": 0.001
  },
  {
    "event_id": "49cc8f507b05eaf6df042f6b5c0cc0fd022294a282457dde047a61ee300a6ec6",
    "schema_version": "1.0.0",
    "event_type": "agent_order",
    "source": "synthetic_agent",
    "symbol": "BTCUSDT",
    "exchange": "binance_usdm",
    "timestamp": "2024-05-01T00:00:00.020000Z",
    "sequence": 4,
    "scenario_id": "scenario-172-quote_stuffing",
    "agent_id": "agent-quote_stuffing",
    "order_id": "scenario-172-quote_stuffing-agent-quote_stuffing-4",
    "action": "new",
    "side": "buy",
    "price": 65165.4828,
    "quantity": 0.001,
    "remaining_quantity": 0.001
  },
  {
    "event_id": "9a7eef16925255536157c64b4d3708a744d69a737af54f395bbc9a4c312172a2",
    "schema_version": "1.0.0",
    "event_type": "agent_order",
    "source": "synthetic_agent",
    "symbol": "BTCUSDT",
    "exchange": "binance_usdm",
    "timestamp": "2024-05-01T00:00:00.025000Z",
    "sequence": 5,
    "scenario_id": "scenario-172-quote_stuffing",
    "agent_id": "agent-quote_stuffing",
    "order_id": "scenario-172-quote_stuffing-agent-quote_stuffing-5",
    "action": "new",
    "side": "sell",
    "price": 65178.5172,
    "quantity": 0.001,
    "remaining_quantity": 0.001
  },
  {
    "event_id": "99804ab793e917c6d35c19fbe9171ebcd8d13686b7b6e15f3c460c0b20e99af6",
    "schema_version": "1.0.0",
    "event_type": "agent_order",
    "source": "synthetic_agent",
    "symbol": "BTCUSDT",
    "exchange": "binance_usdm",
    "timestamp": "2024-05-01T00:00:00.030000Z",
    "sequence": 6,
    "scenario_id": "scenario-172-quote_stuffing",
    "agent_id": "agent-quote_stuffing",
    "order_id": "scenario-172-quote_stuffing-agent-quote_stuffing-6",
    "action": "new",
    "side": "buy",
    "price": 65165.4828,
    "quantity": 0.001,
    "remaining_quantity": 0.001
  },
  {
    "event_id": "66a1b9f2b24b747d3bac578e3d1bde91fcb39e3bfb951b86fe3e2b1daf97bd24",
    "schema_version": "1.0.0",
    "event_type": "agent_order",
    "source": "synthetic_agent",
    "symbol": "BTCUSDT",
    "exchange": "binance_usdm",
    "timestamp": "2024-05-01T00:00:00.035000Z",
    "sequence": 7,
    "scenario_id": "scenario-172-quote_stuffing",
    "agent_id": "agent-quote_stuffing",
    "order_id": "scenario-172-quote_stuffing-agent-quote_stuffing-7",
    "action": "new",
    "side": "sell",
    "price": 65178.5172,
    "quantity": 0.001,
    "remaining_quantity": 0.001
  },
  {
    "event_id": "ebf053fa1f888e365ae740d40747096a4c2888368f373a77d777807cc7a8c41d",
    "schema_version": "1.0.0",
    "event_type": "agent_order",
    "source": "synthetic_agent",
    "symbol": "BTCUSDT",
    "exchange": "binance_usdm",
    "timestamp": "2024-05-01T00:00:00.040000Z",
    "sequence": 8,
    "scenario_id": "scenario-172-quote_stuffing",
    "agent_id": "agent-quote_stuffing",
    "order_id": "scenario-172-quote_stuffing-agent-quote_stuffing-8",
    "action": "new",
    "side": "buy",
    "price": 65165.4828,
    "quantity": 0.001,
    "remaining_quantity": 0.001
  },
  {
    "event_id": "5ad7ef691e1f9296d43a98c2a97bc6f9b2a062bf171c0c472d1913ce769a94e6",
    "schema_version": "1.0.0",
    "event_type": "agent_order",
    "source": "synthetic_agent",
    "symbol": "BTCUSDT",
    "exchange": "binance_usdm",
    "timestamp": "2024-05-01T00:00:00.045000Z",
    "sequence": 9,
    "scenario_id": "scenario-172-quote_stuffing",
    "agent_id": "agent-quote_stuffing",
    "order_id": "scenario-172-quote_stuffing-agent-quote_stuffing-9",
    "action": "new",
    "side": "sell",
    "price": 65178.5172,
    "quantity": 0.001,
    "remaining_quantity": 0.001
  },
  {
    "event_id": "9c5ab0dbae26c72172c6cdb33a254f0ab23fa5c58b71656cbfe678876623e6f0",
    "schema_version": "1.0.0",
    "event_type": "agent_order",
    "source": "synthetic_agent",
    "symbol": "BTCUSDT",
    "exchange": "binance_usdm",
    "timestamp": "2024-05-01T00:00:00.050000Z",
    "sequence": 10,
    "scenario_id": "scenario-172-quote_stuffing",
    "agent_id": "agent-quote_stuffing",
    "order_id": "scenario-172-quote_stuffing-agent-quote_stuffing-10",
    "action": "new",
    "side": "buy",
    "price": 65165.4828,
    "quantity": 0.001,
    "remaining_quantity": 0.001
  },
  {
    "event_id": "c04a0a2503a602f37ad967b51eb6d4edcd65ce5de742e53e766cf126c468c79e",
    "schema_version": "1.0.0",
    "event_type": "agent_order",
    "source": "synthetic_agent",
    "symbol": "BTCUSDT",
    "exchange": "binance_usdm",
    "timestamp": "2024-05-01T00:00:00.055000Z",
    "sequence": 11,
    "scenario_id": "scenario-172-quote_stuffing",
    "agent_id": "agent-quote_stuffing",
    "order_id": "scenario-172-quote_stuffing-agent-quote_stuffing-11",
    "action": "new",
    "side": "sell",
    "price": 65178.5172,
    "quantity": 0.001,
    "remaining_quantity": 0.001
  },
  {
    "event_id": "70cb22775b5df0994b292c8f2a7b3988e0955771c390d925ed52425f9054aa4e",
    "schema_version": "1.0.0",
    "event_type": "agent_order",
    "source": "synthetic_agent",
    "symbol": "BTCUSDT",
    "exchange": "binance_usdm",
    "timestamp": "2024-05-01T00:00:00.060000Z",
    "sequence": 12,
    "scenario_id": "scenario-172-quote_stuffing",
    "agent_id": "agent-quote_stuffing",
    "order_id": "scenario-172-quote_stuffing-agent-quote_stuffing-12",
    "action": "new",
    "side": "buy",
    "price": 65165.4828,
    "quantity": 0.001,
    "remaining_quantity": 0.001
  },
  {
    "event_id": "9faaa7757f9ad451643c4868f7d8ed94718aba9f180c3ad805621db29379b6ac",
    "schema_version": "1.0.0",
    "event_type": "agent_order",
    "source": "synthetic_agent",
    "symbol": "BTCUSDT",
    "exchange": "binance_usdm",
    "timestamp": "2024-05-01T00:00:00.065000Z",
    "sequence": 13,
    "scenario_id": "scenario-172-quote_stuffing",
    "agent_id": "agent-quote_stuffing",
    "order_id": "scenario-172-quote_stuffing-agent-quote_stuffing-13",
    "action": "new",
    "side": "sell",
    "price": 65178.5172,
    "quantity": 0.001,
    "remaining_quantity": 0.001
  },
  {
    "event_id": "926f2aa53b048bf70c30e882ec8629a35ce1e0ef4c34c206cd6fc08e92a37298",
    "schema_version": "1.0.0",
    "event_type": "agent_order",
    "source": "synthetic_agent",
    "symbol": "BTCUSDT",
    "exchange": "binance_usdm",
    "timestamp": "2024-05-01T00:00:00.070000Z",
    "sequence": 14,
    "scenario_id": "scenario-172-quote_stuffing",
    "agent_id": "agent-quote_stuffing",
    "order_id": "scenario-172-quote_stuffing-agent-quote_stuffing-14",
    "action": "new",
    "side": "buy",
    "price": 65165.4828,
    "quantity": 0.001,
    "remaining_quantity": 0.001
  },
  {
    "event_id": "e2b69d284a8fd872de0b93205d8a63629643a86990750391929d4e97a2acd15d",
    "schema_version": "1.0.0",
    "event_type": "agent_order",
    "source": "synthetic_agent",
    "symbol": "BTCUSDT",
    "exchange": "binance_usdm",
    "timestamp": "2024-05-01T00:00:00.075000Z",
    "sequence": 15,
    "scenario_id": "scenario-172-quote_stuffing",
    "agent_id": "agent-quote_stuffing",
    "order_id": "scenario-172-quote_stuffing-agent-quote_stuffing-15",
    "action": "new",
    "side": "sell",
    "price": 65178.5172,
    "quantity": 0.001,
    "remaining_quantity": 0.001
  },
  {
    "event_id": "503d69d24fdbe0e94f8239e5667354c367dca955e6c7ae34aaec1d471fa33d58",
    "schema_version": "1.0.0",
    "event_type": "agent_order",
    "source": "synthetic_agent",
    "symbol": "BTCUSDT",
    "exchange": "binance_usdm",
    "timestamp": "2024-05-01T00:00:00.080000Z",
    "sequence": 16,
    "scenario_id": "scenario-172-quote_stuffing",
    "agent_id": "agent-quote_stuffing",
    "order_id": "scenario-172-quote_stuffing-agent-quote_stuffing-16",
    "action": "new",
    "side": "buy",
    "price": 65165.4828,
    "quantity": 0.001,
    "remaining_quantity": 0.001
  },
  {
    "event_id": "e9927450cf32f1297ee34c018daa7f26cb3a88c2c7af2373ab7501616e833981",
    "schema_version": "1.0.0",
    "event_type": "agent_order",
    "source": "synthetic_agent",
    "symbol": "BTCUSDT",
    "exchange": "binance_usdm",
    "timestamp": "2024-05-01T00:00:00.085000Z",
    "sequence": 17,
    "scenario_id": "scenario-172-quote_stuffing",
    "agent_id": "agent-quote_stuffing",
    "order_id": "scenario-172-quote_stuffing-agent-quote_stuffing-17",
    "action": "new",
    "side": "sell",
    "price": 65178.5172,
    "quantity": 0.001,
    "remaining_quantity": 0.001
  },
  {
    "event_id": "bdc57df602af1533c606717892890ce54b16a6d0c826320917cec1d9b9e36b79",
    "schema_version": "1.0.0",
    "event_type": "agent_order",
    "source": "synthetic_agent",
    "symbol": "BTCUSDT",
    "exchange": "binance_usdm",
    "timestamp": "2024-05-01T00:00:00.090000Z",
    "sequence": 18,
    "scenario_id": "scenario-172-quote_stuffing",
    "agent_id": "agent-quote_stuffing",
    "order_id": "scenario-172-quote_stuffing-agent-quote_stuffing-18",
    "action": "new",
    "side": "buy",
    "price": 65165.4828,
    "quantity": 0.001,
    "remaining_quantity": 0.001
  },
  {
    "event_id": "0a0b00a770cf3537070eff470729f1bc6086a9f171f95bc3214225a05c1501bf",
    "schema_version": "1.0.0",
    "event_type": "agent_order",
    "source": "synthetic_agent",
    "symbol": "BTCUSDT",
    "exchange": "binance_usdm",
    "timestamp": "2024-05-01T00:00:00.095000Z",
    "sequence": 19,
    "scenario_id": "scenario-172-quote_stuffing",
    "agent_id": "agent-quote_stuffing",
    "order_id": "scenario-172-quote_stuffing-agent-quote_stuffing-19",
    "action": "new",
    "side": "sell",
    "price": 65178.5172,
    "quantity": 0.001,
    "remaining_quantity": 0.001
  },
  {
    "event_id": "33089bab40c4af15dd76ace43f49d05e496260394c93515c196f4e6db220ac9f",
    "schema_version": "1.0.0",
    "event_type": "agent_order",
    "source": "synthetic_agent",
    "symbol": "BTCUSDT",
    "exchange": "binance_usdm",
    "timestamp": "2024-05-01T00:00:00.100000Z",
    "sequence": 20,
    "scenario_id": "scenario-172-quote_stuffing",
    "agent_id": "agent-quote_stuffing",
    "order_id": "scenario-172-quote_stuffing-agent-quote_stuffing-20",
    "action": "new",
    "side": "buy",
    "price": 65165.4828,
    "quantity": 0.001,
    "remaining_quantity": 0.001
  },
  {
    "event_id": "fabd3c0a50c45729066d07afeceb9f32a91a4a207fd97b58a8814e535a322178",
    "schema_version": "1.0.0",
    "event_type": "agent_order",
    "source": "synthetic_agent",
    "symbol": "BTCUSDT",
    "exchange": "binance_usdm",
    "timestamp": "2024-05-01T00:00:00.105000Z",
    "sequence": 21,
    "scenario_id": "scenario-172-quote_stuffing",
    "agent_id": "agent-quote_stuffing",
    "order_id": "scenario-172-quote_stuffing-agent-quote_stuffing-21",
    "action": "new",
    "side": "sell",
    "price": 65178.5172,
    "quantity": 0.001,
    "remaining_quantity": 0.001
  },
  {
    "event_id": "2f605afe7082f0c41964289596b7f4592fab5fee41928b72528609de54154f1a",
    "schema_version": "1.0.0",
    "event_type": "agent_order",
    "source": "synthetic_agent",
    "symbol": "BTCUSDT",
    "exchange": "binance_usdm",
    "timestamp": "2024-05-01T00:00:00.110000Z",
    "sequence": 22,
    "scenario_id": "scenario-172-quote_stuffing",
    "agent_id": "agent-quote_stuffing",
    "order_id": "scenario-172-quote_stuffing-agent-quote_stuffing-22",
    "action": "new",
    "side": "buy",
    "price": 65165.4828,
    "quantity": 0.001,
    "remaining_quantity": 0.001
  },
  {
    "event_id": "66db172d23e5d2d82e234d261ba7cd693f44307d9f196d39cf6cf34e2887f167",
    "schema_version": "1.0.0",
    "event_type": "agent_order",
    "source": "synthetic_agent",
    "symbol": "BTCUSDT",
    "exchange": "binance_usdm",
    "timestamp": "2024-05-01T00:00:00.115000Z",
    "sequence": 23,
    "scenario_id": "scenario-172-quote_stuffing",
    "agent_id": "agent-quote_stuffing",
    "order_id": "scenario-172-quote_stuffing-agent-quote_stuffing-23",
    "action": "new",
    "side": "sell",
    "price": 65178.5172,
    "quantity": 0.001,
    "remaining_quantity": 0.001
  },
  {
    "event_id": "8ffdad2e89d3f1b03d5abbabcdd60dc03eb7bc81e6ce6886a33558cf1792a157",
    "schema_version": "1.0.0",
    "event_type": "agent_order",
    "source": "synthetic_agent",
    "symbol": "BTCUSDT",
    "exchange": "binance_usdm",
    "timestamp": "2024-05-01T00:00:00.120000Z",
    "sequence": 24,
    "scenario_id": "scenario-172-quote_stuffing",
    "agent_id": "agent-quote_stuffing",
    "order_id": "scenario-172-quote_stuffing-agent-quote_stuffing-24",
    "action": "new",
    "side": "buy",
    "price": 65165.4828,
    "quantity": 0.001,
    "remaining_quantity": 0.001
  },
  {
    "event_id": "b429335606523cbdbcd6e82780454a61a38bcbcfde3050f51060654411ead7da",
    "schema_version": "1.0.0",
    "event_type": "agent_order",
    "source": "synthetic_agent",
    "symbol": "BTCUSDT",
    "exchange": "binance_usdm",
    "timestamp": "2024-05-01T00:00:00.125000Z",
    "sequence": 25,
    "scenario_id": "scenario-172-quote_stuffing",
    "agent_id": "agent-quote_stuffing",
    "order_id": "scenario-172-quote_stuffing-agent-quote_stuffing-25",
    "action": "new",
    "side": "sell",
    "price": 65178.5172,
    "quantity": 0.001,
    "remaining_quantity": 0.001
  },
  {
    "event_id": "10cdaa4a4a8e077b258c770f86502ec235aaf27e3caf51d47d5515e26c4d4267",
    "schema_version": "1.0.0",
    "event_type": "agent_order",
    "source": "synthetic_agent",
    "symbol": "BTCUSDT",
    "exchange": "binance_usdm",
    "timestamp": "2024-05-01T00:00:00.130000Z",
    "sequence": 26,
    "scenario_id": "scenario-172-quote_stuffing",
    "agent_id": "agent-quote_stuffing",
    "order_id": "scenario-172-quote_stuffing-agent-quote_stuffing-26",
    "action": "new",
    "side": "buy",
    "price": 65165.4828,
    "quantity": 0.001,
    "remaining_quantity": 0.001
  },
  {
    "event_id": "a5923a85f56690547bb74780c78cfe53c095d2e3f2718fface0acd74825bfb71",
    "schema_version": "1.0.0",
    "event_type": "agent_order",
    "source": "synthetic_agent",
    "symbol": "BTCUSDT",
    "exchange": "binance_usdm",
    "timestamp": "2024-05-01T00:00:00.135000Z",
    "sequence": 27,
    "scenario_id": "scenario-172-quote_stuffing",
    "agent_id": "agent-quote_stuffing",
    "order_id": "scenario-172-quote_stuffing-agent-quote_stuffing-27",
    "action": "new",
    "side": "sell",
    "price": 65178.5172,
    "quantity": 0.001,
    "remaining_quantity": 0.001
  },
  {
    "event_id": "33d60e3e32256cebf72d67f91d802760181f024274209fc4e29047b736a445a7",
    "schema_version": "1.0.0",
    "event_type": "agent_order",
    "source": "synthetic_agent",
    "symbol": "BTCUSDT",
    "exchange": "binance_usdm",
    "timestamp": "2024-05-01T00:00:00.140000Z",
    "sequence": 28,
    "scenario_id": "scenario-172-quote_stuffing",
    "agent_id": "agent-quote_stuffing",
    "order_id": "scenario-172-quote_stuffing-agent-quote_stuffing-28",
    "action": "new",
    "side": "buy",
    "price": 65165.4828,
    "quantity": 0.001,
    "remaining_quantity": 0.001
  },
  {
    "event_id": "a351a8132761915c68e17caa9b06baaa96d21cb54d3c62c38e22cffaa0bb1411",
    "schema_version": "1.0.0",
    "event_type": "agent_order",
    "source": "synthetic_agent",
    "symbol": "BTCUSDT",
    "exchange": "binance_usdm",
    "timestamp": "2024-05-01T00:00:00.145000Z",
    "sequence": 29,
    "scenario_id": "scenario-172-quote_stuffing",
    "agent_id": "agent-quote_stuffing",
    "order_id": "scenario-172-quote_stuffing-agent-quote_stuffing-29",
    "action": "new",
    "side": "sell",
    "price": 65178.5172,
    "quantity": 0.001,
    "remaining_quantity": 0.001
  }
]