[
  {
    "event_id": "ac1c5b72b645e80a604a2848ac7a2277eb697e1f74263a8790929a730ee5c83d",
    "schema_version": "1.0.0",
    "event_type": "agent_order",
    "source": "synthetic_agent",
    "symbol": "BTCUSDT",
    "exchange": "binance_usdm",
    "timestamp": "2024-05-01T00:00:00Z",
    "sequence": 0,
    "scenario_id": "scenario-007-coordinated_burst",
    "agent_id": "agent-coordinated_burst-0",
    "order_id": "scenario-007-coordinated_burst-agent-coordinated_burst-0-0",
    "action": "new",
    "side": "buy",
    "price": 65020.0014,
    "quantity": 0.04,
    "remaining_quantity": 0.04
  },
  {
    "event_id": "affc2390242ee6a1b6eb10290cc3b654f593ff716e8221866875bb9d55c1110f",
    "schema_version": "1.0.0",
    "event_type": "agent_order",
    "source": "synthetic_agent",
    "symbol": "BTCUSDT",
    "exchange": "binance_usdm",
    "timestamp": "2024-05-01T00:00:00.012000Z",
    "sequence": 1,
    "scenario_id": "scenario-007-coordinated_burst",
    "agent_id": "agent-coordinated_burst-1",
    "order_id": "scenario-007-coordinated_burst-agent-coordinated_burst-1-1",
    "action": "new",
    "side": "sell",
    "price": 64993.9986,
    "quantity": 0.04,
    "remaining_quantity": 0.04
  },
  {
    "event_id": "4f22951d0d3eb76988dfae3adf47a3b1a45d8c5585eac431e599201267686af9",
    "schema_version": "1.0.0",
    "event_type": "agent_order",
    "source": "synthetic_agent",
    "symbol": "BTCUSDT",
    "exchange": "binance_usdm",
    "timestamp": "2024-05-01T00:00:00.024000Z",
    "sequence": 2,
    "scenario_id": "scenario-007-coordinated_burst",
    "agent_id": "agent-coordinated_burst-2",
    "order_id": "scenario-007-coordinated_burst-agent-coordinated_burst-2-2",
    "action": "new",
    "side": "sell",
    "price": 64993.9986,
    "quantity": 0.04,
    "remaining_quantity": 0.04
  },
  {
    "event_id": "cab333125d87462b7b2273a6ab6f9ab58ca6d2d65506ae927bf2e4a1cf8ade4b",
    "schema_version": "1.0.0",
    "event_type": "agent_order",
    "source": "synthetic_agent",
    "symbol": "BTCUSDT",
    "exchange": "binance_usdm",
    "timestamp": "2024-05-01T00:00:00.036000Z",
    "sequence": 3,
    "scenario_id": "scenario-007-coordinated_burst",
    "agent_id": "agent-coordinated_burst-0",
    "order_id": "scenario-007-coordinated_burst-agent-coordinated_burst-0-3",
    "action": "new",
    "side": "buy",
    "price": 65020.0014,
    "quantity": 0.04,
    "remaining_quantity": 0.04
  },
  {
    "event_id": "7bddd2dbd46484036d0815e3f9b5453a7faef35aa6f807c96280f3ad7273a236",
    "schema_version": "1.0.0",
    "event_type": "agent_order",
    "source": "synthetic_agent",
    "symbol": "BTCUSDT",
    "exchange": "binance_usdm",
    "timestamp": "2024-05-01T00:00:00.048000Z",
    "sequence": 4,
    "scenario_id": "scenario-007-coordinated_burst",
    "agent_id": "agent-coordinated_burst-1",
    "order_id": "scenario-007-coordinated_burst-agent-coordinated_burst-1-4",
    "action": "new",
    "side": "sell",
    "price": 64993.9986,
    "quantity": 0.04,
    "remaining_quantity": 0.04
  },
  {
    "event_id": "f78dfc9309d22e6bfbc863e74b00ee344d0bf66d7c0dcd1ba32374d2a504c098",
    "schema_version": "1.0.0",
    "event_type": "agent_order",
    "source": "synthetic_agent",
    "symbol": "BTCUSDT",
    "exchange": "binance_usdm",
    "timestamp": "2024-05-01T00:00:00.600000Z",
    "sequence": 5,
    "scenario_id": "scenario-007-coordinated_burst",
    "agent_id": "agent-coordinated_burst-2",
    "order_id": "scenario-007-coordinated_burst-agent-coordinated_burst-2-5",
    "action": "new",
    "side": "sell",
    "price": 64993.9986,
    "quantity": 0.04,
    "remaining_quantity": 0.04
  },
  {
    "event_id": "bbca2e1cf7451b3544d25a234280d57f2e857d13158410ddab34c0d47c7ba717",
    "schema_version": "1.0.0",
    "event_type": "agent_order",
    "source": "synthetic_agent",
    "symbol": "BTCUSDT",
    "exchange": "binance_usdm",
    "timestamp": "2024-05-01T00:00:00.072000Z",
    "sequence": 6,
    "scenario_id": "scenario-007-coordinated_burst",
    "agent_id": "agent-coordinated_burst-0",
    "order_id": "scenario-007-coordinated_burst-agent-coordinated_burst-0-6",
    "action": "new",
    "side": "buy",
    "price": 65020.0014,
    "quantity": 0.04,
    "remaining_quantity": 0.04
  },
  {
    "event_id": "a46c6ce30c58ed3ef0b945cb3ea9213cd719806e6cde37bb22162d5b1897fdb0",
    "schema_version": "1.0.0",
    "event_type": "agent_order",
    "source": "synthetic_agent",
    "symbol": "BTCUSDT",
    "exchange": "binance_usdm",
    "timestamp": "2024-05-01T00:00:00.084000Z",
    "sequence": 7,
    "scenario_id": "scenario-007-coordinated_burst",
    "agent_id": "agent-coordinated_burst-1",
    "order_id": "scenario-007-coordinated_burst-agent-coordinated_burst-1-7",
    "action": "new",
    "side": "sell",
    "price": 64993.9986,
    "quantity": 0.04,
    "remaining_quantity": 0.04
  },
  {
    "event_id": "dd4f2d718becd1aa06ef0bc2bb6d50d2450e8d505eaa92b33f880110b421abd1",
    "schema_version": "1.0.0",
    "event_type": "agent_order",
    "source": "synthetic_agent",
    "symbol": "BTCUSDT",
    "exchange": "binance_usdm",
    "timestamp": "2024-05-01T00:00:00.096000Z",
    "sequence": 8,
    "scenario_id": "scenario-007-coordinated_burst",
    "agent_id": "agent-coordinated_burst-2",
    "order_id": "scenario-007-coordinated_burst-agent-coordinated_burst-2-8",
    "action": "new",
    "side": "sell",
    "price": 64993.9986,
    "quantity": 0.04,
    "remaining_quantity": 0.04
  },
  {
    "event_id": "16d15edecf9e0e1d50658abf5db4ebeccaf48d581f634ef8e0515e2a0bcb873c",
    "schema_version": "1.0.0",
    "event_type": "agent_order",
    "source": "synthetic_agent",
    "symbol": "BTCUSDT",
    "exchange": "binance_usdm",
    "timestamp": "2024-05-01T00:00:00.108000Z",
    "sequence": 9,
    "scenario_id": "scenario-007-coordinated_burst",
    "agent_id": "agent-coordinated_burst-0",
    "order_id": "scenario-007-coordinated_burst-agent-coordinated_burst-0-9",
    "action": "new",
    "side": "buy",
    "price": 65020.0014,
    "quantity": 0.04,
    "remaining_quantity": 0.04
  },
  {
    "event_id": "fb36fd1917a0ae5fd5fc3954832f7c63ebed90b6f8a429681fbf61a093cf4446",
    "schema_version": "1.0.0",
    "event_type": "agent_order",
    "source": "synthetic_agent",
    "symbol": "BTCUSDT",
    "exchange": "binance_usdm",
    "timestamp": "2024-05-01T00:00:01.200000Z",
    "sequence": 10,
    "scenario_id": "scenario-007-coordinated_burst",
    "agent_id": "agent-coordinated_burst-1",
    "order_id": "scenario-007-coordinated_burst-agent-coordinated_burst-1-10",
    "action": "new",
    "side": "sell",
    "price": 64993.9986,
    "quantity": 0.04,
    "remaining_quantity": 0.04
  },
  {
    "event_id": "dc1b0c0bf0de975f6a4b7af6278d36d1657cf3c76bcb69c7b992f2af89c4251f",
    "schema_version": "1.0.0",
    "event_type": "agent_order",
    "source": "synthetic_agent",
    "symbol": "BTCUSDT",
    "exchange": "binance_usdm",
    "timestamp": "2024-05-01T00:00:00.132000Z",
    "sequence": 11,
    "scenario_id": "scenario-007-coordinated_burst",
    "agent_id": "agent-coordinated_burst-2",
    "order_id": "scenario-007-coordinated_burst-agent-coordinated_burst-2-11",
    "action": "new",
    "side": "sell",
    "price": 64993.9986,
    "quantity": 0.04,
    "remaining_quantity": 0.04
  },
  {
    "event_id": "acf8bf26dcecfe35fee58370b168ab3068460910746b1bb2ae1f40109e994dd8",
    "schema_version": "1.0.0",
    "event_type": "agent_order",
    "source": "synthetic_agent",
    "symbol": "BTCUSDT",
    "exchange": "binance_usdm",
    "timestamp": "2024-05-01T00:00:00.144000Z",
    "sequence": 12,
    "scenario_id": "scenario-007-coordinated_burst",
    "agent_id": "agent-coordinated_burst-0",
    "order_id": "scenario-007-coordinated_burst-agent-coordinated_burst-0-12",
    "action": "new",
    "side": "buy",
    "price": 65020.0014,
    "quantity": 0.04,
    "remaining_quantity": 0.04
  },
  {
    "event_id": "edd5943c4d96c8dbf1915a3b6b1dc8746b213ac93bb6c6e78445131cf2a34368",
    "schema_version": "1.0.0",
    "event_type": "agent_order",
    "source": "synthetic_agent",
    "symbol": "BTCUSDT",
    "exchange": "binance_usdm",
    "timestamp": "2024-05-01T00:00:00.156000Z",
    "sequence": 13,
    "scenario_id": "scenario-007-coordinated_burst",
    "agent_id": "agent-coordinated_burst-1",
    "order_id": "scenario-007-coordinated_burst-agent-coordinated_burst-1-13",
    "action": "new",
    "side": "sell",
    "price": 64993.9986,
    "quantity": 0.04,
    "remaining_quantity": 0.04
  },
  {
    "event_id": "5e4b717ea2761bbc0f44fa63b1bf4b1b6204007f3d156ead8cb9d0d98c7e3450",
    "schema_version": "1.0.0",
    "event_type": "agent_order",
    "source": "synthetic_agent",
    "symbol": "BTCUSDT",
    "exchange": "binance_usdm",
    "timestamp": "2024-05-01T00:00:00.168000Z",
    "sequence": 14,
    "scenario_id": "scenario-007-coordinated_burst",
    "agent_id": "agent-coordinated_burst-2",
    "order_id": "scenario-007-coordinated_burst-agent-coordinated_burst-2-14",
    "action": "new",
    "side": "sell",
    "price": 64993.9986,
    "quantity": 0.04,
    "remaining_quantity": 0.04
  },
  {
    "event_id": "38cb27ff92f3f763f0f7ffadcff737d4f0593a573baa5c0e8cc581b08ba105f1",
    "schema_version": "1.0.0",
    "event_type": "agent_order",
    "source": "synthetic_agent",
    "symbol": "BTCUSDT",
    "exchange": "binance_usdm",
    "timestamp": "2024-05-01T00:00:01.800000Z",
    "sequence": 15,
    "scenario_id": "scenario-007-coordinated_burst",
    "agent_id": "agent-coordinated_burst-0",
    "order_id": "scenario-007-coordinated_burst-agent-coordinated_burst-0-15",
    "action": "new",
    "side": "buy",
    "price": 65020.0014,
    "quantity": 0.04,
    "remaining_quantity": 0.04
  },
  {
    "event_id": "d0345867cd79f34704d18a6c34bb964c695aec151fb78ab79f9e065d7cee271c",
    "schema_version": "1.0.0",
    "event_type": "agent_order",
    "source": "synthetic_agent",
    "symbol": "BTCUSDT",
    "exchange": "binance_usdm",
    "timestamp": "2024-05-01T00:00:00.192000Z",
    "sequence": 16,
    "scenario_id": "scenario-007-coordinated_burst",
    "agent_id": "agent-coordinated_burst-1",
    "order_id": "scenario-007-coordinated_burst-agent-coordinated_burst-1-16",
    "action": "new",
    "side": "sell",
    "price": 64993.9986,
    "quantity": 0.04,
    "remaining_quantity": 0.04
  },
  {
    "event_id": "f49134fbc05dea3bd91856eebebae4239676ea66d566408fb1248c2d7a2e2844",
    "schema_version": "1.0.0",
    "event_type": "agent_order",
    "source": "synthetic_agent",
    "symbol": "BTCUSDT",
    "exchange": "binance_usdm",
    "timestamp": "2024-05-01T00:00:00.204000Z",
    "sequence": 17,
    "scenario_id": "scenario-007-coordinated_burst",
    "agent_id": "agent-coordinated_burst-2",
    "order_id": "scenario-007-coordinated_burst-agent-coordinated_burst-2-17",
    "action": "new",
    "side": "sell",
    "price": 64993.9986,
    "quantity": 0.04,
    "remaining_quantity": 0.04
  },
  {
    "event_id": "fcd1bad5a5966e95f3019558634db3e5525ee9930aea1d0675bb03d96915b49b",
    "schema_version": "1.0.0",
    "event_type": "agent_order",
    "source": "synthetic_agent",
    "symbol": "BTCUSDT",
    "exchange": "binance_usdm",
    "timestamp": "2024-05-01T00:00:00.216000Z",
    "sequence": 18,
    "scenario_id": "scenario-007-coordinated_burst",
    "agent_id": "agent-coordinated_burst-0",
    "order_id": "scenario-007-coordinated_burst-agent-coordinated_burst-0-18",
    "action": "new",
    "side": "buy",
    "price": 65020.0014,
    "quantity": 0.04,
    "remaining_quantity": 0.04
  },
  {
    "event_id": "ced4b84c00cf00ee1a24bd519b4c09f68907e9d1e45f28cb2a81adcef6fb70d6",
    "schema_version": "1.0.0",
    "event_type": "agent_order",
    "source": "synthetic_agent",
    "symbol": "BTCUSDT",
    "exchange": "binance_usdm",
    "timestamp": "2024-05-01T00:00:00.228000Z",
    "sequence": 19,
    "scenario_id": "scenario-007-coordinated_burst",
    "agent_id": "agent-coordinated_burst-1",
    "order_id": "scenario-007-coordinated_burst-agent-coordinated_burst-1-19",
    "action": "new",
    "side": "sell",
    "price": 64993.9986,
    "quantity": 0.04,
    "remaining_quantity": 0.04
  },
  {
    "event_id": "ad2d71760a117becebe0c05ba179f88a943c6bc482667d2e4dc32a017732e053",
    "schema_version": "1.0.0",
    "event_type": "agent_order",
    "source": "synthetic_agent",
    "symbol": "BTCUSDT",
    "exchange": "binance_usdm",
    "timestamp": "2024-05-01T00:00:02.400000Z",
    "sequence": 20,
    "scenario_id": "scenario-007-coordinated_burst",
    "agent_id": "agent-coordinated_burst-2",
    "order_id": "scenario-007-coordinated_burst-agent-coordinated_burst-2-20",
    "action": "new",
    "side": "sell",
    "price": 64993.9986,
    "quantity": 0.04,
    "remaining_quantity": 0.04
  },
  {
    "event_id": "b0f19594cb764fa38e2a8dede85af718487fd50b3fb75f1b49205dec331fe88e",
    "schema_version": "1.0.0",
    "event_type": "agent_order",
    "source": "synthetic_agent",
    "symbol": "BTCUSDT",
    "exchange": "binance_usdm",
    "timestamp": "2024-05-01T00:00:00.252000Z",
    "sequence": 21,
    "scenario_id": "scenario-007-coordinated_burst",
    "agent_id": "agent-coordinated_burst-0",
    "order_id": "scenario-007-coordinated_burst-agent-coordinated_burst-0-21",
    "action": "new",
    "side": "buy",
    "price": 65020.0014,
    "quantity": 0.04,
    "remaining_quantity": 0.04
  },
  {
    "event_id": "db0302341c451003af6731072011dda38085e9d2ae0bef3ba1e9cc9dc5168839",
    "schema_version": "1.0.0",
    "event_type": "agent_order",
    "source": "synthetic_agent",
    "symbol": "BTCUSDT",
    "exchange": "binance_usdm",
    "timestamp": "2024-05-01T00:00:00.264000Z",
    "sequence": 22,
    "scenario_id": "scenario-007-coordinated_burst",
    "agent_id": "agent-coordinated_burst-1",
    "order_id": "scenario-007-coordinated_burst-agent-coordinated_burst-1-22",
    "action": "new",
    "side": "sell",
    "price": 64993.9986,
    "quantity": 0.04,
    "remaining_quantity": 0.04
  },
  {
    "event_id": "6557e1271a99443bc5ca1c80aef8613fa29a8970004a340989adc1c46e43dd26",
    "schema_version": "1.0.0",
    "event_type": "agent_order",
    "source": "synthetic_agent",
    "symbol": "BTCUSDT",
    "exchange": "binance_usdm",
    "timestamp": "2024-05-01T00:00:00.276000Z",
    "sequence": 23,
    "scenario_id": "scenario-007-coordinated_burst",
    "agent_id": "agent-coordinated_burst-2",
    "order_id": "scenario-007-coordinated_burst-agent-coordinated_burst-2-23",
    "action": "new",
    "side": "sell",
    "price": 64993.9986,
    "quantity": 0.04,
    "remaining_quantity": 0.04
  },
  {
    "event_id": "c9d44a5423246c7e98141eac35afd10eda3510f4cf11bd5e2662049b40f56ace",
    "schema_version": "1.0.0",
    "event_type": "agent_order",
    "source": "synthetic_agent",
    "symbol": "BTCUSDT",
    "exchange": "binance_usdm",
    "timestamp": "2024-05-01T00:00:00.288000Z",
    "sequence": 24,
    "scenario_id": "scenario-007-coordinated_burst",
    "agent_id": "agent-coordinated_burst-0",
    "order_id": "scenario-007-coordinated_burst-agent-coordinated_burst-0-24",
    "action": "new",
    "side": "buy",
    "price": 65020.0014,
    "quantity": 0.04,
    "remaining_quantity": 0.04
  },
  {
    "event_id": "8ed880a6e3dc9069b3b41f796cb544e4e314eec6dca97b0e7c85617e0a1a0271",
    "schema_version": "1.0.0",
    "event_type": "agent_order",
    "source": "synthetic_agent",
    "symbol": "BTCUSDT",
    "exchange": "binance_usdm",
    "timestamp": "2024-05-01T00:00:03Z",
    "sequence": 25,
    "scenario_id": "scenario-007-coordinated_burst",
    "agent_id": "agent-coordinated_burst-1",
    "order_id": "scenario-007-coordinated_burst-agent-coordinated_burst-1-25",
    "action": "new",
    "side": "sell",
    "price": 64993.9986,
    "quantity": 0.04,
    "remaining_quantity": 0.04
  },
  {
    "event_id": "2781b04207451735894bea5505d63f7dbd2c242b1571cbfa53dfb33b909cc883",
    "schema_version": "1.0.0",
    "event_type": "agent_order",
    "source": "synthetic_agent",
    "symbol": "BTCUSDT",
    "exchange": "binance_usdm",
    "timestamp": "2024-05-01T00:00:00.312000Z",
    "sequence": 26,
    "scenario_id": "scenario-007-coordinated_burst",
    "agent_id": "agent-coordinated_burst-2",
    "order_id": "scenario-007-coordinated_burst-agent-coordinated_burst-2-26",
    "action": "new",
    "side": "sell",
    "price": 64993.9986,
    "quantity": 0.04,
    "remaining_quantity": 0.04
  },
  {
    "event_id": "8c2cbb3d820526c69fc98f8aca903b8128a593f6b696b283632fb261b29f18fa",
    "schema_version": "1.0.0",
    "event_type": "agent_order",
    "source": "synthetic_agent",
    "symbol": "BTCUSDT",
    "exchange": "binance_usdm",
    "timestamp": "2024-05-01T00:00:00.324000Z",
    "sequence": 27,
    "scenario_id": "scenario-007-coordinated_burst",
    "agent_id": "agent-coordinated_burst-0",
    "order_id": "scenario-007-coordinated_burst-agent-coordinated_burst-0-27",
    "action": "new",
    "side": "buy",
    "price": 65020.0014,
    "quantity": 0.04,
    "remaining_quantity": 0.04
  },
  {
    "event_id": "6c56056c8235f52275edbdb97306cee5220fb4d63a732447e75c7050cff91dd8",
    "schema_version": "1.0.0",
    "event_type": "agent_order",
    "source": "synthetic_agent",
    "symbol": "BTCUSDT",
    "exchange": "binance_usdm",
    "timestamp": "2024-05-01T00:00:00.336000Z",
    "sequence": 28,
    "scenario_id": "scenario-007-coordinated_burst",
    "agent_id": "agent-coordinated_burst-1",
    "order_id": "scenario-007-coordinated_burst-agent-coordinated_burst-1-28",
    "action": "new",
    "side": "sell",
    "price": 64993.9986,
    "quantity": 0.04,
    "remaining_quantity": 0.04
  },
  {
    "event_id": "5e8441e1b21364286005c29c0e84b04859e4071010e6e852cf970f56b173467f",
    "schema_version": "1.0.0",
    "event_type": "agent_order",
    "source": "synthetic_agent",
    "symbol": "BTCUSDT",
    "exchange": "binance_usdm",
    "timestamp": "2024-05-01T00:00:00.348000Z",
    "sequence": 29,
    "scenario_id": "scenario-007-coordinated_burst",
    "agent_id": "agent-coordinated_burst-2",
    "order_id": "scenario-007-coordinated_burst-agent-coordinated_burst-2-29",
    "action": "new",
    "side": "sell",
    "price": 64993.9986,
    "quantity": 0.04,
    "remaining_quantity": 0.04
  }
]