[
  {
    "event_id": "e668fd2834f46ec410e8d46b13e4a6f2f3aba69dc9819f62e0b746103f9e9dab",
    "schema_version": "1.0.0",
    "event_type": "agent_order",
    "source": "synthetic_agent",
    "symbol": "BTCUSDT",
    "exchange": "binance_usdm",
    "timestamp": "2024-05-01T00:00:00Z",
    "sequence": 0,
    "scenario_id": "scenario-551-volatility_feedback",
    "agent_id": "agent-volatility_feedback",
    "order_id": "scenario-551-volatility_feedback-agent-volatility_feedback-0",
    "action": "new",
    "side": "buy",
    "price": 65616.55099999999,
    "quantity": 0.02,
    "remaining_quantity": 0.02
  },
  {
    "event_id": "165cf70f686ae15368d85d90cb74cd5c597cf5da4ea9a2bbb8e185fc18cfdce9",
    "schema_version": "1.0.0",
    "event_type": "agent_order",
    "source": "synthetic_agent",
    "symbol": "BTCUSDT",
    "exchange": "binance_usdm",
    "timestamp": "2024-05-01T00:00:00.020000Z",
    "sequence": 1,
    "scenario_id": "scenario-551-volatility_feedback",
    "agent_id": "agent-volatility_feedback",
    "order_id": "scenario-551-volatility_feedback-agent-volatility_feedback-1",
    "action": "new",
    "side": "sell",
    "price": 65484.13798,
    "quantity": 0.03,
    "remaining_quantity": 0.03
  },
  {
    "event_id": "87771975b664d88238563d8103ee15af40874af964f86e6c179b9cb94ab60123",
    "schema_version": "1.0.0",
    "event_type": "agent_order",
    "source": "synthetic_agent",
    "symbol": "BTCUSDT",
    "exchange": "binance_usdm",
    "timestamp": "2024-05-01T00:00:00.040000Z",
    "sequence": 2,
    "scenario_id": "scenario-551-volatility_feedback",
    "agent_id": "agent-volatility_feedback",
    "order_id": "scenario-551-volatility_feedback-agent-volatility_feedback-2",
    "action": "new",
    "side": "buy",
    "price": 65619.17304,
    "quantity": 0.04,
    "remaining_quantity": 0.04
  },
  {
    "event_id": "cdfa64989c68c3065a185ad015210f5bda99ac9614793f0dd6e9a0f0f3215d84",
    "schema_version": "1.0.0",
    "event_type": "agent_order",
    "source": "synthetic_agent",
    "symbol": "BTCUSDT",
    "exchange": "binance_usdm",
    "timestamp": "2024-05-01T00:00:00.060000Z",
    "sequence": 3,
    "scenario_id": "scenario-551-volatility_feedback",
    "agent_id": "agent-volatility_feedback",
    "order_id": "scenario-551-volatility_feedback-agent-volatility_feedback-3",
    "action": "new",
    "side": "sell",
    "price": 65481.515940000005,
    "quantity": 0.05,
    "remaining_quantity": 0.05
  },
  {
    "event_id": "1dc9b01a7194f9e8b036401b292f756d4555a6caeef12a19adc6825f7ab73ed5",
    "schema_version": "1.0.0",
    "event_type": "agent_order",
    "source": "synthetic_agent",
    "symbol": "BTCUSDT",
    "exchange": "binance_usdm",
    "timestamp": "2024-05-01T00:00:00.080000Z",
    "sequence": 4,
    "scenario_id": "scenario-551-volatility_feedback",
    "agent_id": "agent-volatility_feedback",
    "order_id": "scenario-551-volatility_feedback-agent-volatility_feedback-4",
    "action": "new",
    "side": "buy",
    "price": 65621.79508,
    "quantity": 0.02,
    "remaining_quantity": 0.02
  },
  {
    "event_id": "efc7268141f67fce62f64f57b9494bdc78616e9a5d720c5154bb35d59d78f546",
    "schema_version": "1.0.0",
    "event_type": "agent_order",
    "source": "synthetic_agent",
    "symbol": "BTCUSDT",
    "exchange": "binance_usdm",
    "timestamp": "2024-05-01T00:00:00.100000Z",
    "sequence": 5,
    "scenario_id": "scenario-551-volatility_feedback",
    "agent_id": "agent-volatility_feedback",
    "order_id": "scenario-551-volatility_feedback-agent-volatility_feedback-5",
    "action": "new",
    "side": "sell",
    "price": 65478.8939,
    "quantity": 0.03,
    "remaining_quantity": 0.03
  },
  {
    "event_id": "12d84343bee407618a1f1bd8ce003480cf4bbb88d43ac9d3ac0beac516749509",
    "schema_version": "1.0.0",
    "event_type": "agent_order",
    "source": "synthetic_agent",
    "symbol": "BTCUSDT",
    "exchange": "binance_usdm",
    "timestamp": "2024-05-01T00:00:00.120000Z",
    "sequence": 6,
    "scenario_id": "scenario-551-volatility_feedback",
    "agent_id": "agent-volatility_feedback",
    "order_id": "scenario-551-volatility_feedback-agent-volatility_feedback-6",
    "action": "new",
    "side": "buy",
    "price": 65624.41712,
    "quantity": 0.04,
    "remaining_quantity": 0.04
  },
  {
    "event_id": "8be254c460d064d3ea20b5c6e9903cbe6a12f03084d6002e7d5fa630db56c2e4",
    "schema_version": "1.0.0",
    "event_type": "agent_order",
    "source": "synthetic_agent",
    "symbol": "BTCUSDT",
    "exchange": "binance_usdm",
    "timestamp": "2024-05-01T00:00:00.140000Z",
    "sequence": 7,
    "scenario_id": "scenario-551-volatility_feedback",
    "agent_id": "agent-volatility_feedback",
    "order_id": "scenario-551-volatility_feedback-agent-volatility_feedback-7",
    "action": "new",
    "side": "sell",
    "price": 65476.27186,
    "quantity": 0.05,
    "remaining_quantity": 0.05
  },
  {
    "event_id": "c55f46f8f237b490c38eeb1be5c319e8096f86c9ae75b320f485bf40ec75579c",
    "schema_version": "1.0.0",
    "event_type": "agent_order",
    "source": "synthetic_agent",
    "symbol": "BTCUSDT",
    "exchange": "binance_usdm",
    "timestamp": "2024-05-01T00:00:00.160000Z",
    "sequence": 8,
    "scenario_id": "scenario-551-volatility_feedback",
    "agent_id": "agent-volatility_feedback",
    "order_id": "scenario-551-volatility_feedback-agent-volatility_feedback-8",
    "action": "new",
    "side": "buy",
    "price": 65627.03916,
    "quantity": 0.02,
    "remaining_quantity": 0.02
  },
  {
    "event_id": "7dd5c909eb8e007c7f0a1f5b1ce5a1e699fdb53a80f883228132a68980bd1cf1",
    "schema_version": "1.0.0",
    "event_type": "agent_order",
    "source": "synthetic_agent",
    "symbol": "BTCUSDT",
    "exchange": "binance_usdm",
    "timestamp": "2024-05-01T00:00:00.180000Z",
    "sequence": 9,
    "scenario_id": "scenario-551-volatility_feedback",
    "agent_id": "agent-volatility_feedback",
    "order_id": "scenario-551-volatility_feedback-agent-volatility_feedback-9",
    "action": "new",
    "side": "sell",
    "price": 65473.649820000006,
    "quantity": 0.03,
    "remaining_quantity": 0.03
  },
  {
    "event_id": "a8d7b9e506b83d767214639965e07d6761e88d81e6f5c0e7752fbcb35b52d40a",
    "schema_version": "1.0.0",
    "event_type": "agent_order",
    "source": "synthetic_agent",
    "symbol": "BTCUSDT",
    "exchange": "binance_usdm",
    "timestamp": "2024-05-01T00:00:00.200000Z",
    "sequence": 10,
    "scenario_id": "scenario-551-volatility_feedback",
    "agent_id": "agent-volatility_feedback",
    "order_id": "scenario-551-volatility_feedback-agent-volatility_feedback-10",
    "action": "new",
    "side": "buy",
    "price": 65629.6612,
    "quantity": 0.04,
    "remaining_quantity": 0.04
  },
  {
    "event_id": "155f40e2c05c05e6ea8f6659839db080a9f33d6fac911fe3ca031cc1000f45a7",
    "schema_version": "1.0.0",
    "event_type": "agent_order",
    "source": "synthetic_agent",
    "symbol": "BTCUSDT",
    "exchange": "binance_usdm",
    "timestamp": "2024-05-01T00:00:00.220000Z",
    "sequence": 11,
    "scenario_id": "scenario-551-volatility_feedback",
    "agent_id": "agent-volatility_feedback",
    "order_id": "scenario-551-volatility_feedback-agent-volatility_feedback-11",
    "action": "new",
    "side": "sell",
    "price": 65471.02778,
    "quantity": 0.05,
    "remaining_quantity": 0.05
  },
  {
    "event_id": "2c9c18967c5c1296b706ebecf430d3a413c497e2e674788e2d47a9b6580b7534",
    "schema_version": "1.0.0",
    "event_type": "agent_order",
    "source": "synthetic_agent",
    "symbol": "BTCUSDT",
    "exchange": "binance_usdm",
    "timestamp": "2024-05-01T00:00:00.240000Z",
    "sequence": 12,
    "scenario_id": "scenario-551-volatility_feedback",
    "agent_id": "agent-volatility_feedback",
    "order_id": "scenario-551-volatility_feedback-agent-volatility_feedback-12",
    "action": "new",
    "side": "buy",
    "price": 65632.28323999999,
    "quantity": 0.02,
    "remaining_quantity": 0.02
  },
  {
    "event_id": "aafeb13515a22ab0dc997c99aee1a19a970f9a3faa6447b6bd229b115f045348",
    "schema_version": "1.0.0",
    "event_type": "agent_order",
    "source": "synthetic_agent",
    "symbol": "BTCUSDT",
    "exchange": "binance_usdm",
    "timestamp": "2024-05-01T00:00:00.260000Z",
    "sequence": 13,
    "scenario_id": "scenario-551-volatility_feedback",
    "agent_id": "agent-volatility_feedback",
    "order_id": "scenario-551-volatility_feedback-agent-volatility_feedback-13",
    "action": "new",
    "side": "sell",
    "price": 65468.405739999995,
    "quantity": 0.03,
    "remaining_quantity": 0.03
  },
  {
    "event_id": "0b6638419053d246b2be3e6435af422772c9192b727e4724b4d0b29fd7e7ab18",
    "schema_version": "1.0.0",
    "event_type": "agent_order",
    "source": "synthetic_agent",
    "symbol": "BTCUSDT",
    "exchange": "binance_usdm",
    "timestamp": "2024-05-01T00:00:00.280000Z",
    "sequence": 14,
    "scenario_id": "scenario-551-volatility_feedback",
    "agent_id": "agent-volatility_feedback",
    "order_id": "scenario-551-volatility_feedback-agent-volatility_feedback-14",
    "action": "new",
    "side": "buy",
    "price": 65634.90527999999,
    "quantity": 0.04,
    "remaining_quantity": 0.04
  },
  {
    "event_id": "8874c3138801f34c273c2c56c5f3ac4f10404a260a65619c3417742ce2f4f64c",
    "schema_version": "1.0.0",
    "event_type": "agent_order",
    "source": "synthetic_agent",
    "symbol": "BTCUSDT",
    "exchange": "binance_usdm",
    "timestamp": "2024-05-01T00:00:00.300000Z",
    "sequence": 15,
    "scenario_id": "scenario-551-volatility_feedback",
    "agent_id": "agent-volatility_feedback",
    "order_id": "scenario-551-volatility_feedback-agent-volatility_feedback-15",
    "action": "new",
    "side": "sell",
    "price": 65465.7837,
    "quantity": 0.05,
    "remaining_quantity": 0.05
  },
  {
    "event_id": "08388d7c452787a2283f0f292d902dfc9479840ac61723cdfded4503a273ef91",
    "schema_version": "1.0.0",
    "event_type": "agent_order",
    "source": "synthetic_agent",
    "symbol": "BTCUSDT",
    "exchange": "binance_usdm",
    "timestamp": "2024-05-01T00:00:00.320000Z",
    "sequence": 16,
    "scenario_id": "scenario-551-volatility_feedback",
    "agent_id": "agent-volatility_feedback",
    "order_id": "scenario-551-volatility_feedback-agent-volatility_feedback-16",
    "action": "new",
    "side": "buy",
    "price": 65637.52732,
    "quantity": 0.02,
    "remaining_quantity": 0.02
  },
  {
    "event_id": "cc3ca59b3eb0d1db05f9159fc09a0fa0c9a8869e5b2cb291d7447f6faedbd0bd",
    "schema_version": "1.0.0",
    "event_type": "agent_order",
    "source": "synthetic_agent",
    "symbol": "BTCUSDT",
    "exchange": "binance_usdm",
    "timestamp": "2024-05-01T00:00:00.340000Z",
    "sequence": 17,
    "scenario_id": "scenario-551-volatility_feedback",
    "agent_id": "agent-volatility_feedback",
    "order_id": "scenario-551-volatility_feedback-agent-volatility_feedback-17",
    "action": "new",
    "side": "sell",
    "price": 65463.16166,
    "quantity": 0.03,
    "remaining_quantity": 0.03
  },
  {
    "event_id": "7441315fd1192178e4bee94c9d0326994db7137c94368e02db1f9eff6cbf62eb",
    "schema_version": "1.0.0",
    "event_type": "agent_order",
    "source": "synthetic_agent",
    "symbol": "BTCUSDT",
    "exchange": "binance_usdm",
    "timestamp": "2024-05-01T00:00:00.360000Z",
    "sequence": 18,
    "scenario_id": "scenario-551-volatility_feedback",
    "agent_id": "agent-volatility_feedback",
    "order_id": "scenario-551-volatility_feedback-agent-volatility_feedback-18",
    "action": "new",
    "side": "buy",
    "price": 65640.14936,
    "quantity": 0.04,
    "remaining_quantity": 0.04
  },
  {
    "event_id": "1acf5c7da984516097f6ae68a37b9eb77f3b488626719f64c8e020932590480b",
    "schema_version": "1.0.0",
    "event_type": "agent_order",
    "source": "synthetic_agent",
    "symbol": "BTCUSDT",
    "exchange": "binance_usdm",
    "timestamp": "2024-05-01T00:00:00.380000Z",
    "sequence": 19,
    "scenario_id": "scenario-551-volatility_feedback",
    "agent_id": "agent-volatility_feedback",
    "order_id": "scenario-551-volatility_feedback-agent-volatility_feedback-19",
    "action": "new",
    "side": "sell",
    "price": 65460.539619999996,
    "quantity": 0.05,
    "remaining_quantity": 0.05
  },
  {
    "event_id": "98946bc7688e19f404396f7136d227d13ad88e15915a245b921ff772d998c563",
    "schema_version": "1.0.0",
    "event_type": "agent_order",
    "source": "synthetic_agent",
    "symbol": "BTCUSDT",
    "exchange": "binance_usdm",
    "timestamp": "2024-05-01T00:00:00.400000Z",
    "sequence": 20,
    "scenario_id": "scenario-551-volatility_feedback",
    "agent_id": "agent-volatility_feedback",
    "order_id": "scenario-551-volatility_feedback-agent-volatility_feedback-20",
    "action": "new",
    "side": "buy",
    "price": 65642.7714,
    "quantity": 0.02,
    "remaining_quantity": 0.02
  },
  {
    "event_id": "c31484c92b47364e56203684e025d1c508bbd8afa9db29ca7c1d31f733759c86",
    "schema_version": "1.0.0",
    "event_type": "agent_order",
    "source": "synthetic_agent",
    "symbol": "BTCUSDT",
    "exchange": "binance_usdm",
    "timestamp": "2024-05-01T00:00:00.420000Z",
    "sequence": 21,
    "scenario_id": "scenario-551-volatility_feedback",
    "agent_id": "agent-volatility_feedback",
    "order_id": "scenario-551-volatility_feedback-agent-volatility_feedback-21",
    "action": "new",
    "side": "sell",
    "price": 65457.91758,
    "quantity": 0.03,
    "remaining_quantity": 0.03
  },
  {
    "event_id": "3bf240ed6fb3944ecf4cf99380628451f71ef1baf5c59a2fe1c8a9ce898e079f",
    "schema_version": "1.0.0",
    "event_type": "agent_order",
    "source": "synthetic_agent",
    "symbol": "BTCUSDT",
    "exchange": "binance_usdm",
    "timestamp": "2024-05-01T00:00:00.440000Z",
    "sequence": 22,
    "scenario_id": "scenario-551-volatility_feedback",
    "agent_id": "agent-volatility_feedback",
    "order_id": "scenario-551-volatility_feedback-agent-volatility_feedback-22",
    "action": "new",
    "side": "buy",
    "price": 65645.39344,
    "quantity": 0.04,
    "remaining_quantity": 0.04
  },
  {
    "event_id": "d3bec3c9d7aa763db49af609994d4f97884d99473c819db38454019df9c998ab",
    "schema_version": "1.0.0",
    "event_type": "agent_order",
    "source": "synthetic_agent",
    "symbol": "BTCUSDT",
    "exchange": "binance_usdm",
    "timestamp": "2024-05-01T00:00:00.460000Z",
    "sequence": 23,
    "scenario_id": "scenario-551-volatility_feedback",
    "agent_id": "agent-volatility_feedback",
    "order_id": "scenario-551-volatility_feedback-agent-volatility_feedback-23",
    "action": "new",
    "side": "sell",
    "price": 65455.29554,
    "quantity": 0.05,
    "remaining_quantity": 0.05
  },
  {
    "event_id": "1285f76efafdc06a660d41534dbf0396ee6cbb231b37af946598391f480ff922",
    "schema_version": "1.0.0",
    "event_type": "agent_order",
    "source": "synthetic_agent",
    "symbol": "BTCUSDT",
    "exchange": "binance_usdm",
    "timestamp": "2024-05-01T00:00:00.480000Z",
    "sequence": 24,
    "scenario_id": "scenario-551-volatility_feedback",
    "agent_id": "agent-volatility_feedback",
    "order_id": "scenario-551-volatility_feedback-agent-volatility_feedback-24",
    "action": "new",
    "side": "buy",
    "price": 65648.01548,
    "quantity": 0.02,
    "remaining_quantity": 0.02
  },
  {
    "event_id": "5350b09cb0d64a07653877b671b4ba50ba8eccc7cdc407bb1ee43367a6ee08aa",
    "schema_version": "1.0.0",
    "event_type": "agent_order",
    "source": "synthetic_agent",
    "symbol": "BTCUSDT",
    "exchange": "binance_usdm",
    "timestamp": "2024-05-01T00:00:00.500000Z",
    "sequence": 25,
    "scenario_id": "scenario-551-volatility_feedback",
    "agent_id": "agent-volatility_feedback",
    "order_id": "scenario-551-volatility_feedback-agent-volatility_feedback-25",
    "action": "new",
    "side": "sell",
    "price": 65452.673500000004,
    "quantity": 0.03,
    "remaining_quantity": 0.03
  },
  {
    "event_id": "348d89252a425c69f4b5b74913f696811b3252a213443d34de874667cda2bb7b",
    "schema_version": "1.0.0",
    "event_type": "agent_order",
    "source": "synthetic_agent",
    "symbol": "BTCUSDT",
    "exchange": "binance_usdm",
    "timestamp": "2024-05-01T00:00:00.520000Z",
    "sequence": 26,
    "scenario_id": "scenario-551-volatility_feedback",
    "agent_id": "agent-volatility_feedback",
    "order_id": "scenario-551-volatility_feedback-agent-volatility_feedback-26",
    "action": "new",
    "side": "buy",
    "price": 65650.63752,
    "quantity": 0.04,
    "remaining_quantity": 0.04
  },
  {
    "event_id": "4624375b0faa8cbf5ad61fe543d551ccf241683e38561cceb70453ab93fb76ce",
    "schema_version": "1.0.0",
    "event_type": "agent_order",
    "source": "synthetic_agent",
    "symbol": "BTCUSDT",
    "exchange": "binance_usdm",
    "timestamp": "2024-05-01T00:00:00.540000Z",
    "sequence": 27,
    "scenario_id": "scenario-551-volatility_feedback",
    "agent_id": "agent-volatility_feedback",
    "order_id": "scenario-551-volatility_feedback-agent-volatility_feedback-27",
    "action": "new",
    "side": "sell",
    "price": 65450.05146,
    "quantity": 0.05,
    "remaining_quantity": 0.05
  },
  {
    "event_id": "03cbc0c5aaec83b133c1b56ca9695fc691de619707ef0fe4ddfaba0b00c61812",
    "schema_version": "1.0.0",
    "event_type": "agent_order",
    "source": "synthetic_agent",
    "symbol": "BTCUSDT",
    "exchange": "binance_usdm",
    "timestamp": "2024-05-01T00:00:00.560000Z",
    "sequence": 28,
    "scenario_id": "scenario-551-volatility_feedback",
    "agent_id": "agent-volatility_feedback",
    "order_id": "scenario-551-volatility_feedback-agent-volatility_feedback-28",
    "action": "new",
    "side": "buy",
    "price": 65653.25956,
    "quantity": 0.02,
    "remaining_quantity": 0.02
  },
  {
    "event_id": "202e5025ba7911828064bf033cf287186948ea742b5be241fcac96c953295d4d",
    "schema_version": "1.0.0",
    "event_type": "agent_order",
    "source": "synthetic_agent",
    "symbol": "BTCUSDT",
    "exchange": "binance_usdm",
    "timestamp": "2024-05-01T00:00:00.580000Z",
    "sequence": 29,
    "scenario_id": "scenario-551-volatility_feedback",
    "agent_id": "agent-volatility_feedback",
    "order_id": "scenario-551-volatility_feedback-agent-volatility_feedback-29",
    "action": "new",
    "side": "sell",
    "price": 65447.42942,
    "quantity": 0.03,
    "remaining_quantity": 0.03
  }
]