[
  {
    "event_id": "b81bcc36fb052532e1b45c0a10abd4c99d3236713e8442d37bf3ce0f76b9d755",
    "schema_version": "1.0.0",
    "event_type": "agent_order",
    "source": "synthetic_agent",
    "symbol": "BTCUSDT",
    "exchange": "binance_usdm",
    "timestamp": "2024-05-01T00:00:00Z",
    "sequence": 0,
    "scenario_id": "scenario-297-stop_run_sweep",
    "agent_id": "agent-stop_run_sweep",
    "order_id": "scenario-297-stop_run_sweep-agent-stop_run_sweep-0",
    "action": "new",
    "side": "buy",
    "price": 65362.29699999999,
    "quantity": 0.06,
    "remaining_quantity": 0.06
  },
  {
    "event_id": "235aec65ceb678a6ea0c9af97721c7f358db8b7564ac6b59db7a38cf2ca7416e",
    "schema_version": "1.0.0",
    "event_type": "agent_order",
    "source": "synthetic_agent",
    "symbol": "BTCUSDT",
    "exchange": "binance_usdm",
    "timestamp": "2024-05-01T00:00:00.030000Z",
    "sequence": 1,
    "scenario_id": "scenario-297-stop_run_sweep",
    "agent_id": "agent-stop_run_sweep",
    "order_id": "scenario-297-stop_run_sweep-agent-stop_run_sweep-1",
    "action": "new",
    "side": "buy",
    "price": 65365.56185,
    "quantity": 0.06,
    "remaining_quantity": 0.06
  },
  {
    "event_id": "b86e3016364ecec438592b5541dbbeade29ac59802f6bff58aade17d55d25dce",
    "schema_version": "1.0.0",
    "event_type": "agent_order",
    "source": "synthetic_agent",
    "symbol": "BTCUSDT",
    "exchange": "binance_usdm",
    "timestamp": "2024-05-01T00:00:00.060000Z",
    "sequence": 2,
    "scenario_id": "scenario-297-stop_run_sweep",
    "agent_id": "agent-stop_run_sweep",
    "order_id": "scenario-297-stop_run_sweep-agent-stop_run_sweep-2",
    "action": "new",
    "side": "buy",
    "price": 65368.82669999999,
    "quantity": 0.06,
    "remaining_quantity": 0.06
  },
  {
    "event_id": "c0ecb4401fab7d9031c99b4c618c8ec1dd78610984d1325133b9499097a3c54d",
    "schema_version": "1.0.0",
    "event_type": "agent_order",
    "source": "synthetic_agent",
    "symbol": "BTCUSDT",
    "exchange": "binance_usdm",
    "timestamp": "2024-05-01T00:00:00.090000Z",
    "sequence": 3,
    "scenario_id": "scenario-297-stop_run_sweep",
    "agent_id": "agent-stop_run_sweep",
    "order_id": "scenario-297-stop_run_sweep-agent-stop_run_sweep-3",
    "action": "new",
    "side": "buy",
    "price": 65372.09155,
    "quantity": 0.06,
    "remaining_quantity": 0.06
  },
  {
    "event_id": "e2e3526709671feecd7525e60e4b39d3d26ca3bfe8654e2074c822e679a6a159",
    "schema_version": "1.0.0",
    "event_type": "agent_order",
    "source": "synthetic_agent",
    "symbol": "BTCUSDT",
    "exchange": "binance_usdm",
    "timestamp": "2024-05-01T00:00:00.120000Z",
    "sequence": 4,
    "scenario_id": "scenario-297-stop_run_sweep",
    "agent_id": "agent-stop_run_sweep",
    "order_id": "scenario-297-stop_run_sweep-agent-stop_run_sweep-4",
    "action": "new",
    "side": "buy",
    "price": 65375.35639999999,
    "quantity": 0.06,
    "remaining_quantity": 0.06
  },
  {
    "event_id": "fdf48480722960198abdaae709c92922dc6c9989c0999a9ba1cdae6ee85293c9",
    "schema_version": "1.0.0",
    "event_type": "agent_order",
    "source": "synthetic_agent",
    "symbol": "BTCUSDT",
    "exchange": "binance_usdm",
    "timestamp": "2024-05-01T00:00:00.150000Z",
    "sequence": 5,
    "scenario_id": "scenario-297-stop_run_sweep",
    "agent_id": "agent-stop_run_sweep",
    "order_id": "scenario-297-stop_run_sweep-agent-stop_run_sweep-5",
    "action": "new",
    "side": "buy",
    "price": 65378.62125,
    "quantity": 0.06,
    "remaining_quantity": 0.06
  },
  {
    "event_id": "b5edd8e0d4f21b5967bf2a02e51ec93d3988d12b547f5082cb3e3c242bbf08d6",
    "schema_version": "1.0.0",
    "event_type": "agent_order",
    "source": "synthetic_agent",
    "symbol": "BTCUSDT",
    "exchange": "binance_usdm",
    "timestamp": "2024-05-01T00:00:00.180000Z",
    "sequence": 6,
    "scenario_id": "scenario-297-stop_run_sweep",
    "agent_id": "agent-stop_run_sweep",
    "order_id": "scenario-297-stop_run_sweep-agent-stop_run_sweep-6",
    "action": "new",
    "side": "buy",
    "price": 65381.88609999999,
    "quantity": 0.06,
    "remaining_quantity": 0.06
  },
  {
    "event_id": "5fe19724263a2930b4222fdef6a6826cf04c704e80875964fdb23f1fa4e90724",
    "schema_version": "1.0.0",
    "event_type": "agent_order",
    "source": "synthetic_agent",
    "symbol": "BTCUSDT",
    "exchange": "binance_usdm",
    "timestamp": "2024-05-01T00:00:00.210000Z",
    "sequence": 7,
    "scenario_id": "scenario-297-stop_run_sweep",
    "agent_id": "agent-stop_run_sweep",
    "order_id": "scenario-297-stop_run_sweep-agent-stop_run_sweep-7",
    "action": "new",
    "side": "buy",
    "price": 65385.150949999996,
    "quantity": 0.06,
    "remaining_quantity": 0.06
  },
  {
    "event_id": "0ce45e93d64a0d7929fdcfae055aa0cd82765c251468f8ea2c8d30ae39d2975a",
    "schema_version": "1.0.0",
    "event_type": "agent_order",
    "source": "synthetic_agent",
    "symbol": "BTCUSDT",
    "exchange": "binance_usdm",
    "timestamp": "2024-05-01T00:00:00.240000Z",
    "sequence": 8,
    "scenario_id": "scenario-297-stop_run_sweep",
    "agent_id": "agent-stop_run_sweep",
    "order_id": "scenario-297-stop_run_sweep-agent-stop_run_sweep-8",
    "action": "new",
    "side": "buy",
    "price": 65388.41579999999,
    "quantity": 0.06,
    "remaining_quantity": 0.06
  },
  {
    "event_id": "bd0a5dafe4fbe0f60ed280aeb2b4ae10886fa7c58f10c8b459e0f653643d3c11",
    "schema_version": "1.0.0",
    "event_type": "agent_order",
    "source": "synthetic_agent",
    "symbol": "BTCUSDT",
    "exchange": "binance_usdm",
    "timestamp": "2024-05-01T00:00:00.270000Z",
    "sequence": 9,
    "scenario_id": "scenario-297-stop_run_sweep",
    "agent_id": "agent-stop_run_sweep",
    "order_id": "scenario-297-stop_run_sweep-agent-stop_run_sweep-9",
    "action": "new",
    "side": "buy",
    "price": 65391.680649999995,
    "quantity": 0.06,
    "remaining_quantity": 0.06
  },
  {
    "event_id": "e632455eefb53053ee6eeefe83e052201891c778b6df3167c3044c02c322cb43",
    "schema_version": "1.0.0",
    "event_type": "agent_order",
    "source": "synthetic_agent",
    "symbol": "BTCUSDT",
    "exchange": "binance_usdm",
    "timestamp": "2024-05-01T00:00:00.300000Z",
    "sequence": 10,
    "scenario_id": "scenario-297-stop_run_sweep",
    "agent_id": "agent-stop_run_sweep",
    "order_id": "scenario-297-stop_run_sweep-agent-stop_run_sweep-10",
    "action": "new",
    "side": "buy",
    "price": 65394.94549999999,
    "quantity": 0.06,
    "remaining_quantity": 0.06
  },
  {
    "event_id": "0b92b060e3a833a29e5534fb6e89c17d255e271e386809a04aadaf3257819b7b",
    "schema_version": "1.0.0",
    "event_type": "agent_order",
    "source": "synthetic_agent",
    "symbol": "BTCUSDT",
    "exchange": "binance_usdm",
    "timestamp": "2024-05-01T00:00:00.330000Z",
    "sequence": 11,
    "scenario_id": "scenario-297-stop_run_sweep",
    "agent_id": "agent-stop_run_sweep",
    "order_id": "scenario-297-stop_run_sweep-agent-stop_run_sweep-11",
    "action": "new",
    "side": "buy",
    "price": 65398.210349999994,
    "quantity": 0.06,
    "remaining_quantity": 0.06
  },
  {
    "event_id": "0294d4396ae7f20e08f60dfc7182cd3b3cd505d8120e3a41e3eef237b0062d50",
    "schema_version": "1.0.0",
    "event_type": "agent_order",
    "source": "synthetic_agent",
    "symbol": "BTCUSDT",
    "exchange": "binance_usdm",
    "timestamp": "2024-05-01T00:00:00.360000Z",
    "sequence": 12,
    "scenario_id": "scenario-297-stop_run_sweep",
    "agent_id": "agent-stop_run_sweep",
    "order_id": "scenario-297-stop_run_sweep-agent-stop_run_sweep-12",
    "action": "new",
    "side": "buy",
    "price": 65401.475199999986,
    "quantity": 0.06,
    "remaining_quantity": 0.06
  },
  {
    "event_id": "4b40de0c7677b55a811aa9df610369f669fbf109cad85b3fae262b3e22515c23",
    "schema_version": "1.0.0",
    "event_type": "agent_order",
    "source": "synthetic_agent",
    "symbol": "BTCUSDT",
    "exchange": "binance_usdm",
    "timestamp": "2024-05-01T00:00:00.390000Z",
    "sequence": 13,
    "scenario_id": "scenario-297-stop_run_sweep",
    "agent_id": "agent-stop_run_sweep",
    "order_id": "scenario-297-stop_run_sweep-agent-stop_run_sweep-13",
    "action": "new",
    "side": "buy",
    "price": 65404.74004999999,
    "quantity": 0.06,
    "remaining_quantity": 0.06
  },
  {
    "event_id": "0d0b23b9dfe8ecb0b2ca7d1c4230e38716e53519172167e58e763543238320c6",
    "schema_version": "1.0.0",
    "event_type": "agent_order",
    "source": "synthetic_agent",
    "symbol": "BTCUSDT",
    "exchange": "binance_usdm",
    "timestamp": "2024-05-01T00:00:00.420000Z",
    "sequence": 14,
    "scenario_id": "scenario-297-stop_run_sweep",
    "agent_id": "agent-stop_run_sweep",
    "order_id": "scenario-297-stop_run_sweep-agent-stop_run_sweep-14",
    "action": "new",
    "side": "buy",
    "price": 65408.004899999985,
    "quantity": 0.06,
    "remaining_quantity": 0.06
  },
  {
    "event_id": "1cab53427a97bdb64fcb69ede66008824fadad975896510c5234f17baae9c123",
    "schema_version": "1.0.0",
    "event_type": "agent_order",
    "source": "synthetic_agent",
    "symbol": "BTCUSDT",
    "exchange": "binance_usdm",
    "timestamp": "2024-05-01T00:00:00.450000Z",
    "sequence": 15,
    "scenario_id": "scenario-297-stop_run_sweep",
    "agent_id": "agent-stop_run_sweep",
    "order_id": "scenario-297-stop_run_sweep-agent-stop_run_sweep-15",
    "action": "new",
    "side": "buy",
    "price": 65411.26974999999,
    "quantity": 0.06,
    "remaining_quantity": 0.06
  },
  {
    "event_id": "272e1a6bb7173d1646f196ffefea6583a583f9b22cb9a97a21272111aa33f1dc",
    "schema_version": "1.0.0",
    "event_type": "agent_order",
    "source": "synthetic_agent",
    "symbol": "BTCUSDT",
    "exchange": "binance_usdm",
    "timestamp": "2024-05-01T00:00:00.480000Z",
    "sequence": 16,
    "scenario_id": "scenario-297-stop_run_sweep",
    "agent_id": "agent-stop_run_sweep",
    "order_id": "scenario-297-stop_run_sweep-agent-stop_run_sweep-16",
    "action": "new",
    "side": "buy",
    "price": 65414.534599999984,
    "quantity": 0.06,
    "remaining_quantity": 0.06
  },
  {
    "event_id": "b631323f5d92559a685bb9343d700b2299cc2d11d136b69aa316ff1baeda4220",
    "schema_version": "1.0.0",
    "event_type": "agent_order",
    "source": "synthetic_agent",
    "symbol": "BTCUSDT",
    "exchange": "binance_usdm",
    "timestamp": "2024-05-01T00:00:00.510000Z",
    "sequence": 17,
    "scenario_id": "scenario-297-stop_run_sweep",
    "agent_id": "agent-stop_run_sweep",
    "order_id": "scenario-297-stop_run_sweep-agent-stop_run_sweep-17",
    "action": "new",
    "side": "buy",
    "price": 65417.79944999999,
    "quantity": 0.06,
    "remaining_quantity": 0.06
  },
  {
    "event_id": "655104d5b51adcc19d569a95b872c2f8431c71148b2db95576d36576fd543b5f",
    "schema_version": "1.0.0",
    "event_type": "agent_order",
    "source": "synthetic_agent",
    "symbol": "BTCUSDT",
    "exchange": "binance_usdm",
    "timestamp": "2024-05-01T00:00:00.540000Z",
    "sequence": 18,
    "scenario_id": "scenario-297-stop_run_sweep",
    "agent_id": "agent-stop_run_sweep",
    "order_id": "scenario-297-stop_run_sweep-agent-stop_run_sweep-18",
    "action": "new",
    "side": "buy",
    "price": 65421.06429999998,
    "quantity": 0.06,
    "remaining_quantity": 0.06
  },
  {
    "event_id": "0681985b609c4c696945da4be3e0570ea52059bf58d16309e0bdf3e1773af0e6",
    "schema_version": "1.0.0",
    "event_type": "agent_order",
    "source": "synthetic_agent",
    "symbol": "BTCUSDT",
    "exchange": "binance_usdm",
    "timestamp": "2024-05-01T00:00:00.570000Z",
    "sequence": 19,
    "scenario_id": "scenario-297-stop_run_sweep",
    "agent_id": "agent-stop_run_sweep",
    "order_id": "scenario-297-stop_run_sweep-agent-stop_run_sweep-19",
    "action": "new",
    "side": "buy",
    "price": 65424.32914999999,
    "quantity": 0.06,
    "remaining_quantity": 0.06
  },
  {
    "event_id": "8411e3d43556d05356abee30c084e9e9a040466a05a0cf04d23c448fb79f46cc",
    "schema_version": "1.0.0",
    "event_type": "agent_order",
    "source": "synthetic_agent",
    "symbol": "BTCUSDT",
    "exchange": "binance_usdm",
    "timestamp": "2024-05-01T00:00:00.600000Z",
    "sequence": 20,
    "scenario_id": "scenario-297-stop_run_sweep",
    "agent_id": "agent-stop_run_sweep",
    "order_id": "scenario-297-stop_run_sweep-agent-stop_run_sweep-20",
    "action": "new",
    "side": "buy",
    "price": 65427.59399999998,
    "quantity": 0.06,
    "remaining_quantity": 0.06
  },
  {
    "event_id": "38508bb6bfe07f2c629a4632c3e53d11ee265f8db1e4ae7b2bf4e820947ba067",
    "schema_version": "1.0.0",
    "event_type": "agent_order",
    "source": "synthetic_agent",
    "symbol": "BTCUSDT",
    "exchange": "binance_usdm",
    "timestamp": "2024-05-01T00:00:00.630000Z",
    "sequence": 21,
    "scenario_id": "scenario-297-stop_run_sweep",
    "agent_id": "agent-stop_run_sweep",
    "order_id": "scenario-297-stop_run_sweep-agent-stop_run_sweep-21",
    "action": "new",
    "side": "buy",
    "price": 65430.85884999999,
    "quantity": 0.06,
    "remaining_quantity": 0.06
  },
  {
    "event_id": "5f5b64ed45ac5a4de46572f1a157ed0d00d9a2dac1847547c76562244bf3e368",
    "schema_version": "1.0.0",
    "event_type": "agent_order",
    "source": "synthetic_agent",
    "symbol": "BTCUSDT",
    "exchange": "binance_usdm",
    "timestamp": "2024-05-01T00:00:00.660000Z",
    "sequence": 22,
    "scenario_id": "scenario-297-stop_run_sweep",
    "agent_id": "agent-stop_run_sweep",
    "order_id": "scenario-297-stop_run_sweep-agent-stop_run_sweep-22",
    "action": "new",
    "side": "buy",
    "price": 65434.1237,
    "quantity": 0.06,
    "remaining_quantity": 0.06
  },
  {
    "event_id": "1a86ebcca4f5c96d6a554d9fd71ffda4f45835670406e718d5b8403afbe6dacc",
    "schema_version": "1.0.0",
    "event_type": "agent_order",
    "source": "synthetic_agent",
    "symbol": "BTCUSDT",
    "exchange": "binance_usdm",
    "timestamp": "2024-05-01T00:00:00.690000Z",
    "sequence": 23,
    "scenario_id": "scenario-297-stop_run_sweep",
    "agent_id": "agent-stop_run_sweep",
    "order_id": "scenario-297-stop_run_sweep-agent-stop_run_sweep-23",
    "action": "new",
    "side": "buy",
    "price": 65437.38854999999,
    "quantity": 0.06,
    "remaining_quantity": 0.06
  },
  {
    "event_id": "28037f3c860060694382fb4c591b140fdd292152223870a1ffa0f4157d775e03",
    "schema_version": "1.0.0",
    "event_type": "agent_order",
    "source": "synthetic_agent",
    "symbol": "BTCUSDT",
    "exchange": "binance_usdm",
    "timestamp": "2024-05-01T00:00:00.720000Z",
    "sequence": 24,
    "scenario_id": "scenario-297-stop_run_sweep",
    "agent_id": "agent-stop_run_sweep",
    "order_id": "scenario-297-stop_run_sweep-agent-stop_run_sweep-24",
    "action": "new",
    "side": "buy",
    "price": 65440.653399999996,
    "quantity": 0.06,
    "remaining_quantity": 0.06
  },
  {
    "event_id": "980124ccdfad9bd5c7fdc5078f8b0d47dd615d502b8a592f2f345520d6c4a178",
    "schema_version": "1.0.0",
    "event_type": "agent_order",
    "source": "synthetic_agent",
    "symbol": "BTCUSDT",
    "exchange": "binance_usdm",
    "timestamp": "2024-05-01T00:00:00.750000Z",
    "sequence": 25,
    "scenario_id": "scenario-297-stop_run_sweep",
    "agent_id": "agent-stop_run_sweep",
    "order_id": "scenario-297-stop_run_sweep-agent-stop_run_sweep-25",
    "action": "new",
    "side": "buy",
    "price": 65443.91824999999,
    "quantity": 0.06,
    "remaining_quantity": 0.06
  },
  {
    "event_id": "c61d89d20d54bd0d571ccaa9b6cca3399584b853ebeee0a97218f7e54277228f",
    "schema_version": "1.0.0",
    "event_type": "agent_order",
    "source": "synthetic_agent",
    "symbol": "BTCUSDT",
    "exchange": "binance_usdm",
    "timestamp": "2024-05-01T00:00:00.780000Z",
    "sequence": 26,
    "scenario_id": "scenario-297-stop_run_sweep",
    "agent_id": "agent-stop_run_sweep",
    "order_id": "scenario-297-stop_run_sweep-agent-stop_run_sweep-26",
    "action": "new",
    "side": "buy",
    "price": 65447.183099999995,
    "quantity": 0.06,
    "remaining_quantity": 0.06
  },
  {
    "event_id": "f2f0f118837cbeb3a9d95593e7c4b9f9963fdd228cc745759737582b9fc2d4c1",
    "schema_version": "1.0.0",
    "event_type": "agent_order",
    "source": "synthetic_agent",
    "symbol": "BTCUSDT",
    "exchange": "binance_usdm",
    "timestamp": "2024-05-01T00:00:00.810000Z",
    "sequence": 27,
    "scenario_id": "scenario-297-stop_run_sweep",
    "agent_id": "agent-stop_run_sweep",
    "order_id": "scenario-297-stop_run_sweep-agent-stop_run_sweep-27",
    "action": "new",
    "side": "buy",
    "price": 65450.44794999999,
    "quantity": 0.06,
    "remaining_quantity": 0.06
  },
  {
    "event_id": "28466746806d0e146f8c95a0247e95a41535001fec41bcae6f3cafd5af9d90ed",
    "schema_version": "1.0.0",
    "event_type": "agent_order",
    "source": "synthetic_agent",
    "symbol": "BTCUSDT",
    "exchange": "binance_usdm",
    "timestamp": "2024-05-01T00:00:00.840000Z",
    "sequence": 28,
    "scenario_id": "scenario-297-stop_run_sweep",
    "agent_id": "agent-stop_run_sweep",
    "order_id": "scenario-297-stop_run_sweep-agent-stop_run_sweep-28",
    "action": "new",
    "side": "buy",
    "price": 65453.712799999994,
    "quantity": 0.06,
    "remaining_quantity": 0.06
  },
  {
    "event_id": "d094e02fca912502a1c63c8f5a36ab5ac50534ffbcfc9a761f9e8ca22ff140ed",
    "schema_version": "1.0.0",
    "event_type": "agent_order",
    "source": "synthetic_agent",
    "symbol": "BTCUSDT",
    "exchange": "binance_usdm",
    "timestamp": "2024-05-01T00:00:00.870000Z",
    "sequence": 29,
    "scenario_id": "scenario-297-stop_run_sweep",
    "agent_id": "agent-stop_run_sweep",
    "order_id": "scenario-297-stop_run_sweep-agent-stop_run_sweep-29",
    "action": "new",
    "side": "buy",
    "price": 65456.977649999986,
    "quantity": 0.06,
    "remaining_quantity": 0.06
  }
]