[
  {
    "event_id": "42be2fdd2d30a99f4545ed92fbc0909346720934b6421fd88e51e5f011610bcf",
    "schema_version": "1.0.0",
    "event_type": "agent_order",
    "source": "synthetic_agent",
    "symbol": "BTCUSDT",
    "exchange": "binance_usdm",
    "timestamp": "2024-05-01T00:00:00Z",
    "sequence": 0,
    "scenario_id": "scenario-507-spoofing_layering",
    "agent_id": "agent-spoofing_layering",
    "order_id": "scenario-507-spoofing_layering-agent-spoofing_layering-0",
    "action": "new",
    "side": "sell",
    "price": 65539.75349999999,
    "quantity": 0.5,
    "remaining_quantity": 0.5
  },
  {
    "event_id": "f2002348b6bbd98bd275b4b55ca23312be8e4cb02425a44ba940c68baff5490a",
    "schema_version": "1.0.0",
    "event_type": "agent_order",
    "source": "synthetic_agent",
    "symbol": "BTCUSDT",
    "exchange": "binance_usdm",
    "timestamp": "2024-05-01T00:00:00.050000Z",
    "sequence": 1,
    "scenario_id": "scenario-507-spoofing_layering",
    "agent_id": "agent-spoofing_layering",
    "order_id": "scenario-507-spoofing_layering-agent-spoofing_layering-1",
    "action": "new",
    "side": "sell",
    "price": 65540.40857,
    "quantity": 0.5,
    "remaining_quantity": 0.5
  },
  {
    "event_id": "9591092b86f696d76cd9f5e553c9756c907673a0760da2cdf979ea9a6886b389",
    "schema_version": "1.0.0",
    "event_type": "agent_order",
    "source": "synthetic_agent",
    "symbol": "BTCUSDT",
    "exchange": "binance_usdm",
    "timestamp": "2024-05-01T00:00:00.100000Z",
    "sequence": 2,
    "scenario_id": "scenario-507-spoofing_layering",
    "agent_id": "agent-spoofing_layering",
    "order_id": "scenario-507-spoofing_layering-agent-spoofing_layering-2",
    "action": "new",
    "side": "sell",
    "price": 65541.06364,
    "quantity": 0.5,
    "remaining_quantity": 0.5
  },
  {
    "event_id": "2e3b079204c644e836a100d183765bef7172a828491389654115b69f3672eecb",
    "schema_version": "1.0.0",
    "event_type": "agent_order",
    "source": "synthetic_agent",
    "symbol": "BTCUSDT",
    "exchange": "binance_usdm",
    "timestamp": "2024-05-01T00:00:00.150000Z",
    "sequence": 3,
    "scenario_id": "scenario-507-spoofing_layering",
    "agent_id": "agent-spoofing_layering",
    "order_id": "scenario-507-spoofing_layering-agent-spoofing_layering-3",
    "action": "new",
    "side": "sell",
    "price": 65541.71871,
    "quantity": 0.5,
    "remaining_quantity": 0.5
  },
  {
    "event_id": "739fea3ad95cc47bb9ce0c9a86842989ac22fdca5128b3235db7ef14992e5ec4",
    "schema_version": "1.0.0",
    "event_type": "agent_order",
    "source": "synthetic_agent",
    "symbol": "BTCUSDT",
    "exchange": "binance_usdm",
    "timestamp": "2024-05-01T00:00:00.200000Z",
    "sequence": 4,
    "scenario_id": "scenario-507-spoofing_layering",
    "agent_id": "agent-spoofing_layering",
    "order_id": "scenario-507-spoofing_layering-agent-spoofing_layering-4",
    "action": "new",
    "side": "sell",
    "price": 65542.37378,
    "quantity": 0.5,
    "remaining_quantity": 0.5
  },
  {
    "event_id": "c2fdbd7c199e201be0e758ae774de055bb5d6405351b115a62508bc895187151",
    "schema_version": "1.0.0",
    "event_type": "agent_order",
    "source": "synthetic_agent",
    "symbol": "BTCUSDT",
    "exchange": "binance_usdm",
    "timestamp": "2024-05-01T00:00:00.250000Z",
    "sequence": 5,
    "scenario_id": "scenario-507-spoofing_layering",
    "agent_id": "agent-spoofing_layering",
    "order_id": "scenario-507-spoofing_layering-agent-spoofing_layering-5",
    "action": "new",
    "side": "sell",
    "price": 65543.02885,
    "quantity": 0.5,
    "remaining_quantity": 0.5
  },
  {
    "event_id": "2914f31b1fba7aaea1fd308e8d78ddbfebb271a5d04b7a1bd64067a142588827",
    "schema_version": "1.0.0",
    "event_type": "agent_order",
    "source": "synthetic_agent",
    "symbol": "BTCUSDT",
    "exchange": "binance_usdm",
    "timestamp": "2024-05-01T00:00:00.300000Z",
    "sequence": 6,
    "scenario_id": "scenario-507-spoofing_layering",
    "agent_id": "agent-spoofing_layering",
    "order_id": "scenario-507-spoofing_layering-agent-spoofing_layering-6",
    "action": "new",
    "side": "sell",
    "price": 65543.68392,
    "quantity": 0.5,
    "remaining_quantity": 0.5
  },
  {
    "event_id": "cc054117fc2ccce0675120bdb8448e5c2ad16ee513f24d4d33307c4465bf199c",
    "schema_version": "1.0.0",
    "event_type": "agent_order",
    "source": "synthetic_agent",
    "symbol": "BTCUSDT",
    "exchange": "binance_usdm",
    "timestamp": "2024-05-01T00:00:00.350000Z",
    "sequence": 7,
    "scenario_id": "scenario-507-spoofing_layering",
    "agent_id": "agent-spoofing_layering",
    "order_id": "scenario-507-spoofing_layering-agent-spoofing_layering-7",
    "action": "new",
    "side": "sell",
    "price": 65544.33899,
    "quantity": 0.5,
    "remaining_quantity": 0.5
  },
  {
    "event_id": "5e0b181f6c1f42298863031edf1de716fa3dc9fdd473276ba2afae1a97ddef15",
    "schema_version": "1.0.0",
    "event_type": "agent_order",
    "source": "synthetic_agent",
    "symbol": "BTCUSDT",
    "exchange": "binance_usdm",
    "timestamp": "2024-05-01T00:00:00.400000Z",
    "sequence": 8,
    "scenario_id": "scenario-507-spoofing_layering",
    "agent_id": "agent-spoofing_layering",
    "order_id": "scenario-507-spoofing_layering-agent-spoofing_layering-8",
    "action": "new",
    "side": "sell",
    "price": 65544.99406,
    "quantity": 0.5,
    "remaining_quantity": 0.5
  },
  {
    "event_id": "6675b8e3b0ba37a4d36eed0cb976100a5a878adc7548f3d49eb6ab04d99f697b",
    "schema_version": "1.0.0",
    "event_type": "agent_order",
    "source": "synthetic_agent",
    "symbol": "BTCUSDT",
    "exchange": "binance_usdm",
    "timestamp": "2024-05-01T00:00:00.450000Z",
    "sequence": 9,
    "scenario_id": "scenario-507-spoofing_layering",
    "agent_id": "agent-spoofing_layering",
    "order_id": "scenario-507-spoofing_layering-agent-spoofing_layering-9",
    "action": "new",
    "side": "sell",
    "price": 65545.64912999999,
    "quantity": 0.5,
    "remaining_quantity": 0.5
  },
  {
    "event_id": "7cf97b14bbe80f384e74bb4daa2d1eff00cd1a0c297c91c808673efe895ffb98",
    "schema_version": "1.0.0",
    "event_type": "agent_order",
    "source": "synthetic_agent",
    "symbol": "BTCUSDT",
    "exchange": "binance_usdm",
    "timestamp": "2024-05-01T00:00:00.500000Z",
    "sequence": 10,
    "scenario_id": "scenario-507-spoofing_layering",
    "agent_id": "agent-spoofing_layering",
    "order_id": "scenario-507-spoofing_layering-agent-spoofing_layering-10",
    "action": "new",
    "side": "sell",
    "price": 65546.3042,
    "quantity": 0.5,
    "remaining_quantity": 0.5
  },
  {
    "event_id": "145fd4dcf1f8df1efbedaf4ca9212b6e50e58252f643f91cc7b161170ca31baa",
    "schema_version": "1.0.0",
    "event_type": "agent_order",
    "source": "synthetic_agent",
    "symbol": "BTCUSDT",
    "exchange": "binance_usdm",
    "timestamp": "2024-05-01T00:00:00.550000Z",
    "sequence": 11,
    "scenario_id": "scenario-507-spoofing_layering",
    "agent_id": "agent-spoofing_layering",
    "order_id": "scenario-507-spoofing_layering-agent-spoofing_layering-11",
    "action": "new",
    "side": "sell",
    "price": 65546.95927,
    "quantity": 0.5,
    "remaining_quantity": 0.5
  },
  {
    "event_id": "bc6a29aac9d07d7a5579afe38fab59d08e1de7e5bc189f6012e6546f9fb24b88",
    "schema_version": "1.0.0",
    "event_type": "agent_order",
    "source": "synthetic_agent",
    "symbol": "BTCUSDT",
    "exchange": "binance_usdm",
    "timestamp": "2024-05-01T00:00:00.600000Z",
    "sequence": 12,
    "scenario_id": "scenario-507-spoofing_layering",
    "agent_id": "agent-spoofing_layering",
    "order_id": "scenario-507-spoofing_layering-agent-spoofing_layering-12",
    "action": "new",
    "side": "sell",
    "price": 65547.61433999999,
    "quantity": 0.5,
    "remaining_quantity": 0.5
  },
  {
    "event_id": "7b719ccad3956cd3a2c8b18c29e3fde3e9ded075db2c31a1a2a4c311377a1cbc",
    "schema_version": "1.0.0",
    "event_type": "agent_order",
    "source": "synthetic_agent",
    "symbol": "BTCUSDT",
    "exchange": "binance_usdm",
    "timestamp": "2024-05-01T00:00:00.650000Z",
    "sequence": 13,
    "scenario_id": "scenario-507-spoofing_layering",
    "agent_id": "agent-spoofing_layering",
    "order_id": "scenario-507-spoofing_layering-agent-spoofing_layering-13",
    "action": "new",
    "side": "sell",
    "price": 65548.26941,
    "quantity": 0.5,
    "remaining_quantity": 0.5
  },
  {
    "event_id": "450e6c3e6a87d2ce95940452d8babd748b47c9e4d4f5dc243e5fef6de722990d",
    "schema_version": "1.0.0",
    "event_type": "agent_order",
    "source": "synthetic_agent",
    "symbol": "BTCUSDT",
    "exchange": "binance_usdm",
    "timestamp": "2024-05-01T00:00:00.700000Z",
    "sequence": 14,
    "scenario_id": "scenario-507-spoofing_layering",
    "agent_id": "agent-spoofing_layering",
    "order_id": "scenario-507-spoofing_layering-agent-spoofing_layering-14",
    "action": "new",
    "side": "sell",
    "price": 65548.92448,
    "quantity": 0.5,
    "remaining_quantity": 0.5
  },
  {
    "event_id": "a75ec39563cad5765ba7dc232d618ca518b2892b3ba8587c88ee0419d4ac3286",
    "schema_version": "1.0.0",
    "event_type": "agent_order",
    "source": "synthetic_agent",
    "symbol": "BTCUSDT",
    "exchange": "binance_usdm",
    "timestamp": "2024-05-01T00:00:00.750000Z",
    "sequence": 15,
    "scenario_id": "scenario-507-spoofing_layering",
    "agent_id": "agent-spoofing_layering",
    "order_id": "scenario-507-spoofing_layering-agent-spoofing_layering-15",
    "action": "new",
    "side": "sell",
    "price": 65549.57955000001,
    "quantity": 0.5,
    "remaining_quantity": 0.5
  },
  {
    "event_id": "b6cf7f5e92f059c9bebe7552bbf07582702bbedf581d8afa5564d4f98c569f5d",
    "schema_version": "1.0.0",
    "event_type": "agent_order",
    "source": "synthetic_agent",
    "symbol": "BTCUSDT",
    "exchange": "binance_usdm",
    "timestamp": "2024-05-01T00:00:00.800000Z",
    "sequence": 16,
    "scenario_id": "scenario-507-spoofing_layering",
    "agent_id": "agent-spoofing_layering",
    "order_id": "scenario-507-spoofing_layering-agent-spoofing_layering-16",
    "action": "new",
    "side": "sell",
    "price": 65550.23461999999,
    "quantity": 0.5,
    "remaining_quantity": 0.5
  },
  {
    "event_id": "9cb0766c8ef9e01d309fab75e47a57480b019c74b733905fa343785092b8d741",
    "schema_version": "1.0.0",
    "event_type": "agent_order",
    "source": "synthetic_agent",
    "symbol": "BTCUSDT",
    "exchange": "binance_usdm",
    "timestamp": "2024-05-01T00:00:00.850000Z",
    "sequence": 17,
    "scenario_id": "scenario-507-spoofing_layering",
    "agent_id": "agent-spoofing_layering",
    "order_id": "scenario-507-spoofing_layering-agent-spoofing_layering-17",
    "action": "new",
    "side": "sell",
    "price": 65550.88969,
    "quantity": 0.5,
    "remaining_quantity": 0.5
  },
  {
    "event_id": "ee76d0ffcf9917b7a72d347fc19c54f228aae97afd5f053f6c1eae68bbf0bf1b",
    "schema_version": "1.0.0",
    "event_type": "agent_order",
    "source": "synthetic_agent",
    "symbol": "BTCUSDT",
    "exchange": "binance_usdm",
    "timestamp": "2024-05-01T00:00:00.900000Z",
    "sequence": 18,
    "scenario_id": "scenario-507-spoofing_layering",
    "agent_id": "agent-spoofing_layering",
    "order_id": "scenario-507-spoofing_layering-agent-spoofing_layering-18",
    "action": "new",
    "side": "sell",
    "price": 65551.54476,
    "quantity": 0.5,
    "remaining_quantity": 0.5
  },
  {
    "event_id": "61a829e136b87f6e93743bd43c0a329eebe0357c3b50d1e628d759a96b6706ed",
    "schema_version": "1.0.0",
    "event_type": "agent_order",
    "source": "synthetic_agent",
    "symbol": "BTCUSDT",
    "exchange": "binance_usdm",
    "timestamp": "2024-05-01T00:00:00.950000Z",
    "sequence": 19,
    "scenario_id": "scenario-507-spoofing_layering",
    "agent_id": "agent-spoofing_layering",
    "order_id": "scenario-507-spoofing_layering-agent-spoofing_layering-19",
    "action": "new",
    "side": "sell",
    "price": 65552.19983,
    "quantity": 0.5,
    "remaining_quantity": 0.5
  },
  {
    "event_id": "f43e211481e377269e678aa70cb1b53f3fb00f3b9a4cc983ebd6a6620a42a3a8",
    "schema_version": "1.0.0",
    "event_type": "agent_order",
    "source": "synthetic_agent",
    "symbol": "BTCUSDT",
    "exchange": "binance_usdm",
    "timestamp": "2024-05-01T00:00:01Z",
    "sequence": 20,
    "scenario_id": "scenario-507-spoofing_layering",
    "agent_id": "agent-spoofing_layering",
    "order_id": "scenario-507-spoofing_layering-agent-spoofing_layering-20",
    "action": "new",
    "side": "sell",
    "price": 65552.85489999999,
    "quantity": 0.5,
    "remaining_quantity": 0.5
  },
  {
    "event_id": "969a95ad305fb1723701163055ffc8eed5b397d39cd5c0d7e0937833391c1596",
    "schema_version": "1.0.0",
    "event_type": "agent_order",
    "source": "synthetic_agent",
    "symbol": "BTCUSDT",
    "exchange": "binance_usdm",
    "timestamp": "2024-05-01T00:00:01.050000Z",
    "sequence": 21,
    "scenario_id": "scenario-507-spoofing_layering",
    "agent_id": "agent-spoofing_layering",
    "order_id": "scenario-507-spoofing_layering-agent-spoofing_layering-21",
    "action": "new",
    "side": "sell",
    "price": 65553.50997,
    "quantity": 0.5,
    "remaining_quantity": 0.5
  },
  {
    "event_id": "eed55eaed023552100125d7eeea71647c51507c06b3d035fe759a6e9ffa4494e",
    "schema_version": "1.0.0",
    "event_type": "agent_order",
    "source": "synthetic_agent",
    "symbol": "BTCUSDT",
    "exchange": "binance_usdm",
    "timestamp": "2024-05-01T00:00:01.100000Z",
    "sequence": 22,
    "scenario_id": "scenario-507-spoofing_layering",
    "agent_id": "agent-spoofing_layering",
    "order_id": "scenario-507-spoofing_layering-agent-spoofing_layering-22",
    "action": "new",
    "side": "sell",
    "price": 65554.16504,
    "quantity": 0.5,
    "remaining_quantity": 0.5
  },
  {
    "event_id": "97ccf57fea628ee561bfb37306d0568b831960481c6ead326540365f535e2c22",
    "schema_version": "1.0.0",
    "event_type": "agent_order",
    "source": "synthetic_agent",
    "symbol": "BTCUSDT",
    "exchange": "binance_usdm",
    "timestamp": "2024-05-01T00:00:01.150000Z",
    "sequence": 23,
    "scenario_id": "scenario-507-spoofing_layering",
    "agent_id": "agent-spoofing_layering",
    "order_id": "scenario-507-spoofing_layering-agent-spoofing_layering-23",
    "action": "new",
    "side": "sell",
    "price": 65554.82010999999,
    "quantity": 0.5,
    "remaining_quantity": 0.5
  },
  {
    "event_id": "f97aed20a494c58c5df97603a01d4e9d821cfe1762f3f0fce62cd9beaf6461c1",
    "schema_version": "1.0.0",
    "event_type": "agent_order",
    "source": "synthetic_agent",
    "symbol": "BTCUSDT",
    "exchange": "binance_usdm",
    "timestamp": "2024-05-01T00:00:01.200000Z",
    "sequence": 24,
    "scenario_id": "scenario-507-spoofing_layering",
    "agent_id": "agent-spoofing_layering",
    "order_id": "scenario-507-spoofing_layering-agent-spoofing_layering-24",
    "action": "new",
    "side": "sell",
    "price": 65555.47518,
    "quantity": 0.5,
    "remaining_quantity": 0.5
  },
  {
    "event_id": "9ece61898cae869d1e061debeb21fa720d63e38ca45344086ed4bebf19b3f8a8",
    "schema_version": "1.0.0",
    "event_type": "agent_order",
    "source": "synthetic_agent",
    "symbol": "BTCUSDT",
    "exchange": "binance_usdm",
    "timestamp": "2024-05-01T00:00:01.250000Z",
    "sequence": 25,
    "scenario_id": "scenario-507-spoofing_layering",
    "agent_id": "agent-spoofing_layering",
    "order_id": "scenario-507-spoofing_layering-agent-spoofing_layering-25",
    "action": "new",
    "side": "sell",
    "price": 65556.13025,
    "quantity": 0.5,
    "remaining_quantity": 0.5
  },
  {
    "event_id": "7073f331fe7463445c19a4b22f1af3b772bd98c658b504ada57e2e96c92d7419",
    "schema_version": "1.0.0",
    "event_type": "agent_order",
    "source": "synthetic_agent",
    "symbol": "BTCUSDT",
    "exchange": "binance_usdm",
    "timestamp": "2024-05-01T00:00:01.300000Z",
    "sequence": 26,
    "scenario_id": "scenario-507-spoofing_layering",
    "agent_id": "agent-spoofing_layering",
    "order_id": "scenario-507-spoofing_layering-agent-spoofing_layering-26",
    "action": "new",
    "side": "sell",
    "price": 65556.78532,
    "quantity": 0.5,
    "remaining_quantity": 0.5
  },
  {
    "event_id": "8de2262b583ff08f7d93cfcfc25ed8cb960cc3806d9e74a32c6f0da8a04133ea",
    "schema_version": "1.0.0",
    "event_type": "agent_order",
    "source": "synthetic_agent",
    "symbol": "BTCUSDT",
    "exchange": "binance_usdm",
    "timestamp": "2024-05-01T00:00:01.350000Z",
    "sequence": 27,
    "scenario_id": "scenario-507-spoofing_layering",
    "agent_id": "agent-spoofing_layering",
    "order_id": "scenario-507-spoofing_layering-agent-spoofing_layering-27",
    "action": "new",
    "side": "sell",
    "price": 65557.44038999999,
    "quantity": 0.5,
    "remaining_quantity": 0.5
  },
  {
    "event_id": "8b0ce9c19082cb676d7666f52fbb7ef61727539d9165abffaefbe09b2bec8f68",
    "schema_version": "1.0.0",
    "event_type": "agent_order",
    "source": "synthetic_agent",
    "symbol": "BTCUSDT",
    "exchange": "binance_usdm",
    "timestamp": "2024-05-01T00:00:01.400000Z",
    "sequence": 28,
    "scenario_id": "scenario-507-spoofing_layering",
    "agent_id": "agent-spoofing_layering",
    "order_id": "scenario-507-spoofing_layering-agent-spoofing_layering-28",
    "action": "new",
    "side": "sell",
    "price": 65558.09546,
    "quantity": 0.5,
    "remaining_quantity": 0.5
  },
  {
    "event_id": "96eb5de76d2822110d0ad3efb849ffd0a1a99ddefb2921319314e99a06850a2e",
    "schema_version": "1.0.0",
    "event_type": "agent_order",
    "source": "synthetic_agent",
    "symbol": "BTCUSDT",
    "exchange": "binance_usdm",
    "timestamp": "2024-05-01T00:00:01.450000Z",
    "sequence": 29,
    "scenario_id": "scenario-507-spoofing_layering",
    "agent_id": "agent-spoofing_layering",
    "order_id": "scenario-507-spoofing_layering-agent-spoofing_layering-29",
    "action": "new",
    "side": "sell",
    "price": 65558.75052999999,
    "quantity": 0.5,
    "remaining_quantity": 0.5
  }
]