[
  {
    "event_id": "f3a691c0fd072c5c72129bbbfd59dfccd68309cd0c7ee2cb2a3e14a513aeaa02",
    "schema_version": "1.0.0",
    "event_type": "agent_order",
    "source": "synthetic_agent",
    "symbol": "BTCUSDT",
    "exchange": "binance_usdm",
    "timestamp": "2024-05-01T00:00:00Z",
    "sequence": 0,
    "scenario_id": "scenario-208-quote_stuffing",
    "agent_id": "agent-quote_stuffing",
    "order_id": "scenario-208-quote_stuffing-agent-quote_stuffing-0",
    "action": "new",
    "side": "buy",
    "price": 65201.4792,
    "quantity": 0.001,
    "remaining_quantity": 0.001
  },
  {
    "event_id": "12e160bf8299622e9c1c83f9e02330b9a653c2270e43eeef4792a2f373e05753",
    "schema_version": "1.0.0",
    "event_type": "agent_order",
    "source": "synthetic_agent",
    "symbol": "BTCUSDT",
    "exchange": "binance_usdm",
    "timestamp": "2024-05-01T00:00:00.005000Z",
    "sequence": 1,
    "scenario_id": "scenario-208-quote_stuffing",
    "agent_id": "agent-quote_stuffing",
    "order_id": "scenario-208-quote_stuffing-agent-quote_stuffing-1",
    "action": "new",
    "side": "sell",
    "price": 65214.5208,
    "quantity": 0.001,
    "remaining_quantity": 0.001
  },
  {
    "event_id": "60d216bf451af5c7a36732382450b5cbf3072889f3aa634e68e26d6844ea1893",
    "schema_version": "1.0.0",
    "event_type": "agent_order",
    "source": "synthetic_agent",
    "symbol": "BTCUSDT",
    "exchange": "binance_usdm",
    "timestamp": "2024-05-01T00:00:00.010000Z",
    "sequence": 2,
    "scenario_id": "scenario-208-quote_stuffing",
    "agent_id": "agent-quote_stuffing",
    "order_id": "scenario-208-quote_stuffing-agent-quote_stuffing-2",
    "action": "new",
    "side": "buy",
    "price": 65201.4792,
    "quantity": 0.001,
    "remaining_quantity": 0.001
  },
  {
    "event_id": "bf3866218235b7aedfd86e69f8be0c7441c5a7d8c04a759f348d1f5beed8c98c",
    "schema_version": "1.0.0",
    "event_type": "agent_order",
    "source": "synthetic_agent",
    "symbol": "BTCUSDT",
    "exchange": "binance_usdm",
    "timestamp": "2024-05-01T00:00:00.015000Z",
    "sequence": 3,
    "scenario_id": "scenario-208-quote_stuffing",
    "agent_id": "agent-quote_stuffing",
    "order_id": "scenario-208-quote_stuffing-agent-quote_stuffing-3",
    "action": "new",
    "side": "sell",
    "price": 65214.5208,
    "quantity": 0.001,
    "remaining_quantity": 0.001
  },
  {
    "event_id": "75bd25ac1282435f25037918bef25295f7a5b8e4e83072ee7c6630f5d755abaa",
    "schema_version": "1.0.0",
    "event_type": "agent_order",
    "source": "synthetic_agent",
    "symbol": "BTCUSDT",
    "exchange": "binance_usdm",
    "timestamp": "2024-05-01T00:00:00.020000Z",
    "sequence": 4,
    "scenario_id": "scenario-208-quote_stuffing",
    "agent_id": "agent-quote_stuffing",
    "order_id": "scenario-208-quote_stuffing-agent-quote_stuffing-4",
    "action": "new",
    "side": "buy",
    "price": 65201.4792,
    "quantity": 0.001,
    "remaining_quantity": 0.001
  },
  {
    "event_id": "e7cda101b7532d565972df10314bb1c7dcd6188f0141c3d22e60cd8c620787af",
    "schema_version": "1.0.0",
    "event_type": "agent_order",
    "source": "synthetic_agent",
    "symbol": "BTCUSDT",
    "exchange": "binance_usdm",
    "timestamp": "2024-05-01T00:00:00.025000Z",
    "sequence": 5,
    "scenario_id": "scenario-208-quote_stuffing",
    "agent_id": "agent-quote_stuffing",
    "order_id": "scenario-208-quote_stuffing-agent-quote_stuffing-5",
    "action": "new",
    "side": "sell",
    "price": 65214.5208,
    "quantity": 0.001,
    "remaining_quantity": 0.001
  },
  {
    "event_id": "a2eac2ba392d34225563a96b83215ca584c9771125f386d95be53fabc278ba42",
    "schema_version": "1.0.0",
    "event_type": "agent_order",
    "source": "synthetic_agent",
    "symbol": "BTCUSDT",
    "exchange": "binance_usdm",
    "timestamp": "2024-05-01T00:00:00.030000Z",
    "sequence": 6,
    "scenario_id": "scenario-208-quote_stuffing",
    "agent_id": "agent-quote_stuffing",
    "order_id": "scenario-208-quote_stuffing-agent-quote_stuffing-6",
    "action": "new",
    "side": "buy",
    "price": 65201.4792,
    "quantity": 0.001,
    "remaining_quantity": 0.001
  },
  {
    "event_id": "a3b0ca043f163f9860eef04cb56e2c381f29dbf6cf5eb9bdf805dbf7d6658562",
    "schema_version": "1.0.0",
    "event_type": "agent_order",
    "source": "synthetic_agent",
    "symbol": "BTCUSDT",
    "exchange": "binance_usdm",
    "timestamp": "2024-05-01T00:00:00.035000Z",
    "sequence": 7,
    "scenario_id": "scenario-208-quote_stuffing",
    "agent_id": "agent-quote_stuffing",
    "order_id": "scenario-208-quote_stuffing-agent-quote_stuffing-7",
    "action": "new",
    "side": "sell",
    "price": 65214.5208,
    "quantity": 0.001,
    "remaining_quantity": 0.001
  },
  {
    "event_id": "8824721e055e6954a2280e1c5a23d29e920f07f12c5eb6d31d1b3dadb721315c",
    "schema_version": "1.0.0",
    "event_type": "agent_order",
    "source": "synthetic_agent",
    "symbol": "BTCUSDT",
    "exchange": "binance_usdm",
    "timestamp": "2024-05-01T00:00:00.040000Z",
    "sequence": 8,
    "scenario_id": "scenario-208-quote_stuffing",
    "agent_id": "agent-quote_stuffing",
    "order_id": "scenario-208-quote_stuffing-agent-quote_stuffing-8",
    "action": "new",
    "side": "buy",
    "price": 65201.4792,
    "quantity": 0.001,
    "remaining_quantity": 0.001
  },
  {
    "event_id": "751ff4e7b2b7a78ee2fb7ee5e719e0f6a534b953681c244a524878c9a01398a9",
    "schema_version": "1.0.0",
    "event_type": "agent_order",
    "source": "synthetic_agent",
    "symbol": "BTCUSDT",
    "exchange": "binance_usdm",
    "timestamp": "2024-05-01T00:00:00.045000Z",
    "sequence": 9,
    "scenario_id": "scenario-208-quote_stuffing",
    "agent_id": "agent-quote_stuffing",
    "order_id": "scenario-208-quote_stuffing-agent-quote_stuffing-9",
    "action": "new",
    "side": "sell",
    "price": 65214.5208,
    "quantity": 0.001,
    "remaining_quantity": 0.001
  },
  {
    "event_id": "f23f7b5a275ed854b845b6462abeb06d1a3c36d447ec1f0b1f68961370386952",
    "schema_version": "1.0.0",
    "event_type": "agent_order",
    "source": "synthetic_agent",
    "symbol": "BTCUSDT",
    "exchange": "binance_usdm",
    "timestamp": "2024-05-01T00:00:00.050000Z",
    "sequence": 10,
    "scenario_id": "scenario-208-quote_stuffing",
    "agent_id": "agent-quote_stuffing",
    "order_id": "scenario-208-quote_stuffing-agent-quote_stuffing-10",
    "action": "new",
    "side": "buy",
    "price": 65201.4792,
    "quantity": 0.001,
    "remaining_quantity": 0.001
  },
  {
    "event_id": "df3f61ef7b6b2d7f5d5ff9c6793b3ec7bdd48c2211fb3cebab06be9971f4a72b",
    "schema_version": "1.0.0",
    "event_type": "agent_order",
    "source": "synthetic_agent",
    "symbol": "BTCUSDT",
    "exchange": "binance_usdm",
    "timestamp": "2024-05-01T00:00:00.055000Z",
    "sequence": 11,
    "scenario_id": "scenario-208-quote_stuffing",
    "agent_id": "agent-quote_stuffing",
    "order_id": "scenario-208-quote_stuffing-agent-quote_stuffing-11",
    "action": "new",
    "side": "sell",
    "price": 65214.5208,
    "quantity": 0.001,
    "remaining_quantity": 0.001
  },
  {
    "event_id": "0e05f574b77fae8a53b46819b36e534754e3882b55abf2feb7a591719e2718f1",
    "schema_version": "1.0.0",
    "event_type": "agent_order",
    "source": "synthetic_agent",
    "symbol": "BTCUSDT",
    "exchange": "binance_usdm",
    "timestamp": "2024-05-01T00:00:00.060000Z",
    "sequence": 12,
    "scenario_id": "scenario-208-quote_stuffing",
    "agent_id": "agent-quote_stuffing",
    "order_id": "scenario-208-quote_stuffing-agent-quote_stuffing-12",
    "action": "new",
    "side": "buy",
    "price": 65201.4792,
    "quantity": 0.001,
    "remaining_quantity": 0.001
  },
  {
    "event_id": "34a3c074c28734161ac9aca5c0def3b81f32f3fa9f3555b148e81e35939c3c2b",
    "schema_version": "1.0.0",
    "event_type": "agent_order",
    "source": "synthetic_agent",
    "symbol": "BTCUSDT",
    "exchange": "binance_usdm",
    "timestamp": "2024-05-01T00:00:00.065000Z",
    "sequence": 13,
    "scenario_id": "scenario-208-quote_stuffing",
    "agent_id": "agent-quote_stuffing",
    "order_id": "scenario-208-quote_stuffing-agent-quote_stuffing-13",
    "action": "new",
    "side": "sell",
    "price": 65214.5208,
    "quantity": 0.001,
    "remaining_quantity": 0.001
  },
  {
    "event_id": "c5beb48ede11664d3e0aa74d2a69c16b75d3b4d121b90abbafd09c281d26c279",
    "schema_version": "1.0.0",
    "event_type": "agent_order",
    "source": "synthetic_agent",
    "symbol": "BTCUSDT",
    "exchange": "binance_usdm",
    "timestamp": "2024-05-01T00:00:00.070000Z",
    "sequence": 14,
    "scenario_id": "scenario-208-quote_stuffing",
    "agent_id": "agent-quote_stuffing",
    "order_id": "scenario-208-quote_stuffing-agent-quote_stuffing-14",
    "action": "new",
    "side": "buy",
    "price": 65201.4792,
    "quantity": 0.001,
    "remaining_quantity": 0.001
  },
  {
    "event_id": "e7741d623100e54bb7b119f3695e31d6f6e57ae43bd191cfa2a2c30260df25a6",
    "schema_version": "1.0.0",
    "event_type": "agent_order",
    "source": "synthetic_agent",
    "symbol": "BTCUSDT",
    "exchange": "binance_usdm",
    "timestamp": "2024-05-01T00:00:00.075000Z",
    "sequence": 15,
    "scenario_id": "scenario-208-quote_stuffing",
    "agent_id": "agent-quote_stuffing",
    "order_id": "scenario-208-quote_stuffing-agent-quote_stuffing-15",
    "action": "new",
    "side": "sell",
    "price": 65214.5208,
    "quantity": 0.001,
    "remaining_quantity": 0.001
  },
  {
    "event_id": "76c53e8a4be99af8f0cb7de24c7a61686cc59b65d6cac6c4c31b772b871fe4a0",
    "schema_version": "1.0.0",
    "event_type": "agent_order",
    "source": "synthetic_agent",
    "symbol": "BTCUSDT",
    "exchange": "binance_usdm",
    "timestamp": "2024-05-01T00:00:00.080000Z",
    "sequence": 16,
    "scenario_id": "scenario-208-quote_stuffing",
    "agent_id": "agent-quote_stuffing",
    "order_id": "scenario-208-quote_stuffing-agent-quote_stuffing-16",
    "action": "new",
    "side": "buy",
    "price": 65201.4792,
    "quantity": 0.001,
    "remaining_quantity": 0.001
  },
  {
    "event_id": "1d275c92557b4b12cab934ef10910cc72481eca597839872a72a883592b0c952",
    "schema_version": "1.0.0",
    "event_type": "agent_order",
    "source": "synthetic_agent",
    "symbol": "BTCUSDT",
    "exchange": "binance_usdm",
    "timestamp": "2024-05-01T00:00:00.085000Z",
    "sequence": 17,
    "scenario_id": "scenario-208-quote_stuffing",
    "agent_id": "agent-quote_stuffing",
    "order_id": "scenario-208-quote_stuffing-agent-quote_stuffing-17",
    "action": "new",
    "side": "sell",
    "price": 65214.5208,
    "quantity": 0.001,
    "remaining_quantity": 0.001
  },
  {
    "event_id": "01f30bfe025259dd7f406b67c27b5615caf9561d1585d95b76d42c254c8864d7",
    "schema_version": "1.0.0",
    "event_type": "agent_order",
    "source": "synthetic_agent",
    "symbol": "BTCUSDT",
    "exchange": "binance_usdm",
    "timestamp": "2024-05-01T00:00:00.090000Z",
    "sequence": 18,
    "scenario_id": "scenario-208-quote_stuffing",
    "agent_id": "agent-quote_stuffing",
    "order_id": "scenario-208-quote_stuffing-agent-quote_stuffing-18",
    "action": "new",
    "side": "buy",
    "price": 65201.4792,
    "quantity": 0.001,
    "remaining_quantity": 0.001
  },
  {
    "event_id": "22cf1e3d1b46864e03efbc70442cf2f6f43a136e1f2d5320d79f2fd7d9f6a0f9",
    "schema_version": "1.0.0",
    "event_type": "agent_order",
    "source": "synthetic_agent",
    "symbol": "BTCUSDT",
    "exchange": "binance_usdm",
    "timestamp": "2024-05-01T00:00:00.095000Z",
    "sequence": 19,
    "scenario_id": "scenario-208-quote_stuffing",
    "agent_id": "agent-quote_stuffing",
    "order_id": "scenario-208-quote_stuffing-agent-quote_stuffing-19",
    "action": "new",
    "side": "sell",
    "price": 65214.5208,
    "quantity": 0.001,
    "remaining_quantity": 0.001
  },
  {
    "event_id": "dd431ec623876a1ebffa2c9b4e2dacc23c73221c97779ad5d602845fb062f25d",
    "schema_version": "1.0.0",
    "event_type": "agent_order",
    "source": "synthetic_agent",
    "symbol": "BTCUSDT",
    "exchange": "binance_usdm",
    "timestamp": "2024-05-01T00:00:00.100000Z",
    "sequence": 20,
    "scenario_id": "scenario-208-quote_stuffing",
    "agent_id": "agent-quote_stuffing",
    "order_id": "scenario-208-quote_stuffing-agent-quote_stuffing-20",
    "action": "new",
    "side": "buy",
    "price": 65201.4792,
    "quantity": 0.001,
    "remaining_quantity": 0.001
  },
  {
    "event_id": "87fcb84812243c87d2a6917a24bb69e4d95e5a1357e255436c313e50519de423",
    "schema_version": "1.0.0",
    "event_type": "agent_order",
    "source": "synthetic_agent",
    "symbol": "BTCUSDT",
    "exchange": "binance_usdm",
    "timestamp": "2024-05-01T00:00:00.105000Z",
    "sequence": 21,
    "scenario_id": "scenario-208-quote_stuffing",
    "agent_id": "agent-quote_stuffing",
    "order_id": "scenario-208-quote_stuffing-agent-quote_stuffing-21",
    "action": "new",
    "side": "sell",
    "price": 65214.5208,
    "quantity": 0.001,
    "remaining_quantity": 0.001
  },
  {
    "event_id": "7f991524f7b263e1b8e22f4e6150b4e109569e826195a49cfff614ad9f49286c",
    "schema_version": "1.0.0",
    "event_type": "agent_order",
    "source": "synthetic_agent",
    "symbol": "BTCUSDT",
    "exchange": "binance_usdm",
    "timestamp": "2024-05-01T00:00:00.110000Z",
    "sequence": 22,
    "scenario_id": "scenario-208-quote_stuffing",
    "agent_id": "agent-quote_stuffing",
    "order_id": "scenario-208-quote_stuffing-agent-quote_stuffing-22",
    "action": "new",
    "side": "buy",
    "price": 65201.4792,
    "quantity": 0.001,
    "remaining_quantity": 0.001
  },
  {
    "event_id": "85ee1393d7fbb1f78b6c18ff66a0b7a52d99130b33be6864ea4e3182466e4ef2",
    "schema_version": "1.0.0",
    "event_type": "agent_order",
    "source": "synthetic_agent",
    "symbol": "BTCUSDT",
    "exchange": "binance_usdm",
    "timestamp": "2024-05-01T00:00:00.115000Z",
    "sequence": 23,
    "scenario_id": "scenario-208-quote_stuffing",
    "agent_id": "agent-quote_stuffing",
    "order_id": "scenario-208-quote_stuffing-agent-quote_stuffing-23",
    "action": "new",
    "side": "sell",
    "price": 65214.5208,
    "quantity": 0.001,
    "remaining_quantity": 0.001
  },
  {
    "event_id": "075203ff6490df2ca4886e802bdf3c1fb22af915886801b1873592349402dab8",
    "schema_version": "1.0.0",
    "event_type": "agent_order",
    "source": "synthetic_agent",
    "symbol": "BTCUSDT",
    "exchange": "binance_usdm",
    "timestamp": "2024-05-01T00:00:00.120000Z",
    "sequence": 24,
    "scenario_id": "scenario-208-quote_stuffing",
    "agent_id": "agent-quote_stuffing",
    "order_id": "scenario-208-quote_stuffing-agent-quote_stuffing-24",
    "action": "new",
    "side": "buy",
    "price": 65201.4792,
    "quantity": 0.001,
    "remaining_quantity": 0.001
  },
  {
    "event_id": "5e1e3b21a548950b8b38a184413d0a3680b567c4c2b3dd192d1d54b139545671",
    "schema_version": "1.0.0",
    "event_type": "agent_order",
    "source": "synthetic_agent",
    "symbol": "BTCUSDT",
    "exchange": "binance_usdm",
    "timestamp": "2024-05-01T00:00:00.125000Z",
    "sequence": 25,
    "scenario_id": "scenario-208-quote_stuffing",
    "agent_id": "agent-quote_stuffing",
    "order_id": "scenario-208-quote_stuffing-agent-quote_stuffing-25",
    "action": "new",
    "side": "sell",
    "price": 65214.5208,
    "quantity": 0.001,
    "remaining_quantity": 0.001
  },
  {
    "event_id": "9acace1dcbc636e17127793e848206c99f305b843550262a27ee459c43e5aa86",
    "schema_version": "1.0.0",
    "event_type": "agent_order",
    "source": "synthetic_agent",
    "symbol": "BTCUSDT",
    "exchange": "binance_usdm",
    "timestamp": "2024-05-01T00:00:00.130000Z",
    "sequence": 26,
    "scenario_id": "scenario-208-quote_stuffing",
    "agent_id": "agent-quote_stuffing",
    "order_id": "scenario-208-quote_stuffing-agent-quote_stuffing-26",
    "action": "new",
    "side": "buy",
    "price": 65201.4792,
    "quantity": 0.001,
    "remaining_quantity": 0.001
  },
  {
    "event_id": "c64a22b07ca9e116ff836341ded2bc459c875c3e56657887b84d7248aba574a0",
    "schema_version": "1.0.0",
    "event_type": "agent_order",
    "source": "synthetic_agent",
    "symbol": "BTCUSDT",
    "exchange": "binance_usdm",
    "timestamp": "2024-05-01T00:00:00.135000Z",
    "sequence": 27,
    "scenario_id": "scenario-208-quote_stuffing",
    "agent_id": "agent-quote_stuffing",
    "order_id": "scenario-208-quote_stuffing-agent-quote_stuffing-27",
    "action": "new",
    "side": "sell",
    "price": 65214.5208,
    "quantity": 0.001,
    "remaining_quantity": 0.001
  },
  {
    "event_id": "ded4fd19556c3f758c1cc93c4606383bc20c26c4c6dccc3e269f6e59dcc7f5f0",
    "schema_version": "1.0.0",
    "event_type": "agent_order",
    "source": "synthetic_agent",
    "symbol": "BTCUSDT",
    "exchange": "binance_usdm",
    "timestamp": "2024-05-01T00:00:00.140000Z",
    "sequence": 28,
    "scenario_id": "scenario-208-quote_stuffing",
    "agent_id": "agent-quote_stuffing",
    "order_id": "scenario-208-quote_stuffing-agent-quote_stuffing-28",
    "action": "new",
    "side": "buy",
    "price": 65201.4792,
    "quantity": 0.001,
    "remaining_quantity": 0.001
  },
  {
    "event_id": "64d62e79dfeff9256a508bebb0eb925f83e1c584b74a27d8176a5e0ba3cc2b27",
    "schema_version": "1.0.0",
    "event_type": "agent_order",
    "source": "synthetic_agent",
    "symbol": "BTCUSDT",
    "exchange": "binance_usdm",
    "timestamp": "2024-05-01T00:00:00.145000Z",
    "sequence": 29,
    "scenario_id": "scenario-208-quote_stuffing",
    "agent_id": "agent-quote_stuffing",
    "order_id": "scenario-208-quote_stuffing-agent-quote_stuffing-29",
    "action": "new",
    "side": "sell",
    "price": 65214.5208,
    "quantity": 0.001,
    "remaining_quantity": 0.001
  }
]