[
  {
    "event_id": "a1aad8c1f9144d648017bda905342acb6b61484921591e5d7990a1f56a99b5ae",
    "schema_version": "1.0.0",
    "event_type": "agent_order",
    "source": "synthetic_agent",
    "symbol": "BTCUSDT",
    "exchange": "binance_usdm",
    "timestamp": "2024-05-01T00:00:00Z",
    "sequence": 0,
    "scenario_id": "scenario-178-runaway_inventory",
    "agent_id": "agent-runaway_inventory",
    "order_id": "scenario-178-runaway_inventory-agent-runaway_inventory-0",
    "action": "new",
    "side": "buy",
    "price": 65178.0,
    "quantity": 0.01,
    "remaining_quantity": 0.01
  },
  {
    "event_id": "96ef5c44079dfc15394bef9173ccb0c0baaf23c9d1f47416fd92783f9127bbf5",
    "schema_version": "1.0.0",
    "event_type": "agent_order",
    "source": "synthetic_agent",
    "symbol": "BTCUSDT",
    "exchange": "binance_usdm",
    "timestamp": "2024-05-01T00:00:00.070000Z",
    "sequence": 1,
    "scenario_id": "scenario-178-runaway_inventory",
    "agent_id": "agent-runaway_inventory",
    "order_id": "scenario-178-runaway_inventory-agent-runaway_inventory-1",
    "action": "new",
    "side": "buy",
    "price": 65179.95534,
    "quantity": 0.012,
    "remaining_quantity": 0.012
  },
  {
    "event_id": "60b526ac5c3692e181e2a8946b658c99e84c32409c93a195956f3f38c806733a",
    "schema_version": "1.0.0",
    "event_type": "agent_order",
    "source": "synthetic_agent",
    "symbol": "BTCUSDT",
    "exchange": "binance_usdm",
    "timestamp": "2024-05-01T00:00:00.140000Z",
    "sequence": 2,
    "scenario_id": "scenario-178-runaway_inventory",
    "agent_id": "agent-runaway_inventory",
    "order_id": "scenario-178-runaway_inventory-agent-runaway_inventory-2",
    "action": "new",
    "side": "buy",
    "price": 65181.91067999999,
    "quantity": 0.014,
    "remaining_quantity": 0.014
  },
  {
    "event_id": "e984f7b3ae15c5da23ac468f95371617a46d7a8a4e200b474af1dbd40027d77c",
    "schema_version": "1.0.0",
    "event_type": "agent_order",
    "source": "synthetic_agent",
    "symbol": "BTCUSDT",
    "exchange": "binance_usdm",
    "timestamp": "2024-05-01T00:00:00.210000Z",
    "sequence": 3,
    "scenario_id": "scenario-178-runaway_inventory",
    "agent_id": "agent-runaway_inventory",
    "order_id": "scenario-178-runaway_inventory-agent-runaway_inventory-3",
    "action": "new",
    "side": "buy",
    "price": 65183.866019999994,
    "quantity": 0.016,
    "remaining_quantity": 0.016
  },
  {
    "event_id": "e6ec84dd7e9df65eb08f18b66eadcea32e65f63cc327bb98574fe98653b88d24",
    "schema_version": "1.0.0",
    "event_type": "agent_order",
    "source": "synthetic_agent",
    "symbol": "BTCUSDT",
    "exchange": "binance_usdm",
    "timestamp": "2024-05-01T00:00:00.280000Z",
    "sequence": 4,
    "scenario_id": "scenario-178-runaway_inventory",
    "agent_id": "agent-runaway_inventory",
    "order_id": "scenario-178-runaway_inventory-agent-runaway_inventory-4",
    "action": "new",
    "side": "buy",
    "price": 65185.821359999994,
    "quantity": 0.018000000000000002,
    "remaining_quantity": 0.018000000000000002
  },
  {
    "event_id": "37c074bb90b861d1a300149913dd7254df8fe866fafd2eb513df916e64620136",
    "schema_version": "1.0.0",
    "event_type": "agent_order",
    "source": "synthetic_agent",
    "symbol": "BTCUSDT",
    "exchange": "binance_usdm",
    "timestamp": "2024-05-01T00:00:00.350000Z",
    "sequence": 5,
    "scenario_id": "scenario-178-runaway_inventory",
    "agent_id": "agent-runaway_inventory",
    "order_id": "scenario-178-runaway_inventory-agent-runaway_inventory-5",
    "action": "new",
    "side": "buy",
    "price": 65187.77670000001,
    "quantity": 0.02,
    "remaining_quantity": 0.02
  },
  {
    "event_id": "f394a420cd593a2a9879bdb49b058e6005ee6fbf1be8db2866d7db8d2e560d65",
    "schema_version": "1.0.0",
    "event_type": "agent_order",
    "source": "synthetic_agent",
    "symbol": "BTCUSDT",
    "exchange": "binance_usdm",
    "timestamp": "2024-05-01T00:00:00.420000Z",
    "sequence": 6,
    "scenario_id": "scenario-178-runaway_inventory",
    "agent_id": "agent-runaway_inventory",
    "order_id": "scenario-178-runaway_inventory-agent-runaway_inventory-6",
    "action": "new",
    "side": "buy",
    "price": 65189.73204,
    "quantity": 0.022,
    "remaining_quantity": 0.022
  },
  {
    "event_id": "792caa2694c22f64a0eff8337ab1de67d36a94b7f9c161b77ed8bebb8259ed47",
    "schema_version": "1.0.0",
    "event_type": "agent_order",
    "source": "synthetic_agent",
    "symbol": "BTCUSDT",
    "exchange": "binance_usdm",
    "timestamp": "2024-05-01T00:00:00.490000Z",
    "sequence": 7,
    "scenario_id": "scenario-178-runaway_inventory",
    "agent_id": "agent-runaway_inventory",
    "order_id": "scenario-178-runaway_inventory-agent-runaway_inventory-7",
    "action": "new",
    "side": "buy",
    "price": 65191.68738,
    "quantity": 0.024,
    "remaining_quantity": 0.024
  },
  {
    "event_id": "6408aa05c27283c098f561b963d1a2354c1b71b0ae391fb5d6c43a4eeed445f1",
    "schema_version": "1.0.0",
    "event_type": "agent_order",
    "source": "synthetic_agent",
    "symbol": "BTCUSDT",
    "exchange": "binance_usdm",
    "timestamp": "2024-05-01T00:00:00.560000Z",
    "sequence": 8,
    "scenario_id": "scenario-178-runaway_inventory",
    "agent_id": "agent-runaway_inventory",
    "order_id": "scenario-178-runaway_inventory-agent-runaway_inventory-8",
    "action": "new",
    "side": "buy",
    "price": 65193.64272,
    "quantity": 0.026000000000000002,
    "remaining_quantity": 0.026000000000000002
  },
  {
    "event_id": "af3ad57dd95972e7e912b51e0d9ede36d1982b64c2dcf8e0b6b70aef5e80cfc8",
    "schema_version": "1.0.0",
    "event_type": "agent_order",
    "source": "synthetic_agent",
    "symbol": "BTCUSDT",
    "exchange": "binance_usdm",
    "timestamp": "2024-05-01T00:00:00.630000Z",
    "sequence": 9,
    "scenario_id": "scenario-178-runaway_inventory",
    "agent_id": "agent-runaway_inventory",
    "order_id": "scenario-178-runaway_inventory-agent-runaway_inventory-9",
    "action": "new",
    "side": "buy",
    "price": 65195.59806,
    "quantity": 0.028000000000000004,
    "remaining_quantity": 0.028000000000000004
  },
  {
    "event_id": "47e828327b66058b151e0da0b45c9b93347f8f90cc47ab837adeac8d7c2763b3",
    "schema_version": "1.0.0",
    "event_type": "agent_order",
    "source": "synthetic_agent",
    "symbol": "BTCUSDT",
    "exchange": "binance_usdm",
    "timestamp": "2024-05-01T00:00:00.700000Z",
    "sequence": 10,
    "scenario_id": "scenario-178-runaway_inventory",
    "agent_id": "agent-runaway_inventory",
    "order_id": "scenario-178-runaway_inventory-agent-runaway_inventory-10",
    "action": "new",
    "side": "buy",
    "price": 65197.5534,
    "quantity": 0.03,
    "remaining_quantity": 0.03
  },
  {
    "event_id": "0caaf99d90a5b535f3eef75b127c7f1207b6cd964b2e660d264ef30fcaacda6c",
    "schema_version": "1.0.0",
    "event_type": "agent_order",
    "source": "synthetic_agent",
    "symbol": "BTCUSDT",
    "exchange": "binance_usdm",
    "timestamp": "2024-05-01T00:00:00.770000Z",
    "sequence": 11,
    "scenario_id": "scenario-178-runaway_inventory",
    "agent_id": "agent-runaway_inventory",
    "order_id": "scenario-178-runaway_inventory-agent-runaway_inventory-11",
    "action": "new",
    "side": "buy",
    "price": 65199.50874,
    "quantity": 0.032,
    "remaining_quantity": 0.032
  },
  {
    "event_id": "6ca0f85ef4c7602a89836c22ea7e5b7e27d894df29c1f5c9275ec0f1e8ebcef3",
    "schema_version": "1.0.0",
    "event_type": "agent_order",
    "source": "synthetic_agent",
    "symbol": "BTCUSDT",
    "exchange": "binance_usdm",
    "timestamp": "2024-05-01T00:00:00.840000Z",
    "sequence": 12,
    "scenario_id": "scenario-178-runaway_inventory",
    "agent_id": "agent-runaway_inventory",
    "order_id": "scenario-178-runaway_inventory-agent-runaway_inventory-12",
    "action": "new",
    "side": "buy",
    "price": 65201.46408,
    "quantity": 0.034,
    "remaining_quantity": 0.034
  },
  {
    "event_id": "05b8df657a68d520e0a1b60a0879e7c8b6d1caf71a1812be2b06ffc7a67540b5",
    "schema_version": "1.0.0",
    "event_type": "agent_order",
    "source": "synthetic_agent",
    "symbol": "BTCUSDT",
    "exchange": "binance_usdm",
    "timestamp": "2024-05-01T00:00:00.910000Z",
    "sequence": 13,
    "scenario_id": "scenario-178-runaway_inventory",
    "agent_id": "agent-runaway_inventory",
    "order_id": "scenario-178-runaway_inventory-agent-runaway_inventory-13",
    "action": "new",
    "side": "buy",
    "price": 65203.41941999999,
    "quantity": 0.036000000000000004,
    "remaining_quantity": 0.036000000000000004
  },
  {
    "event_id": "3f5d9b90e51d515b22799f90041fb140701cffa04cc4dc35e55aefb0c4be6cfd",
    "schema_version": "1.0.0",
    "event_type": "agent_order",
    "source": "synthetic_agent",
    "symbol": "BTCUSDT",
    "exchange": "binance_usdm",
    "timestamp": "2024-05-01T00:00:00.980000Z",
    "sequence": 14,
    "scenario_id": "scenario-178-runaway_inventory",
    "agent_id": "agent-runaway_inventory",
    "order_id": "scenario-178-runaway_inventory-agent-runaway_inventory-14",
    "action": "new",
    "side": "buy",
    "price": 65205.374760000006,
    "quantity": 0.038,
    "remaining_quantity": 0.038
  },
  {
    "event_id": "7a49c6f459d74f3355d57f6548d0089b9167e570428770ae4597bd4fbe0913e2",
    "schema_version": "1.0.0",
    "event_type": "agent_order",
    "source": "synthetic_agent",
    "symbol": "BTCUSDT",
    "exchange": "binance_usdm",
    "timestamp": "2024-05-01T00:00:01.050000Z",
    "sequence": 15,
    "scenario_id": "scenario-178-runaway_inventory",
    "agent_id": "agent-runaway_inventory",
    "order_id": "scenario-178-runaway_inventory-agent-runaway_inventory-15",
    "action": "new",
    "side": "buy",
    "price": 65207.33010000001,
    "quantity": 0.04,
    "remaining_quantity": 0.04
  },
  {
    "event_id": "de2573dd40e7b31720f0b55cbc907d6388e25b01c0e711525da410eb90d9116c",
    "schema_version": "1.0.0",
    "event_type": "agent_order",
    "source": "synthetic_agent",
    "symbol": "BTCUSDT",
    "exchange": "binance_usdm",
    "timestamp": "2024-05-01T00:00:01.120000Z",
    "sequence": 16,
    "scenario_id": "scenario-178-runaway_inventory",
    "agent_id": "agent-runaway_inventory",
    "order_id": "scenario-178-runaway_inventory-agent-runaway_inventory-16",
    "action": "new",
    "side": "buy",
    "price": 65209.28544,
    "quantity": 0.042,
    "remaining_quantity": 0.042
  },
  {
    "event_id": "37e0577716dc7941cf47a76bb77cc3b3267246c0d31ad11a748afaf0d1954028",
    "schema_version": "1.0.0",
    "event_type": "agent_order",
    "source": "synthetic_agent",
    "symbol": "BTCUSDT",
    "exchange": "binance_usdm",
    "timestamp": "2024-05-01T00:00:01.190000Z",
    "sequence": 17,
    "scenario_id": "scenario-178-runaway_inventory",
    "agent_id": "agent-runaway_inventory",
    "order_id": "scenario-178-runaway_inventory-agent-runaway_inventory-17",
    "action": "new",
    "side": "buy",
    "price": 65211.24078,
    "quantity": 0.044000000000000004,
    "remaining_quantity": 0.044000000000000004
  },
  {
    "event_id": "8fb0ad2c9ebcb52a756978e5119ebcab45e41cd57f8c4140d7d631b43b12ae76",
    "schema_version": "1.0.0",
    "event_type": "agent_order",
    "source": "synthetic_agent",
    "symbol": "BTCUSDT",
    "exchange": "binance_usdm",
    "timestamp": "2024-05-01T00:00:01.260000Z",
    "sequence": 18,
    "scenario_id": "scenario-178-runaway_inventory",
    "agent_id": "agent-runaway_inventory",
    "order_id": "scenario-178-runaway_inventory-agent-runaway_inventory-18",
    "action": "new",
    "side": "buy",
    "price": 65213.19612,
    "quantity": 0.046000000000000006,
    "remaining_quantity": 0.046000000000000006
  },
  {
    "event_id": "929321edae0155903b194df3831ffb83aa4126fc01482c2ae86ee98b1612ca56",
    "schema_version": "1.0.0",
    "event_type": "agent_order",
    "source": "synthetic_agent",
    "symbol": "BTCUSDT",
    "exchange": "binance_usdm",
    "timestamp": "2024-05-01T00:00:01.330000Z",
    "sequence": 19,
    "scenario_id": "scenario-178-runaway_inventory",
    "agent_id": "agent-runaway_inventory",
    "order_id": "scenario-178-runaway_inventory-agent-runaway_inventory-19",
    "action": "new",
    "side": "buy",
    "price": 65215.15146,
    "quantity": 0.048,
    "remaining_quantity": 0.048
  },
  {
    "event_id": "e1af89bd95091f790cc7e1e986d10502a55d33bbfe2c5c2f85d3c9767d4a2d57",
    "schema_version": "1.0.0",
    "event_type": "agent_order",
    "source": "synthetic_agent",
    "symbol": "BTCUSDT",
    "exchange": "binance_usdm",
    "timestamp": "2024-05-01T00:00:01.400000Z",
    "sequence": 20,
    "scenario_id": "scenario-178-runaway_inventory",
    "agent_id": "agent-runaway_inventory",
    "order_id": "scenario-178-runaway_inventory-agent-runaway_inventory-20",
    "action": "new",
    "side": "buy",
    "price": 65217.106799999994,
    "quantity": 0.05,
    "remaining_quantity": 0.05
  },
  {
    "event_id": "18924f63ec9ad47c65271132c336e628143d1ab144874c1a8fe101756ebaee42",
    "schema_version": "1.0.0",
    "event_type": "agent_order",
    "source": "synthetic_agent",
    "symbol": "BTCUSDT",
    "exchange": "binance_usdm",
    "timestamp": "2024-05-01T00:00:01.470000Z",
    "sequence": 21,
    "scenario_id": "scenario-178-runaway_inventory",
    "agent_id": "agent-runaway_inventory",
    "order_id": "scenario-178-runaway_inventory-agent-runaway_inventory-21",
    "action": "new",
    "side": "buy",
    "price": 65219.062139999995,
    "quantity": 0.052000000000000005,
    "remaining_quantity": 0.052000000000000005
  },
  {
    "event_id": "3503671e0649cc9a644fc8254c0e62e5e67ccab5baeb67904ae76d8a60f19d71",
    "schema_version": "1.0.0",
    "event_type": "agent_order",
    "source": "synthetic_agent",
    "symbol": "BTCUSDT",
    "exchange": "binance_usdm",
    "timestamp": "2024-05-01T00:00:01.540000Z",
    "sequence": 22,
    "scenario_id": "scenario-178-runaway_inventory",
    "agent_id": "agent-runaway_inventory",
    "order_id": "scenario-178-runaway_inventory-agent-runaway_inventory-22",
    "action": "new",
    "side": "buy",
    "price": 65221.01748000001,
    "quantity": 0.054,
    "remaining_quantity": 0.054
  },
  {
    "event_id": "22bac921f50743824a9c6f7f58219a43fcd5ce15ada5ca1bf5ce2e1c27914552",
    "schema_version": "1.0.0",
    "event_type": "agent_order",
    "source": "synthetic_agent",
    "symbol": "BTCUSDT",
    "exchange": "binance_usdm",
    "timestamp": "2024-05-01T00:00:01.610000Z",
    "sequence": 23,
    "scenario_id": "scenario-178-runaway_inventory",
    "agent_id": "agent-runaway_inventory",
    "order_id": "scenario-178-runaway_inventory-agent-runaway_inventory-23",
    "action": "new",
    "side": "buy",
    "price": 65222.97282,
    "quantity": 0.056,
    "remaining_quantity": 0.056
  },
  {
    "event_id": "d78b6c87c0c58993665d470563ef78bf2d5a6ac1c342c8551ecb2cd77db9f527",
    "schema_version": "1.0.0",
    "event_type": "agent_order",
    "source": "synthetic_agent",
    "symbol": "BTCUSDT",
    "exchange": "binance_usdm",
    "timestamp": "2024-05-01T00:00:01.680000Z",
    "sequence": 24,
    "scenario_id": "scenario-178-runaway_inventory",
    "agent_id": "agent-runaway_inventory",
    "order_id": "scenario-178-runaway_inventory-agent-runaway_inventory-24",
    "action": "new",
    "side": "buy",
    "price": 65224.92816,
    "quantity": 0.058,
    "remaining_quantity": 0.058
  },
  {
    "event_id": "39e94c548497b9d224c0a84f9777e993c91815d54d66d4d265565c3e2a5e9562",
    "schema_version": "1.0.0",
    "event_type": "agent_order",
    "source": "synthetic_agent",
    "symbol": "BTCUSDT",
    "exchange": "binance_usdm",
    "timestamp": "2024-05-01T00:00:01.750000Z",
    "sequence": 25,
    "scenario_id": "scenario-178-runaway_inventory",
    "agent_id": "agent-runaway_inventory",
    "order_id": "scenario-178-runaway_inventory-agent-runaway_inventory-25",
    "action": "new",
    "side": "buy",
    "price": 65226.8835,
    "quantity": 0.060000000000000005,
    "remaining_quantity": 0.060000000000000005
  },
  {
    "event_id": "f3e6acae466a77e172b7706c3523ce3adead256c39f7005c5dc9f5bb67bb2abb",
    "schema_version": "1.0.0",
    "event_type": "agent_order",
    "source": "synthetic_agent",
    "symbol": "BTCUSDT",
    "exchange": "binance_usdm",
    "timestamp": "2024-05-01T00:00:01.820000Z",
    "sequence": 26,
    "scenario_id": "scenario-178-runaway_inventory",
    "agent_id": "agent-runaway_inventory",
    "order_id": "scenario-178-runaway_inventory-agent-runaway_inventory-26",
    "action": "new",
    "side": "buy",
    "price": 65228.83884,
    "quantity": 0.062000000000000006,
    "remaining_quantity": 0.062000000000000006
  },
  {
    "event_id": "204e75534c37d2de9d7c6a93bbdb1eb904b9c4766e740d3d94b5ea16ed103689",
    "schema_version": "1.0.0",
    "event_type": "agent_order",
    "source": "synthetic_agent",
    "symbol": "BTCUSDT",
    "exchange": "binance_usdm",
    "timestamp": "2024-05-01T00:00:01.890000Z",
    "sequence": 27,
    "scenario_id": "scenario-178-runaway_inventory",
    "agent_id": "agent-runaway_inventory",
    "order_id": "scenario-178-runaway_inventory-agent-runaway_inventory-27",
    "action": "new",
    "side": "buy",
    "price": 65230.79418,
    "quantity": 0.064,
    "remaining_quantity": 0.064
  },
  {
    "event_id": "e88259da4eba7f8a1e20e219d465a606ad304c4d6da47a98bb6fc48d48fc8946",
    "schema_version": "1.0.0",
    "event_type": "agent_order",
    "source": "synthetic_agent",
    "symbol": "BTCUSDT",
    "exchange": "binance_usdm",
    "timestamp": "2024-05-01T00:00:01.960000Z",
    "sequence": 28,
    "scenario_id": "scenario-178-runaway_inventory",
    "agent_id": "agent-runaway_inventory",
    "order_id": "scenario-178-runaway_inventory-agent-runaway_inventory-28",
    "action": "new",
    "side": "buy",
    "price": 65232.74952,
    "quantity": 0.066,
    "remaining_quantity": 0.066
  },
  {
    "event_id": "d4f82a691c844ba9c1f4360205e17364c3721764499b47a56f85adce9baa551f",
    "schema_version": "1.0.0",
    "event_type": "agent_order",
    "source": "synthetic_agent",
    "symbol": "BTCUSDT",
    "exchange": "binance_usdm",
    "timestamp": "2024-05-01T00:00:02.030000Z",
    "sequence": 29,
    "scenario_id": "scenario-178-runaway_inventory",
    "agent_id": "agent-runaway_inventory",
    "order_id": "scenario-178-runaway_inventory-agent-runaway_inventory-29",
    "action": "new",
    "side": "buy",
    "price": 65234.70486,
    "quantity": 0.068,
    "remaining_quantity": 0.068
  }
]