[
  {
    "event_id": "338540733860dfed60cb869237bdb82c6b075404e80792be85b7b66b01854a74",
    "schema_version": "1.0.0",
    "event_type": "agent_order",
    "source": "synthetic_agent",
    "symbol": "BTCUSDT",
    "exchange": "binance_usdm",
    "timestamp": "2024-05-01T00:00:00Z",
    "sequence": 0,
    "scenario_id": "scenario-209-momentum_ignition",
    "agent_id": "agent-momentum_ignition",
    "order_id": "scenario-209-momentum_ignition-agent-momentum_ignition-0",
    "action": "new",
    "side": "buy",
    "price": 65274.208999999995,
    "quantity": 0.08,
    "remaining_quantity": 0.08
  },
  {
    "event_id": "68b9cd2003c586d9a53972b06bef307516a26cd704362eadfbe33ad1d87e7574",
    "schema_version": "1.0.0",
    "event_type": "agent_order",
    "source": "synthetic_agent",
    "symbol": "BTCUSDT",
    "exchange": "binance_usdm",
    "timestamp": "2024-05-01T00:00:00.080000Z",
    "sequence": 1,
    "scenario_id": "scenario-209-momentum_ignition",
    "agent_id": "agent-momentum_ignition",
    "order_id": "scenario-209-momentum_ignition-agent-momentum_ignition-1",
    "action": "new",
    "side": "buy",
    "price": 65275.51317999999,
    "quantity": 0.08,
    "remaining_quantity": 0.08
  },
  {
    "event_id": "33375f8c88f5e569103f6420e2d5c0cf562bd447716fd41e833c6e3937a7b021",
    "schema_version": "1.0.0",
    "event_type": "agent_order",
    "source": "synthetic_agent",
    "symbol": "BTCUSDT",
    "exchange": "binance_usdm",
    "timestamp": "2024-05-01T00:00:00.160000Z",
    "sequence": 2,
    "scenario_id": "scenario-209-momentum_ignition",
    "agent_id": "agent-momentum_ignition",
    "order_id": "scenario-209-momentum_ignition-agent-momentum_ignition-2",
    "action": "new",
    "side": "buy",
    "price": 65276.817359999994,
    "quantity": 0.08,
    "remaining_quantity": 0.08
  },
  {
    "event_id": "68de42cf6c72ef638cf41bd9ffbdab2e7952ea7c2138990826bdd72cf21e8767",
    "schema_version": "1.0.0",
    "event_type": "agent_order",
    "source": "synthetic_agent",
    "symbol": "BTCUSDT",
    "exchange": "binance_usdm",
    "timestamp": "2024-05-01T00:00:00.240000Z",
    "sequence": 3,
    "scenario_id": "scenario-209-momentum_ignition",
    "agent_id": "agent-momentum_ignition",
    "order_id": "scenario-209-momentum_ignition-agent-momentum_ignition-3",
    "action": "new",
    "side": "buy",
    "price": 65278.12153999999,
    "quantity": 0.08,
    "remaining_quantity": 0.08
  },
  {
    "event_id": "5438a11b7c7cc18a094a9943bb8d6efa498db98ae2d36b803b9ab0efc6005aeb",
    "schema_version": "1.0.0",
    "event_type": "agent_order",
    "source": "synthetic_agent",
    "symbol": "BTCUSDT",
    "exchange": "binance_usdm",
    "timestamp": "2024-05-01T00:00:00.320000Z",
    "sequence": 4,
    "scenario_id": "scenario-209-momentum_ignition",
    "agent_id": "agent-momentum_ignition",
    "order_id": "scenario-209-momentum_ignition-agent-momentum_ignition-4",
    "action": "new",
    "side": "buy",
    "price": 65279.42572,
    "quantity": 0.08,
    "remaining_quantity": 0.08
  },
  {
    "event_id": "c513e3f66adf24063a721a565bb88b68297880cddc2d4c7910e3c2b9e0d487b4",
    "schema_version": "1.0.0",
    "event_type": "agent_order",
    "source": "synthetic_agent",
    "symbol": "BTCUSDT",
    "exchange": "binance_usdm",
    "timestamp": "2024-05-01T00:00:00.400000Z",
    "sequence": 5,
    "scenario_id": "scenario-209-momentum_ignition",
    "agent_id": "agent-momentum_ignition",
    "order_id": "scenario-209-momentum_ignition-agent-momentum_ignition-5",
    "action": "new",
    "side": "buy",
    "price": 65280.72989999999,
    "quantity": 0.08,
    "remaining_quantity": 0.08
  },
  {
    "event_id": "af5992de416603d749f39049834d15e6374ad47cf4c1254d11cd2bfa867c3e7a",
    "schema_version": "1.0.0",
    "event_type": "agent_order",
    "source": "synthetic_agent",
    "symbol": "BTCUSDT",
    "exchange": "binance_usdm",
    "timestamp": "2024-05-01T00:00:00.480000Z",
    "sequence": 6,
    "scenario_id": "scenario-209-momentum_ignition",
    "agent_id": "agent-momentum_ignition",
    "order_id": "scenario-209-momentum_ignition-agent-momentum_ignition-6",
    "action": "new",
    "side": "buy",
    "price": 65282.03407999998,
    "quantity": 0.08,
    "remaining_quantity": 0.08
  },
  {
    "event_id": "9eb42d30372b0efa7ba654f77af802f0bc752cce57d0708f2c6df33e3f3521af",
    "schema_version": "1.0.0",
    "event_type": "agent_order",
    "source": "synthetic_agent",
    "symbol": "BTCUSDT",
    "exchange": "binance_usdm",
    "timestamp": "2024-05-01T00:00:00.560000Z",
    "sequence": 7,
    "scenario_id": "scenario-209-momentum_ignition",
    "agent_id": "agent-momentum_ignition",
    "order_id": "scenario-209-momentum_ignition-agent-momentum_ignition-7",
    "action": "new",
    "side": "buy",
    "price": 65283.33826,
    "quantity": 0.08,
    "remaining_quantity": 0.08
  },
  {
    "event_id": "b438210f94cee338194cd27f5bf6362cdb342cde5feaa3ba509305044061ac2f",
    "schema_version": "1.0.0",
    "event_type": "agent_order",
    "source": "synthetic_agent",
    "symbol": "BTCUSDT",
    "exchange": "binance_usdm",
    "timestamp": "2024-05-01T00:00:00.640000Z",
    "sequence": 8,
    "scenario_id": "scenario-209-momentum_ignition",
    "agent_id": "agent-momentum_ignition",
    "order_id": "scenario-209-momentum_ignition-agent-momentum_ignition-8",
    "action": "new",
    "side": "buy",
    "price": 65284.64243999999,
    "quantity": 0.08,
    "remaining_quantity": 0.08
  },
  {
    "event_id": "73c893d3047eefd5ab283803ca045912a9de0cf1101dd5764c3f7a7f0b85325a",
    "schema_version": "1.0.0",
    "event_type": "agent_order",
    "source": "synthetic_agent",
    "symbol": "BTCUSDT",
    "exchange": "binance_usdm",
    "timestamp": "2024-05-01T00:00:00.720000Z",
    "sequence": 9,
    "scenario_id": "scenario-209-momentum_ignition",
    "agent_id": "agent-momentum_ignition",
    "order_id": "scenario-209-momentum_ignition-agent-momentum_ignition-9",
    "action": "new",
    "side": "buy",
    "price": 65285.946619999995,
    "quantity": 0.08,
    "remaining_quantity": 0.08
  },
  {
    "event_id": "b849d748a419948a6bcf043eebbabde2035453d22fef64c33a8c80c089f084d7",
    "schema_version": "1.0.0",
    "event_type": "agent_order",
    "source": "synthetic_agent",
    "symbol": "BTCUSDT",
    "exchange": "binance_usdm",
    "timestamp": "2024-05-01T00:00:00.800000Z",
    "sequence": 10,
    "scenario_id": "scenario-209-momentum_ignition",
    "agent_id": "agent-momentum_ignition",
    "order_id": "scenario-209-momentum_ignition-agent-momentum_ignition-10",
    "action": "new",
    "side": "buy",
    "price": 65287.250799999994,
    "quantity": 0.08,
    "remaining_quantity": 0.08
  },
  {
    "event_id": "f23854d5ad06da31939ca780c9a6773eccf8eca0f1e9eaf296dc62f7ee5e80f9",
    "schema_version": "1.0.0",
    "event_type": "agent_order",
    "source": "synthetic_agent",
    "symbol": "BTCUSDT",
    "exchange": "binance_usdm",
    "timestamp": "2024-05-01T00:00:00.880000Z",
    "sequence": 11,
    "scenario_id": "scenario-209-momentum_ignition",
    "agent_id": "agent-momentum_ignition",
    "order_id": "scenario-209-momentum_ignition-agent-momentum_ignition-11",
    "action": "new",
    "side": "buy",
    "price": 65288.55498,
    "quantity": 0.08,
    "remaining_quantity": 0.08
  },
  {
    "event_id": "bce6e62a7da061caad44c12ccdea8b86200d48393688ebce47490c949b10d083",
    "schema_version": "1.0.0",
    "event_type": "agent_order",
    "source": "synthetic_agent",
    "symbol": "BTCUSDT",
    "exchange": "binance_usdm",
    "timestamp": "2024-05-01T00:00:00.960000Z",
    "sequence": 12,
    "scenario_id": "scenario-209-momentum_ignition",
    "agent_id": "agent-momentum_ignition",
    "order_id": "scenario-209-momentum_ignition-agent-momentum_ignition-12",
    "action": "new",
    "side": "buy",
    "price": 65289.85915999999,
    "quantity": 0.08,
    "remaining_quantity": 0.08
  },
  {
    "event_id": "05621aa7025f1c0c899accba569ab9dcdc733441a04ce31cdf3219ef4c0e8e91",
    "schema_version": "1.0.0",
    "event_type": "agent_order",
    "source": "synthetic_agent",
    "symbol": "BTCUSDT",
    "exchange": "binance_usdm",
    "timestamp": "2024-05-01T00:00:01.040000Z",
    "sequence": 13,
    "scenario_id": "scenario-209-momentum_ignition",
    "agent_id": "agent-momentum_ignition",
    "order_id": "scenario-209-momentum_ignition-agent-momentum_ignition-13",
    "action": "new",
    "side": "buy",
    "price": 65291.163339999985,
    "quantity": 0.08,
    "remaining_quantity": 0.08
  },
  {
    "event_id": "8d59f07d64d01eb94c5d8d69e47a832dc74bb5c97c8e66e04da49d227d5855e2",
    "schema_version": "1.0.0",
    "event_type": "agent_order",
    "source": "synthetic_agent",
    "symbol": "BTCUSDT",
    "exchange": "binance_usdm",
    "timestamp": "2024-05-01T00:00:01.120000Z",
    "sequence": 14,
    "scenario_id": "scenario-209-momentum_ignition",
    "agent_id": "agent-momentum_ignition",
    "order_id": "scenario-209-momentum_ignition-agent-momentum_ignition-14",
    "action": "new",
    "side": "buy",
    "price": 65292.46752,
    "quantity": 0.08,
    "remaining_quantity": 0.08
  },
  {
    "event_id": "66e13e1a14f379c07731ef40eef8291ab99dbfed2dc8753faf89238081849696",
    "schema_version": "1.0.0",
    "event_type": "agent_order",
    "source": "synthetic_agent",
    "symbol": "BTCUSDT",
    "exchange": "binance_usdm",
    "timestamp": "2024-05-01T00:00:01.200000Z",
    "sequence": 15,
    "scenario_id": "scenario-209-momentum_ignition",
    "agent_id": "agent-momentum_ignition",
    "order_id": "scenario-209-momentum_ignition-agent-momentum_ignition-15",
    "action": "new",
    "side": "buy",
    "price": 65293.77169999999,
    "quantity": 0.08,
    "remaining_quantity": 0.08
  },
  {
    "event_id": "fb7c3b5d19654320f62c7e121fbb976ab93f14e79375dcf5fb648e94f4cbdcbe",
    "schema_version": "1.0.0",
    "event_type": "agent_order",
    "source": "synthetic_agent",
    "symbol": "BTCUSDT",
    "exchange": "binance_usdm",
    "timestamp": "2024-05-01T00:00:01.280000Z",
    "sequence": 16,
    "scenario_id": "scenario-209-momentum_ignition",
    "agent_id": "agent-momentum_ignition",
    "order_id": "scenario-209-momentum_ignition-agent-momentum_ignition-16",
    "action": "new",
    "side": "buy",
    "price": 65295.07588,
    "quantity": 0.08,
    "remaining_quantity": 0.08
  },
  {
    "event_id": "a7d5bc5e7c37b34c6490f9a7f19644fdad482901c5fc89dd924427aa763dd621",
    "schema_version": "1.0.0",
    "event_type": "agent_order",
    "source": "synthetic_agent",
    "symbol": "BTCUSDT",
    "exchange": "binance_usdm",
    "timestamp": "2024-05-01T00:00:01.360000Z",
    "sequence": 17,
    "scenario_id": "scenario-209-momentum_ignition",
    "agent_id": "agent-momentum_ignition",
    "order_id": "scenario-209-momentum_ignition-agent-momentum_ignition-17",
    "action": "new",
    "side": "buy",
    "price": 65296.380059999996,
    "quantity": 0.08,
    "remaining_quantity": 0.08
  },
  {
    "event_id": "922585d054639753c7c168aac328b2b75f623d229fcafec3bdc0a0f9d70d49e7",
    "schema_version": "1.0.0",
    "event_type": "agent_order",
    "source": "synthetic_agent",
    "symbol": "BTCUSDT",
    "exchange": "binance_usdm",
    "timestamp": "2024-05-01T00:00:01.440000Z",
    "sequence": 18,
    "scenario_id": "scenario-209-momentum_ignition",
    "agent_id": "agent-momentum_ignition",
    "order_id": "scenario-209-momentum_ignition-agent-momentum_ignition-18",
    "action": "new",
    "side": "buy",
    "price": 65297.68423999999,
    "quantity": 0.08,
    "remaining_quantity": 0.08
  },
  {
    "event_id": "bb50c5c46ac05af93d8aa0751574da63752b496bfe01c7536b6a4450e1296a06",
    "schema_version": "1.0.0",
    "event_type": "agent_order",
    "source": "synthetic_agent",
    "symbol": "BTCUSDT",
    "exchange": "binance_usdm",
    "timestamp": "2024-05-01T00:00:01.520000Z",
    "sequence": 19,
    "scenario_id": "scenario-209-momentum_ignition",
    "agent_id": "agent-momentum_ignition",
    "order_id": "scenario-209-momentum_ignition-agent-momentum_ignition-19",
    "action": "new",
    "side": "buy",
    "price": 65298.988419999994,
    "quantity": 0.08,
    "remaining_quantity": 0.08
  },
  {
    "event_id": "c4ed99ea76d437fb195096cc555559010ee4c3bf95ca1407eb2ec8f1d18b4300",
    "schema_version": "1.0.0",
    "event_type": "agent_order",
    "source": "synthetic_agent",
    "symbol": "BTCUSDT",
    "exchange": "binance_usdm",
    "timestamp": "2024-05-01T00:00:01.600000Z",
    "sequence": 20,
    "scenario_id": "scenario-209-momentum_ignition",
    "agent_id": "agent-momentum_ignition",
    "order_id": "scenario-209-momentum_ignition-agent-momentum_ignition-20",
    "action": "new",
    "side": "buy",
    "price": 65300.29259999999,
    "quantity": 0.08,
    "remaining_quantity": 0.08
  },
  {
    "event_id": "8479017bf78613ef04197ebbd0beac38c1fa6d1ee242300de7f6ada2e8c88d2b",
    "schema_version": "1.0.0",
    "event_type": "agent_order",
    "source": "synthetic_agent",
    "symbol": "BTCUSDT",
    "exchange": "binance_usdm",
    "timestamp": "2024-05-01T00:00:01.680000Z",
    "sequence": 21,
    "scenario_id": "scenario-209-momentum_ignition",
    "agent_id": "agent-momentum_ignition",
    "order_id": "scenario-209-momentum_ignition-agent-momentum_ignition-21",
    "action": "new",
    "side": "buy",
    "price": 65301.59678,
    "quantity": 0.08,
    "remaining_quantity": 0.08
  },
  {
    "event_id": "41262d6257f7047baa2ff827e96dbb84c55b207500b5f2d3e8f48d032f8a4bd5",
    "schema_version": "1.0.0",
    "event_type": "agent_order",
    "source": "synthetic_agent",
    "symbol": "BTCUSDT",
    "exchange": "binance_usdm",
    "timestamp": "2024-05-01T00:00:01.760000Z",
    "sequence": 22,
    "scenario_id": "scenario-209-momentum_ignition",
    "agent_id": "agent-momentum_ignition",
    "order_id": "scenario-209-momentum_ignition-agent-momentum_ignition-22",
    "action": "new",
    "side": "buy",
    "price": 65302.90095999999,
    "quantity": 0.08,
    "remaining_quantity": 0.08
  },
  {
    "event_id": "d268f6db5b3cb611f06e270d1d2354f893608caf76efa9c0a76900d3fd185dc5",
    "schema_version": "1.0.0",
    "event_type": "agent_order",
    "source": "synthetic_agent",
    "symbol": "BTCUSDT",
    "exchange": "binance_usdm",
    "timestamp": "2024-05-01T00:00:01.840000Z",
    "sequence": 23,
    "scenario_id": "scenario-209-momentum_ignition",
    "agent_id": "agent-momentum_ignition",
    "order_id": "scenario-209-momentum_ignition-agent-momentum_ignition-23",
    "action": "new",
    "side": "buy",
    "price": 65304.205139999984,
    "quantity": 0.08,
    "remaining_quantity": 0.08
  },
  {
    "event_id": "2e2c891d77ea0d764d8da4178ae2d39e0935abc84100a45e37201d3f6b3ab2c3",
    "schema_version": "1.0.0",
    "event_type": "agent_order",
    "source": "synthetic_agent",
    "symbol": "BTCUSDT",
    "exchange": "binance_usdm",
    "timestamp": "2024-05-01T00:00:01.920000Z",
    "sequence": 24,
    "scenario_id": "scenario-209-momentum_ignition",
    "agent_id": "agent-momentum_ignition",
    "order_id": "scenario-209-momentum_ignition-agent-momentum_ignition-24",
    "action": "new",
    "side": "buy",
    "price": 65305.50932,
    "quantity": 0.08,
    "remaining_quantity": 0.08
  },
  {
    "event_id": "40be3fa32213b7ec0766cd912b2fbad86479d03f7af7a55e68b4e7cbed1d9820",
    "schema_version": "1.0.0",
    "event_type": "agent_order",
    "source": "synthetic_agent",
    "symbol": "BTCUSDT",
    "exchange": "binance_usdm",
    "timestamp": "2024-05-01T00:00:02Z",
    "sequence": 25,
    "scenario_id": "scenario-209-momentum_ignition",
    "agent_id": "agent-momentum_ignition",
    "order_id": "scenario-209-momentum_ignition-agent-momentum_ignition-25",
    "action": "new",
    "side": "buy",
    "price": 65306.81349999999,
    "quantity": 0.08,
    "remaining_quantity": 0.08
  },
  {
    "event_id": "a39b9a1d7619ebc1fdbae9e1a5e6b5139b3a7b2d32243d3c5cbeb2b0d4a542ae",
    "schema_version": "1.0.0",
    "event_type": "agent_order",
    "source": "synthetic_agent",
    "symbol": "BTCUSDT",
    "exchange": "binance_usdm",
    "timestamp": "2024-05-01T00:00:02.080000Z",
    "sequence": 26,
    "scenario_id": "scenario-209-momentum_ignition",
    "agent_id": "agent-momentum_ignition",
    "order_id": "scenario-209-momentum_ignition-agent-momentum_ignition-26",
    "action": "new",
    "side": "buy",
    "price": 65308.117679999996,
    "quantity": 0.08,
    "remaining_quantity": 0.08
  },
  {
    "event_id": "2f3a8c06d6a1a1db31e27de1a5a69e305ab9952d1eed8e6cc225ad95a0b7acf6",
    "schema_version": "1.0.0",
    "event_type": "agent_order",
    "source": "synthetic_agent",
    "symbol": "BTCUSDT",
    "exchange": "binance_usdm",
    "timestamp": "2024-05-01T00:00:02.160000Z",
    "sequence": 27,
    "scenario_id": "scenario-209-momentum_ignition",
    "agent_id": "agent-momentum_ignition",
    "order_id": "scenario-209-momentum_ignition-agent-momentum_ignition-27",
    "action": "new",
    "side": "buy",
    "price": 65309.421859999995,
    "quantity": 0.08,
    "remaining_quantity": 0.08
  },
  {
    "event_id": "5c909c6e07af345af9d22fa225d11e7fca5cd18d2144d99258ca9f4ce42501e3",
    "schema_version": "1.0.0",
    "event_type": "agent_order",
    "source": "synthetic_agent",
    "symbol": "BTCUSDT",
    "exchange": "binance_usdm",
    "timestamp": "2024-05-01T00:00:02.240000Z",
    "sequence": 28,
    "scenario_id": "scenario-209-momentum_ignition",
    "agent_id": "agent-momentum_ignition",
    "order_id": "scenario-209-momentum_ignition-agent-momentum_ignition-28",
    "action": "new",
    "side": "buy",
    "price": 65310.72603999999,
    "quantity": 0.08,
    "remaining_quantity": 0.08
  },
  {
    "event_id": "7ffba9ef82769b730dc8ef5af30e573d8d248d1a29acfaf8fd73fb2b75c9d721",
    "schema_version": "1.0.0",
    "event_type": "agent_order",
    "source": "synthetic_agent",
    "symbol": "BTCUSDT",
    "exchange": "binance_usdm",
    "timestamp": "2024-05-01T00:00:02.320000Z",
    "sequence": 29,
    "scenario_id": "scenario-209-momentum_ignition",
    "agent_id": "agent-momentum_ignition",
    "order_id": "scenario-209-momentum_ignition-agent-momentum_ignition-29",
    "action": "new",
    "side": "buy",
    "price": 65312.03021999999,
    "quantity": 0.08,
    "remaining_quantity": 0.08
  }
]