[
  {
    "event_id": "355adc2a0ae0b4aea1e87d830e0f4645accbd7fc7a6b570c385ea9c513fee538",
    "schema_version": "1.0.0",
    "event_type": "agent_order",
    "source": "synthetic_agent",
    "symbol": "BTCUSDT",
    "exchange": "binance_usdm",
    "timestamp": "2024-05-01T00:00:00Z",
    "sequence": 0,
    "scenario_id": "scenario-406-runaway_inventory",
    "agent_id": "agent-runaway_inventory",
    "order_id": "scenario-406-runaway_inventory-agent-runaway_inventory-0",
    "action": "new",
    "side": "buy",
    "price": 65406.0,
    "quantity": 0.01,
    "remaining_quantity": 0.01
  },
  {
    "event_id": "2e4ecf3a1807e34b53383915dfca3074ecb34d09406018c9d8d93c3fefcf2d52",
    "schema_version": "1.0.0",
    "event_type": "agent_order",
    "source": "synthetic_agent",
    "symbol": "BTCUSDT",
    "exchange": "binance_usdm",
    "timestamp": "2024-05-01T00:00:00.070000Z",
    "sequence": 1,
    "scenario_id": "scenario-406-runaway_inventory",
    "agent_id": "agent-runaway_inventory",
    "order_id": "scenario-406-runaway_inventory-agent-runaway_inventory-1",
    "action": "new",
    "side": "buy",
    "price": 65407.962179999995,
    "quantity": 0.012,
    "remaining_quantity": 0.012
  },
  {
    "event_id": "50a5d6b5858417eddf426d7a7c01da71484a6cd445279d0628e4d197c316a405",
    "schema_version": "1.0.0",
    "event_type": "agent_order",
    "source": "synthetic_agent",
    "symbol": "BTCUSDT",
    "exchange": "binance_usdm",
    "timestamp": "2024-05-01T00:00:00.140000Z",
    "sequence": 2,
    "scenario_id": "scenario-406-runaway_inventory",
    "agent_id": "agent-runaway_inventory",
    "order_id": "scenario-406-runaway_inventory-agent-runaway_inventory-2",
    "action": "new",
    "side": "buy",
    "price": 65409.92436,
    "quantity": 0.014,
    "remaining_quantity": 0.014
  },
  {
    "event_id": "e90629a2783bbfdfa7a5b29824db8b16e82a41e9fe3a31d310e6092232a6f07b",
    "schema_version": "1.0.0",
    "event_type": "agent_order",
    "source": "synthetic_agent",
    "symbol": "BTCUSDT",
    "exchange": "binance_usdm",
    "timestamp": "2024-05-01T00:00:00.210000Z",
    "sequence": 3,
    "scenario_id": "scenario-406-runaway_inventory",
    "agent_id": "agent-runaway_inventory",
    "order_id": "scenario-406-runaway_inventory-agent-runaway_inventory-3",
    "action": "new",
    "side": "buy",
    "price": 65411.88653999999,
    "quantity": 0.016,
    "remaining_quantity": 0.016
  },
  {
    "event_id": "a1d7f3b0eeecfe465f6e4b45c413c23004bedaa27d17c66c59288e86f3a3d97b",
    "schema_version": "1.0.0",
    "event_type": "agent_order",
    "source": "synthetic_agent",
    "symbol": "BTCUSDT",
    "exchange": "binance_usdm",
    "timestamp": "2024-05-01T00:00:00.280000Z",
    "sequence": 4,
    "scenario_id": "scenario-406-runaway_inventory",
    "agent_id": "agent-runaway_inventory",
    "order_id": "scenario-406-runaway_inventory-agent-runaway_inventory-4",
    "action": "new",
    "side": "buy",
    "price": 65413.848719999995,
    "quantity": 0.018000000000000002,
    "remaining_quantity": 0.018000000000000002
  },
  {
    "event_id": "7905043e919e54d106973b9a2f37821f06d40b7b7e5854d05ba5e5c3f135be45",
    "schema_version": "1.0.0",
    "event_type": "agent_order",
    "source": "synthetic_agent",
    "symbol": "BTCUSDT",
    "exchange": "binance_usdm",
    "timestamp": "2024-05-01T00:00:00.350000Z",
    "sequence": 5,
    "scenario_id": "scenario-406-runaway_inventory",
    "agent_id": "agent-runaway_inventory",
    "order_id": "scenario-406-runaway_inventory-agent-runaway_inventory-5",
    "action": "new",
    "side": "buy",
    "price": 65415.810900000004,
    "quantity": 0.02,
    "remaining_quantity": 0.02
  },
  {
    "event_id": "c82d2a0c9e368268b071a860426143d8dc471a93079239aef33fdf73a98593e5",
    "schema_version": "1.0.0",
    "event_type": "agent_order",
    "source": "synthetic_agent",
    "symbol": "BTCUSDT",
    "exchange": "binance_usdm",
    "timestamp": "2024-05-01T00:00:00.420000Z",
    "sequence": 6,
    "scenario_id": "scenario-406-runaway_inventory",
    "agent_id": "agent-runaway_inventory",
    "order_id": "scenario-406-runaway_inventory-agent-runaway_inventory-6",
    "action": "new",
    "side": "buy",
    "price": 65417.773080000006,
    "quantity": 0.022,
    "remaining_quantity": 0.022
  },
  {
    "event_id": "74e0df19d43028599b6db56e7e354f555ec1410d7df00af878ad302bfe0cb4f3",
    "schema_version": "1.0.0",
    "event_type": "agent_order",
    "source": "synthetic_agent",
    "symbol": "BTCUSDT",
    "exchange": "binance_usdm",
    "timestamp": "2024-05-01T00:00:00.490000Z",
    "sequence": 7,
    "scenario_id": "scenario-406-runaway_inventory",
    "agent_id": "agent-runaway_inventory",
    "order_id": "scenario-406-runaway_inventory-agent-runaway_inventory-7",
    "action": "new",
    "side": "buy",
    "price": 65419.73526,
    "quantity": 0.024,
    "remaining_quantity": 0.024
  },
  {
    "event_id": "da736e23ee835b241054ea81d290aa011fe1fa2f4715bd99e86a53c9cb295488",
    "schema_version": "1.0.0",
    "event_type": "agent_order",
    "source": "synthetic_agent",
    "symbol": "BTCUSDT",
    "exchange": "binance_usdm",
    "timestamp": "2024-05-01T00:00:00.560000Z",
    "sequence": 8,
    "scenario_id": "scenario-406-runaway_inventory",
    "agent_id": "agent-runaway_inventory",
    "order_id": "scenario-406-runaway_inventory-agent-runaway_inventory-8",
    "action": "new",
    "side": "buy",
    "price": 65421.69744,
    "quantity": 0.026000000000000002,
    "remaining_quantity": 0.026000000000000002
  },
  {
    "event_id": "cb541dc57ea8ab94518e466e3a4894209f232b205ea0150911b62bfd997f0b0a",
    "schema_version": "1.0.0",
    "event_type": "agent_order",
    "source": "synthetic_agent",
    "symbol": "BTCUSDT",
    "exchange": "binance_usdm",
    "timestamp": "2024-05-01T00:00:00.630000Z",
    "sequence": 9,
    "scenario_id": "scenario-406-runaway_inventory",
    "agent_id": "agent-runaway_inventory",
    "order_id": "scenario-406-runaway_inventory-agent-runaway_inventory-9",
    "action": "new",
    "side": "buy",
    "price": 65423.65962,
    "quantity": 0.028000000000000004,
    "remaining_quantity": 0.028000000000000004
  },
  {
    "event_id": "e1787558fdead3ec8a206219c1cc08efbce12a32052abf73c4c0f84539949ce6",
    "schema_version": "1.0.0",
    "event_type": "agent_order",
    "source": "synthetic_agent",
    "symbol": "BTCUSDT",
    "exchange": "binance_usdm",
    "timestamp": "2024-05-01T00:00:00.700000Z",
    "sequence": 10,
    "scenario_id": "scenario-406-runaway_inventory",
    "agent_id": "agent-runaway_inventory",
    "order_id": "scenario-406-runaway_inventory-agent-runaway_inventory-10",
    "action": "new",
    "side": "buy",
    "price": 65425.6218,
    "quantity": 0.03,
    "remaining_quantity": 0.03
  },
  {
    "event_id": "e3a2d55ddb1a49c1077707318ef2348d1aadfc29c04f4ba51e28fab8145a4e0a",
    "schema_version": "1.0.0",
    "event_type": "agent_order",
    "source": "synthetic_agent",
    "symbol": "BTCUSDT",
    "exchange": "binance_usdm",
    "timestamp": "2024-05-01T00:00:00.770000Z",
    "sequence": 11,
    "scenario_id": "scenario-406-runaway_inventory",
    "agent_id": "agent-runaway_inventory",
    "order_id": "scenario-406-runaway_inventory-agent-runaway_inventory-11",
    "action": "new",
    "side": "buy",
    "price": 65427.583979999996,
    "quantity": 0.032,
    "remaining_quantity": 0.032
  },
  {
    "event_id": "0007679d679d690c219c7d04ef50a98e876db6f3ff607c57ea03e99bdab4ee50",
    "schema_version": "1.0.0",
    "event_type": "agent_order",
    "source": "synthetic_agent",
    "symbol": "BTCUSDT",
    "exchange": "binance_usdm",
    "timestamp": "2024-05-01T00:00:00.840000Z",
    "sequence": 12,
    "scenario_id": "scenario-406-runaway_inventory",
    "agent_id": "agent-runaway_inventory",
    "order_id": "scenario-406-runaway_inventory-agent-runaway_inventory-12",
    "action": "new",
    "side": "buy",
    "price": 65429.54616,
    "quantity": 0.034,
    "remaining_quantity": 0.034
  },
  {
    "event_id": "879ee1ace13d20f2dd8c48c6cbb6f4db4b87c2183d7a049d94b3461f040128f8",
    "schema_version": "1.0.0",
    "event_type": "agent_order",
    "source": "synthetic_agent",
    "symbol": "BTCUSDT",
    "exchange": "binance_usdm",
    "timestamp": "2024-05-01T00:00:00.910000Z",
    "sequence": 13,
    "scenario_id": "scenario-406-runaway_inventory",
    "agent_id": "agent-runaway_inventory",
    "order_id": "scenario-406-runaway_inventory-agent-runaway_inventory-13",
    "action": "new",
    "side": "buy",
    "price": 65431.50833999999,
    "quantity": 0.036000000000000004,
    "remaining_quantity": 0.036000000000000004
  },
  {
    "event_id": "cbbca4428d9b6150b74625317f8fb8acf8ad3ca92ec12433627c3a5c58123234",
    "schema_version": "1.0.0",
    "event_type": "agent_order",
    "source": "synthetic_agent",
    "symbol": "BTCUSDT",
    "exchange": "binance_usdm",
    "timestamp": "2024-05-01T00:00:00.980000Z",
    "sequence": 14,
    "scenario_id": "scenario-406-runaway_inventory",
    "agent_id": "agent-runaway_inventory",
    "order_id": "scenario-406-runaway_inventory-agent-runaway_inventory-14",
    "action": "new",
    "side": "buy",
    "price": 65433.47052,
    "quantity": 0.038,
    "remaining_quantity": 0.038
  },
  {
    "event_id": "189816f6577d2e7d2a0d78200acdc3afaf61786edf2e0a5de4455a315c99565b",
    "schema_version": "1.0.0",
    "event_type": "agent_order",
    "source": "synthetic_agent",
    "symbol": "BTCUSDT",
    "exchange": "binance_usdm",
    "timestamp": "2024-05-01T00:00:01.050000Z",
    "sequence": 15,
    "scenario_id": "scenario-406-runaway_inventory",
    "agent_id": "agent-runaway_inventory",
    "order_id": "scenario-406-runaway_inventory-agent-runaway_inventory-15",
    "action": "new",
    "side": "buy",
    "price": 65435.432700000005,
    "quantity": 0.04,
    "remaining_quantity": 0.04
  },
  {
    "event_id": "6bc823a64c53304fdf356401b1365ce809a2ab38e3973846e21b4a797ae4a9f6",
    "schema_version": "1.0.0",
    "event_type": "agent_order",
    "source": "synthetic_agent",
    "symbol": "BTCUSDT",
    "exchange": "binance_usdm",
    "timestamp": "2024-05-01T00:00:01.120000Z",
    "sequence": 16,
    "scenario_id": "scenario-406-runaway_inventory",
    "agent_id": "agent-runaway_inventory",
    "order_id": "scenario-406-runaway_inventory-agent-runaway_inventory-16",
    "action": "new",
    "side": "buy",
    "price": 65437.39488,
    "quantity": 0.042,
    "remaining_quantity": 0.042
  },
  {
    "event_id": "8139b7fc92fa70b1a6b31ca5e299e5cf6475d56e2d9ae11466e482d9db3f207d",
    "schema_version": "1.0.0",
    "event_type": "agent_order",
    "source": "synthetic_agent",
    "symbol": "BTCUSDT",
    "exchange": "binance_usdm",
    "timestamp": "2024-05-01T00:00:01.190000Z",
    "sequence": 17,
    "scenario_id": "scenario-406-runaway_inventory",
    "agent_id": "agent-runaway_inventory",
    "order_id": "scenario-406-runaway_inventory-agent-runaway_inventory-17",
    "action": "new",
    "side": "buy",
    "price": 65439.35706,
    "quantity": 0.044000000000000004,
    "remaining_quantity": 0.044000000000000004
  },
  {
    "event_id": "6b38739542d9292642a066f1ac51eb2796fe77364f23473b3e6e5836e6450d1b",
    "schema_version": "1.0.0",
    "event_type": "agent_order",
    "source": "synthetic_agent",
    "symbol": "BTCUSDT",
    "exchange": "binance_usdm",
    "timestamp": "2024-05-01T00:00:01.260000Z",
    "sequence": 18,
    "scenario_id": "scenario-406-runaway_inventory",
    "agent_id": "agent-runaway_inventory",
    "order_id": "scenario-406-runaway_inventory-agent-runaway_inventory-18",
    "action": "new",
    "side": "buy",
    "price": 65441.31924,
    "quantity": 0.046000000000000006,
    "remaining_quantity": 0.046000000000000006
  },
  {
    "event_id": "4cd38c87ee1bf72fe1dba90f54e796ca4e5b05cbb96138ec9772f77e6b8e83d4",
    "schema_version": "1.0.0",
    "event_type": "agent_order",
    "source": "synthetic_agent",
    "symbol": "BTCUSDT",
    "exchange": "binance_usdm",
    "timestamp": "2024-05-01T00:00:01.330000Z",
    "sequence": 19,
    "scenario_id": "scenario-406-runaway_inventory",
    "agent_id": "agent-runaway_inventory",
    "order_id": "scenario-406-runaway_inventory-agent-runaway_inventory-19",
    "action": "new",
    "side": "buy",
    "price": 65443.28142,
    "quantity": 0.048,
    "remaining_quantity": 0.048
  },
  {
    "event_id": "daa66fb9b551b542b6cc507b42e8011205562d6145637437bc127e198d3ea61e",
    "schema_version": "1.0.0",
    "event_type": "agent_order",
    "source": "synthetic_agent",
    "symbol": "BTCUSDT",
    "exchange": "binance_usdm",
    "timestamp": "2024-05-01T00:00:01.400000Z",
    "sequence": 20,
    "scenario_id": "scenario-406-runaway_inventory",
    "agent_id": "agent-runaway_inventory",
    "order_id": "scenario-406-runaway_inventory-agent-runaway_inventory-20",
    "action": "new",
    "side": "buy",
    "price": 65445.243599999994,
    "quantity": 0.05,
    "remaining_quantity": 0.05
  },
  {
    "event_id": "ee9d48b24f293514111af9ffbf62757a943fae0f2f6f9a79678e49063c5b4649",
    "schema_version": "1.0.0",
    "event_type": "agent_order",
    "source": "synthetic_agent",
    "symbol": "BTCUSDT",
    "exchange": "binance_usdm",
    "timestamp": "2024-05-01T00:00:01.470000Z",
    "sequence": 21,
    "scenario_id": "scenario-406-runaway_inventory",
    "agent_id": "agent-runaway_inventory",
    "order_id": "scenario-406-runaway_inventory-agent-runaway_inventory-21",
    "action": "new",
    "side": "buy",
    "price": 65447.20578,
    "quantity": 0.052000000000000005,
    "remaining_quantity": 0.052000000000000005
  },
  {
    "event_id": "a86abcbb4ceccca70dea4dc06a0076e173712bb1b88b5f4e76929e6ca58ff9b1",
    "schema_version": "1.0.0",
    "event_type": "agent_order",
    "source": "synthetic_agent",
    "symbol": "BTCUSDT",
    "exchange": "binance_usdm",
    "timestamp": "2024-05-01T00:00:01.540000Z",
    "sequence": 22,
    "scenario_id": "scenario-406-runaway_inventory",
    "agent_id": "agent-runaway_inventory",
    "order_id": "scenario-406-runaway_inventory-agent-runaway_inventory-22",
    "action": "new",
    "side": "buy",
    "price": 65449.167960000006,
    "quantity": 0.054,
    "remaining_quantity": 0.054
  },
  {
    "event_id": "a15646982b888f7e2ed5f4ed76ec617edba2d14a4a10d3a41a1d3ec920a35f60",
    "schema_version": "1.0.0",
    "event_type": "agent_order",
    "source": "synthetic_agent",
    "symbol": "BTCUSDT",
    "exchange": "binance_usdm",
    "timestamp": "2024-05-01T00:00:01.610000Z",
    "sequence": 23,
    "scenario_id": "scenario-406-runaway_inventory",
    "agent_id": "agent-runaway_inventory",
    "order_id": "scenario-406-runaway_inventory-agent-runaway_inventory-23",
    "action": "new",
    "side": "buy",
    "price": 65451.13014000001,
    "quantity": 0.056,
    "remaining_quantity": 0.056
  },
  {
    "event_id": "3e79f19c61fd03f9dd2f5fa352ae0e0e3b5ff5fe4e528cba675d23e34c68feff",
    "schema_version": "1.0.0",
    "event_type": "agent_order",
    "source": "synthetic_agent",
    "symbol": "BTCUSDT",
    "exchange": "binance_usdm",
    "timestamp": "2024-05-01T00:00:01.680000Z",
    "sequence": 24,
    "scenario_id": "scenario-406-runaway_inventory",
    "agent_id": "agent-runaway_inventory",
    "order_id": "scenario-406-runaway_inventory-agent-runaway_inventory-24",
    "action": "new",
    "side": "buy",
    "price": 65453.09232,
    "quantity": 0.058,
    "remaining_quantity": 0.058
  },
  {
    "event_id": "fb99f85ed595fab9830ec89e4e1845afbb7cef8cb62d832eb96caa7b64983354",
    "schema_version": "1.0.0",
    "event_type": "agent_order",
    "source": "synthetic_agent",
    "symbol": "BTCUSDT",
    "exchange": "binance_usdm",
    "timestamp": "2024-05-01T00:00:01.750000Z",
    "sequence": 25,
    "scenario_id": "scenario-406-runaway_inventory",
    "agent_id": "agent-runaway_inventory",
    "order_id": "scenario-406-runaway_inventory-agent-runaway_inventory-25",
    "action": "new",
    "side": "buy",
    "price": 65455.0545,
    "quantity": 0.060000000000000005,
    "remaining_quantity": 0.060000000000000005
  },
  {
    "event_id": "5f0d35e2757b2cfee2af6ea3a15cd609892143f2607aec8d5929da90aafb8a9f",
    "schema_version": "1.0.0",
    "event_type": "agent_order",
    "source": "synthetic_agent",
    "symbol": "BTCUSDT",
    "exchange": "binance_usdm",
    "timestamp": "2024-05-01T00:00:01.820000Z",
    "sequence": 26,
    "scenario_id": "scenario-406-runaway_inventory",
    "agent_id": "agent-runaway_inventory",
    "order_id": "scenario-406-runaway_inventory-agent-runaway_inventory-26",
    "action": "new",
    "side": "buy",
    "price": 65457.01668,
    "quantity": 0.062000000000000006,
    "remaining_quantity": 0.062000000000000006
  },
  {
    "event_id": "67b51f90c6735b28aeba20b76771cdf041d4a363581a6bffcf5d3cdd1ee03113",
    "schema_version": "1.0.0",
    "event_type": "agent_order",
    "source": "synthetic_agent",
    "symbol": "BTCUSDT",
    "exchange": "binance_usdm",
    "timestamp": "2024-05-01T00:00:01.890000Z",
    "sequence": 27,
    "scenario_id": "scenario-406-runaway_inventory",
    "agent_id": "agent-runaway_inventory",
    "order_id": "scenario-406-runaway_inventory-agent-runaway_inventory-27",
    "action": "new",
    "side": "buy",
    "price": 65458.978859999996,
    "quantity": 0.064,
    "remaining_quantity": 0.064
  },
  {
    "event_id": "dfb0d0cb3e3a6f912e910f8df121a951e428368c52ca15111f69167d3f0c7162",
    "schema_version": "1.0.0",
    "event_type": "agent_order",
    "source": "synthetic_agent",
    "symbol": "BTCUSDT",
    "exchange": "binance_usdm",
    "timestamp": "2024-05-01T00:00:01.960000Z",
    "sequence": 28,
    "scenario_id": "scenario-406-runaway_inventory",
    "agent_id": "agent-runaway_inventory",
    "order_id": "scenario-406-runaway_inventory-agent-runaway_inventory-28",
    "action": "new",
    "side": "buy",
    "price": 65460.94104,
    "quantity": 0.066,
    "remaining_quantity": 0.066
  },
  {
    "event_id": "cc116a9a2f564ad36b11b056a2df8e4d9c4b97d0e130ba9384dc1141346643ee",
    "schema_version": "1.0.0",
    "event_type": "agent_order",
    "source": "synthetic_agent",
    "symbol": "BTCUSDT",
    "exchange": "binance_usdm",
    "timestamp": "2024-05-01T00:00:02.030000Z",
    "sequence": 29,
    "scenario_id": "scenario-406-runaway_inventory",
    "agent_id": "agent-runaway_inventory",
    "order_id": "scenario-406-runaway_inventory-agent-runaway_inventory-29",
    "action": "new",
    "side": "buy",
    "price": 65462.90321999999,
    "quantity": 0.068,
    "remaining_quantity": 0.068
  }
]