[
  {
    "event_id": "076bf6d5618a39ae439bc663c789a3886ff42a359f2553efbe4518800226adb1",
    "schema_version": "1.0.0",
    "event_type": "agent_order",
    "source": "synthetic_agent",
    "symbol": "BTCUSDT",
    "exchange": "binance_usdm",
    "timestamp": "2024-05-01T00:00:00Z",
    "sequence": 0,
    "scenario_id": "scenario-321-stop_run_sweep",
    "agent_id": "agent-stop_run_sweep",
    "order_id": "scenario-321-stop_run_sweep-agent-stop_run_sweep-0",
    "action": "new",
    "side": "buy",
    "price": 65386.320999999996,
    "quantity": 0.06,
    "remaining_quantity": 0.06
  },
  {
    "event_id": "acf0573d788eac18dbf79881cf8af806dd6457c3e6f9507c4a662401db4cbe31",
    "schema_version": "1.0.0",
    "event_type": "agent_order",
    "source": "synthetic_agent",
    "symbol": "BTCUSDT",
    "exchange": "binance_usdm",
    "timestamp": "2024-05-01T00:00:00.030000Z",
    "sequence": 1,
    "scenario_id": "scenario-321-stop_run_sweep",
    "agent_id": "agent-stop_run_sweep",
    "order_id": "scenario-321-stop_run_sweep-agent-stop_run_sweep-1",
    "action": "new",
    "side": "buy",
    "price": 65389.58705,
    "quantity": 0.06,
    "remaining_quantity": 0.06
  },
  {
    "event_id": "709175bdf1b9e7d6aa145553c09aac14232854b1d2eacb52e84685c0550b943f",
    "schema_version": "1.0.0",
    "event_type": "agent_order",
    "source": "synthetic_agent",
    "symbol": "BTCUSDT",
    "exchange": "binance_usdm",
    "timestamp": "2024-05-01T00:00:00.060000Z",
    "sequence": 2,
    "scenario_id": "scenario-321-stop_run_sweep",
    "agent_id": "agent-stop_run_sweep",
    "order_id": "scenario-321-stop_run_sweep-agent-stop_run_sweep-2",
    "action": "new",
    "side": "buy",
    "price": 65392.85309999999,
    "quantity": 0.06,
    "remaining_quantity": 0.06
  },
  {
    "event_id": "f2b624f5912ab147dcc2c447956e6506d82d4e7af953b77ef926efbe5d69422d",
    "schema_version": "1.0.0",
    "event_type": "agent_order",
    "source": "synthetic_agent",
    "symbol": "BTCUSDT",
    "exchange": "binance_usdm",
    "timestamp": "2024-05-01T00:00:00.090000Z",
    "sequence": 3,
    "scenario_id": "scenario-321-stop_run_sweep",
    "agent_id": "agent-stop_run_sweep",
    "order_id": "scenario-321-stop_run_sweep-agent-stop_run_sweep-3",
    "action": "new",
    "side": "buy",
    "price": 65396.11915,
    "quantity": 0.06,
    "remaining_quantity": 0.06
  },
  {
    "event_id": "f1ce809d036799ed12f52b4724908e9fd7393ceed37650c4760624fc082285ab",
    "schema_version": "1.0.0",
    "event_type": "agent_order",
    "source": "synthetic_agent",
    "symbol": "BTCUSDT",
    "exchange": "binance_usdm",
    "timestamp": "2024-05-01T00:00:00.120000Z",
    "sequence": 4,
    "scenario_id": "scenario-321-stop_run_sweep",
    "agent_id": "agent-stop_run_sweep",
    "order_id": "scenario-321-stop_run_sweep-agent-stop_run_sweep-4",
    "action": "new",
    "side": "buy",
    "price": 65399.38519999999,
    "quantity": 0.06,
    "remaining_quantity": 0.06
  },
  {
    "event_id": "20bb512f4520562e9fba27c489796e3e39b0666a940254f0494f63c5fa92d179",
    "schema_version": "1.0.0",
    "event_type": "agent_order",
    "source": "synthetic_agent",
    "symbol": "BTCUSDT",
    "exchange": "binance_usdm",
    "timestamp": "2024-05-01T00:00:00.150000Z",
    "sequence": 5,
    "scenario_id": "scenario-321-stop_run_sweep",
    "agent_id": "agent-stop_run_sweep",
    "order_id": "scenario-321-stop_run_sweep-agent-stop_run_sweep-5",
    "action": "new",
    "side": "buy",
    "price": 65402.651249999995,
    "quantity": 0.06,
    "remaining_quantity": 0.06
  },
  {
    "event_id": "a1be5346c5906519763007e07ec5b3ada23fbcbdfebb8b6d494490c53f9f645c",
    "schema_version": "1.0.0",
    "event_type": "agent_order",
    "source": "synthetic_agent",
    "symbol": "BTCUSDT",
    "exchange": "binance_usdm",
    "timestamp": "2024-05-01T00:00:00.180000Z",
    "sequence": 6,
    "scenario_id": "scenario-321-stop_run_sweep",
    "agent_id": "agent-stop_run_sweep",
    "order_id": "scenario-321-stop_run_sweep-agent-stop_run_sweep-6",
    "action": "new",
    "side": "buy",
    "price": 65405.917299999994,
    "quantity": 0.06,
    "remaining_quantity": 0.06
  },
  {
    "event_id": "625f2e5cad30d42b5dbc95f949477cf756472511bd811763157ff98d66b96856",
    "schema_version": "1.0.0",
    "event_type": "agent_order",
    "source": "synthetic_agent",
    "symbol": "BTCUSDT",
    "exchange": "binance_usdm",
    "timestamp": "2024-05-01T00:00:00.210000Z",
    "sequence": 7,
    "scenario_id": "scenario-321-stop_run_sweep",
    "agent_id": "agent-stop_run_sweep",
    "order_id": "scenario-321-stop_run_sweep-agent-stop_run_sweep-7",
    "action": "new",
    "side": "buy",
    "price": 65409.18335,
    "quantity": 0.06,
    "remaining_quantity": 0.06
  },
  {
    "event_id": "dff8cc3baa4ccf70b7bb19544b5fc601286ffbde815e2acf8b418f27f88a50e3",
    "schema_version": "1.0.0",
    "event_type": "agent_order",
    "source": "synthetic_agent",
    "symbol": "BTCUSDT",
    "exchange": "binance_usdm",
    "timestamp": "2024-05-01T00:00:00.240000Z",
    "sequence": 8,
    "scenario_id": "scenario-321-stop_run_sweep",
    "agent_id": "agent-stop_run_sweep",
    "order_id": "scenario-321-stop_run_sweep-agent-stop_run_sweep-8",
    "action": "new",
    "side": "buy",
    "price": 65412.44939999999,
    "quantity": 0.06,
    "remaining_quantity": 0.06
  },
  {
    "event_id": "93fce0a18d71d4db29a15425b56befe1a940723331b502856b0a255f06e5ca9a",
    "schema_version": "1.0.0",
    "event_type": "agent_order",
    "source": "synthetic_agent",
    "symbol": "BTCUSDT",
    "exchange": "binance_usdm",
    "timestamp": "2024-05-01T00:00:00.270000Z",
    "sequence": 9,
    "scenario_id": "scenario-321-stop_run_sweep",
    "agent_id": "agent-stop_run_sweep",
    "order_id": "scenario-321-stop_run_sweep-agent-stop_run_sweep-9",
    "action": "new",
    "side": "buy",
    "price": 65415.715449999996,
    "quantity": 0.06,
    "remaining_quantity": 0.06
  },
  {
    "event_id": "a8a53b87e04066f65cb7179811ea703fc728e9b513355b5a0fd2459ab4921659",
    "schema_version": "1.0.0",
    "event_type": "agent_order",
    "source": "synthetic_agent",
    "symbol": "BTCUSDT",
    "exchange": "binance_usdm",
    "timestamp": "2024-05-01T00:00:00.300000Z",
    "sequence": 10,
    "scenario_id": "scenario-321-stop_run_sweep",
    "agent_id": "agent-stop_run_sweep",
    "order_id": "scenario-321-stop_run_sweep-agent-stop_run_sweep-10",
    "action": "new",
    "side": "buy",
    "price": 65418.98149999999,
    "quantity": 0.06,
    "remaining_quantity": 0.06
  },
  {
    "event_id": "1600c662cfbb198aadc7b10d2cf8dc220e5ea9c1e4615e3f35e9b44dc2786d3a",
    "schema_version": "1.0.0",
    "event_type": "agent_order",
    "source": "synthetic_agent",
    "symbol": "BTCUSDT",
    "exchange": "binance_usdm",
    "timestamp": "2024-05-01T00:00:00.330000Z",
    "sequence": 11,
    "scenario_id": "scenario-321-stop_run_sweep",
    "agent_id": "agent-stop_run_sweep",
    "order_id": "scenario-321-stop_run_sweep-agent-stop_run_sweep-11",
    "action": "new",
    "side": "buy",
    "price": 65422.24754999999,
    "quantity": 0.06,
    "remaining_quantity": 0.06
  },
  {
    "event_id": "5f98df4768cdade79d2636786a691b356e39260aa5dd846bd1c36cc9a0dd4f88",
    "schema_version": "1.0.0",
    "event_type": "agent_order",
    "source": "synthetic_agent",
    "symbol": "BTCUSDT",
    "exchange": "binance_usdm",
    "timestamp": "2024-05-01T00:00:00.360000Z",
    "sequence": 12,
    "scenario_id": "scenario-321-stop_run_sweep",
    "agent_id": "agent-stop_run_sweep",
    "order_id": "scenario-321-stop_run_sweep-agent-stop_run_sweep-12",
    "action": "new",
    "side": "buy",
    "price": 65425.51359999999,
    "quantity": 0.06,
    "remaining_quantity": 0.06
  },
  {
    "event_id": "ca81de7a9f84dc686ebed4b45d3e2d61caea9b0428cd02a6706c45b38e289aa9",
    "schema_version": "1.0.0",
    "event_type": "agent_order",
    "source": "synthetic_agent",
    "symbol": "BTCUSDT",
    "exchange": "binance_usdm",
    "timestamp": "2024-05-01T00:00:00.390000Z",
    "sequence": 13,
    "scenario_id": "scenario-321-stop_run_sweep",
    "agent_id": "agent-stop_run_sweep",
    "order_id": "scenario-321-stop_run_sweep-agent-stop_run_sweep-13",
    "action": "new",
    "side": "buy",
    "price": 65428.77965,
    "quantity": 0.06,
    "remaining_quantity": 0.06
  },
  {
    "event_id": "509d384605194cf332b75408aebaab541dd404389a9ac642116735dd38ff365a",
    "schema_version": "1.0.0",
    "event_type": "agent_order",
    "source": "synthetic_agent",
    "symbol": "BTCUSDT",
    "exchange": "binance_usdm",
    "timestamp": "2024-05-01T00:00:00.420000Z",
    "sequence": 14,
    "scenario_id": "scenario-321-stop_run_sweep",
    "agent_id": "agent-stop_run_sweep",
    "order_id": "scenario-321-stop_run_sweep-agent-stop_run_sweep-14",
    "action": "new",
    "side": "buy",
    "price": 65432.04569999999,
    "quantity": 0.06,
    "remaining_quantity": 0.06
  },
  {
    "event_id": "f1bb2b7a15d55f6e45e984292d68e579717cc4b24b772a8dedd697cf2b1fa00e",
    "schema_version": "1.0.0",
    "event_type": "agent_order",
    "source": "synthetic_agent",
    "symbol": "BTCUSDT",
    "exchange": "binance_usdm",
    "timestamp": "2024-05-01T00:00:00.450000Z",
    "sequence": 15,
    "scenario_id": "scenario-321-stop_run_sweep",
    "agent_id": "agent-stop_run_sweep",
    "order_id": "scenario-321-stop_run_sweep-agent-stop_run_sweep-15",
    "action": "new",
    "side": "buy",
    "price": 65435.31174999999,
    "quantity": 0.06,
    "remaining_quantity": 0.06
  },
  {
    "event_id": "56cb6d726f54297f6fee8dce0042f025069d3804aad7841615ada6e58499c65c",
    "schema_version": "1.0.0",
    "event_type": "agent_order",
    "source": "synthetic_agent",
    "symbol": "BTCUSDT",
    "exchange": "binance_usdm",
    "timestamp": "2024-05-01T00:00:00.480000Z",
    "sequence": 16,
    "scenario_id": "scenario-321-stop_run_sweep",
    "agent_id": "agent-stop_run_sweep",
    "order_id": "scenario-321-stop_run_sweep-agent-stop_run_sweep-16",
    "action": "new",
    "side": "buy",
    "price": 65438.577799999985,
    "quantity": 0.06,
    "remaining_quantity": 0.06
  },
  {
    "event_id": "bc4c036c8cb7b30ee20f2c0482770d5f92ac7fb4d0ac6c26a4bac654242fd6cd",
    "schema_version": "1.0.0",
    "event_type": "agent_order",
    "source": "synthetic_agent",
    "symbol": "BTCUSDT",
    "exchange": "binance_usdm",
    "timestamp": "2024-05-01T00:00:00.510000Z",
    "sequence": 17,
    "scenario_id": "scenario-321-stop_run_sweep",
    "agent_id": "agent-stop_run_sweep",
    "order_id": "scenario-321-stop_run_sweep-agent-stop_run_sweep-17",
    "action": "new",
    "side": "buy",
    "price": 65441.84385,
    "quantity": 0.06,
    "remaining_quantity": 0.06
  },
  {
    "event_id": "5491a7c1b9fd532829c9c74c1c23d44266cc4e7ef6b843b59261fa1a57c4b787",
    "schema_version": "1.0.0",
    "event_type": "agent_order",
    "source": "synthetic_agent",
    "symbol": "BTCUSDT",
    "exchange": "binance_usdm",
    "timestamp": "2024-05-01T00:00:00.540000Z",
    "sequence": 18,
    "scenario_id": "scenario-321-stop_run_sweep",
    "agent_id": "agent-stop_run_sweep",
    "order_id": "scenario-321-stop_run_sweep-agent-stop_run_sweep-18",
    "action": "new",
    "side": "buy",
    "price": 65445.10989999999,
    "quantity": 0.06,
    "remaining_quantity": 0.06
  },
  {
    "event_id": "c3dcdb648d38638c00f73639deacc58b2b5d437d047ac151251a2e808b1921d9",
    "schema_version": "1.0.0",
    "event_type": "agent_order",
    "source": "synthetic_agent",
    "symbol": "BTCUSDT",
    "exchange": "binance_usdm",
    "timestamp": "2024-05-01T00:00:00.570000Z",
    "sequence": 19,
    "scenario_id": "scenario-321-stop_run_sweep",
    "agent_id": "agent-stop_run_sweep",
    "order_id": "scenario-321-stop_run_sweep-agent-stop_run_sweep-19",
    "action": "new",
    "side": "buy",
    "price": 65448.375949999994,
    "quantity": 0.06,
    "remaining_quantity": 0.06
  },
  {
    "event_id": "92b83bf70fb763fbffdbdd1e2311f049424e99cca1cdb18ac09078c8fd6b7f66",
    "schema_version": "1.0.0",
    "event_type": "agent_order",
    "source": "synthetic_agent",
    "symbol": "BTCUSDT",
    "exchange": "binance_usdm",
    "timestamp": "2024-05-01T00:00:00.600000Z",
    "sequence": 20,
    "scenario_id": "scenario-321-stop_run_sweep",
    "agent_id": "agent-stop_run_sweep",
    "order_id": "scenario-321-stop_run_sweep-agent-stop_run_sweep-20",
    "action": "new",
    "side": "buy",
    "price": 65451.641999999985,
    "quantity": 0.06,
    "remaining_quantity": 0.06
  },
  {
    "event_id": "4aa2fbc640b28767d065ddcaedf3d74353100fad06d98e55e4b12cb46c998586",
    "schema_version": "1.0.0",
    "event_type": "agent_order",
    "source": "synthetic_agent",
    "symbol": "BTCUSDT",
    "exchange": "binance_usdm",
    "timestamp": "2024-05-01T00:00:00.630000Z",
    "sequence": 21,
    "scenario_id": "scenario-321-stop_run_sweep",
    "agent_id": "agent-stop_run_sweep",
    "order_id": "scenario-321-stop_run_sweep-agent-stop_run_sweep-21",
    "action": "new",
    "side": "buy",
    "price": 65454.90804999999,
    "quantity": 0.06,
    "remaining_quantity": 0.06
  },
  {
    "event_id": "b799e009dbd0e474753ca2feaf4863ecb1eb5cef44c670492cd0086d1e985768",
    "schema_version": "1.0.0",
    "event_type": "agent_order",
    "source": "synthetic_agent",
    "symbol": "BTCUSDT",
    "exchange": "binance_usdm",
    "timestamp": "2024-05-01T00:00:00.660000Z",
    "sequence": 22,
    "scenario_id": "scenario-321-stop_run_sweep",
    "agent_id": "agent-stop_run_sweep",
    "order_id": "scenario-321-stop_run_sweep-agent-stop_run_sweep-22",
    "action": "new",
    "side": "buy",
    "price": 65458.1741,
    "quantity": 0.06,
    "remaining_quantity": 0.06
  },
  {
    "event_id": "c90973980e1da036ee58ff0c9aee8cb0630784a08ee143e1205cecb5bf473439",
    "schema_version": "1.0.0",
    "event_type": "agent_order",
    "source": "synthetic_agent",
    "symbol": "BTCUSDT",
    "exchange": "binance_usdm",
    "timestamp": "2024-05-01T00:00:00.690000Z",
    "sequence": 23,
    "scenario_id": "scenario-321-stop_run_sweep",
    "agent_id": "agent-stop_run_sweep",
    "order_id": "scenario-321-stop_run_sweep-agent-stop_run_sweep-23",
    "action": "new",
    "side": "buy",
    "price": 65461.440149999995,
    "quantity": 0.06,
    "remaining_quantity": 0.06
  },
  {
    "event_id": "6732b26b2c69fb6c73f42f7b142f4dcd636c871cbdb4a60028e494dd4e156657",
    "schema_version": "1.0.0",
    "event_type": "agent_order",
    "source": "synthetic_agent",
    "symbol": "BTCUSDT",
    "exchange": "binance_usdm",
    "timestamp": "2024-05-01T00:00:00.720000Z",
    "sequence": 24,
    "scenario_id": "scenario-321-stop_run_sweep",
    "agent_id": "agent-stop_run_sweep",
    "order_id": "scenario-321-stop_run_sweep-agent-stop_run_sweep-24",
    "action": "new",
    "side": "buy",
    "price": 65464.7062,
    "quantity": 0.06,
    "remaining_quantity": 0.06
  },
  {
    "event_id": "a82d551dafcb4b394be714be855e7ba4aac0c03f60b086891c1de4604c995aac",
    "schema_version": "1.0.0",
    "event_type": "agent_order",
    "source": "synthetic_agent",
    "symbol": "BTCUSDT",
    "exchange": "binance_usdm",
    "timestamp": "2024-05-01T00:00:00.750000Z",
    "sequence": 25,
    "scenario_id": "scenario-321-stop_run_sweep",
    "agent_id": "agent-stop_run_sweep",
    "order_id": "scenario-321-stop_run_sweep-agent-stop_run_sweep-25",
    "action": "new",
    "side": "buy",
    "price": 65467.97224999999,
    "quantity": 0.06,
    "remaining_quantity": 0.06
  },
  {
    "event_id": "7dd5504957664336e148a565adcf422535080fe0429ee4d40fcf897ca24e24b5",
    "schema_version": "1.0.0",
    "event_type": "agent_order",
    "source": "synthetic_agent",
    "symbol": "BTCUSDT",
    "exchange": "binance_usdm",
    "timestamp": "2024-05-01T00:00:00.780000Z",
    "sequence": 26,
    "scenario_id": "scenario-321-stop_run_sweep",
    "agent_id": "agent-stop_run_sweep",
    "order_id": "scenario-321-stop_run_sweep-agent-stop_run_sweep-26",
    "action": "new",
    "side": "buy",
    "price": 65471.2383,
    "quantity": 0.06,
    "remaining_quantity": 0.06
  },
  {
    "event_id": "b20eaa5a22117e4045951acfb3df6be562e4a88c86a953785cf1f7fa7c64ec17",
    "schema_version": "1.0.0",
    "event_type": "agent_order",
    "source": "synthetic_agent",
    "symbol": "BTCUSDT",
    "exchange": "binance_usdm",
    "timestamp": "2024-05-01T00:00:00.810000Z",
    "sequence": 27,
    "scenario_id": "scenario-321-stop_run_sweep",
    "agent_id": "agent-stop_run_sweep",
    "order_id": "scenario-321-stop_run_sweep-agent-stop_run_sweep-27",
    "action": "new",
    "side": "buy",
    "price": 65474.50434999999,
    "quantity": 0.06,
    "remaining_quantity": 0.06
  },
  {
    "event_id": "ba0c105f43b0f301b4f0778b83e283ab867959b267dd4d2a78c22799ce2aa2c7",
    "schema_version": "1.0.0",
    "event_type": "agent_order",
    "source": "synthetic_agent",
    "symbol": "BTCUSDT",
    "exchange": "binance_usdm",
    "timestamp": "2024-05-01T00:00:00.840000Z",
    "sequence": 28,
    "scenario_id": "scenario-321-stop_run_sweep",
    "agent_id": "agent-stop_run_sweep",
    "order_id": "scenario-321-stop_run_sweep-agent-stop_run_sweep-28",
    "action": "new",
    "side": "buy",
    "price": 65477.770399999994,
    "quantity": 0.06,
    "remaining_quantity": 0.06
  },
  {
    "event_id": "7ed76cac45553454e79f2b2fc5c159744c95fbaf03c771dcb24e5c167e346e0e",
    "schema_version": "1.0.0",
    "event_type": "agent_order",
    "source": "synthetic_agent",
    "symbol": "BTCUSDT",
    "exchange": "binance_usdm",
    "timestamp": "2024-05-01T00:00:00.870000Z",
    "sequence": 29,
    "scenario_id": "scenario-321-stop_run_sweep",
    "agent_id": "agent-stop_run_sweep",
    "order_id": "scenario-321-stop_run_sweep-agent-stop_run_sweep-29",
    "action": "new",
    "side": "buy",
    "price": 65481.03644999999,
    "quantity": 0.06,
    "remaining_quantity": 0.06
  }
]