[
  {
    "event_id": "c2f5f1d170b81ab0a6d99738e96fd3690c27e03c341ec113cd73ee9399211dd1",
    "schema_version": "1.0.0",
    "event_type": "agent_order",
    "source": "synthetic_agent",
    "symbol": "BTCUSDT",
    "exchange": "binance_usdm",
    "timestamp": "2024-05-01T00:00:00Z",
    "sequence": 0,
    "scenario_id": "scenario-009-stop_run_sweep",
    "agent_id": "agent-stop_run_sweep",
    "order_id": "scenario-009-stop_run_sweep-agent-stop_run_sweep-0",
    "action": "new",
    "side": "buy",
    "price": 65074.00899999999,
    "quantity": 0.06,
    "remaining_quantity": 0.06
  },
  {
    "event_id": "f74492f48de26474ce269432daf83dd07c3ab74257093414542c89a250781cc9",
    "schema_version": "1.0.0",
    "event_type": "agent_order",
    "source": "synthetic_agent",
    "symbol": "BTCUSDT",
    "exchange": "binance_usdm",
    "timestamp": "2024-05-01T00:00:00.030000Z",
    "sequence": 1,
    "scenario_id": "scenario-009-stop_run_sweep",
    "agent_id": "agent-stop_run_sweep",
    "order_id": "scenario-009-stop_run_sweep-agent-stop_run_sweep-1",
    "action": "new",
    "side": "buy",
    "price": 65077.25945,
    "quantity": 0.06,
    "remaining_quantity": 0.06
  },
  {
    "event_id": "e59216fbcb2ddf720ea0ca161503819bf3845f1ee05500ecbf60d68be329aca8",
    "schema_version": "1.0.0",
    "event_type": "agent_order",
    "source": "synthetic_agent",
    "symbol": "BTCUSDT",
    "exchange": "binance_usdm",
    "timestamp": "2024-05-01T00:00:00.060000Z",
    "sequence": 2,
    "scenario_id": "scenario-009-stop_run_sweep",
    "agent_id": "agent-stop_run_sweep",
    "order_id": "scenario-009-stop_run_sweep-agent-stop_run_sweep-2",
    "action": "new",
    "side": "buy",
    "price": 65080.50989999999,
    "quantity": 0.06,
    "remaining_quantity": 0.06
  },
  {
    "event_id": "9cfbb34b7018eb0bbc40e8b33f018d423513334f4df1c25f0c5631d84158574f",
    "schema_version": "1.0.0",
    "event_type": "agent_order",
    "source": "synthetic_agent",
    "symbol": "BTCUSDT",
    "exchange": "binance_usdm",
    "timestamp": "2024-05-01T00:00:00.090000Z",
    "sequence": 3,
    "scenario_id": "scenario-009-stop_run_sweep",
    "agent_id": "agent-stop_run_sweep",
    "order_id": "scenario-009-stop_run_sweep-agent-stop_run_sweep-3",
    "action": "new",
    "side": "buy",
    "price": 65083.76035,
    "quantity": 0.06,
    "remaining_quantity": 0.06
  },
  {
    "event_id": "6f50dfa339784dd5ef5d4b4a983a5e18167c7929045d1f85bfe7d42dddc29c03",
    "schema_version": "1.0.0",
    "event_type": "agent_order",
    "source": "synthetic_agent",
    "symbol": "BTCUSDT",
    "exchange": "binance_usdm",
    "timestamp": "2024-05-01T00:00:00.120000Z",
    "sequence": 4,
    "scenario_id": "scenario-009-stop_run_sweep",
    "agent_id": "agent-stop_run_sweep",
    "order_id": "scenario-009-stop_run_sweep-agent-stop_run_sweep-4",
    "action": "new",
    "side": "buy",
    "price": 65087.01079999999,
    "quantity": 0.06,
    "remaining_quantity": 0.06
  },
  {
    "event_id": "fa63080213ffec89324d570fe3455da6f2eb5dc5fe2cc23ce8a54f8ce58ecb8e",
    "schema_version": "1.0.0",
    "event_type": "agent_order",
    "source": "synthetic_agent",
    "symbol": "BTCUSDT",
    "exchange": "binance_usdm",
    "timestamp": "2024-05-01T00:00:00.150000Z",
    "sequence": 5,
    "scenario_id": "scenario-009-stop_run_sweep",
    "agent_id": "agent-stop_run_sweep",
    "order_id": "scenario-009-stop_run_sweep-agent-stop_run_sweep-5",
    "action": "new",
    "side": "buy",
    "price": 65090.261249999996,
    "quantity": 0.06,
    "remaining_quantity": 0.06
  },
  {
    "event_id": "9dd57c5fecd84d5e8aa479228353d7c50ffee73417b9ff6c059d79d72ac8760a",
    "schema_version": "1.0.0",
    "event_type": "agent_order",
    "source": "synthetic_agent",
    "symbol": "BTCUSDT",
    "exchange": "binance_usdm",
    "timestamp": "2024-05-01T00:00:00.180000Z",
    "sequence": 6,
    "scenario_id": "scenario-009-stop_run_sweep",
    "agent_id": "agent-stop_run_sweep",
    "order_id": "scenario-009-stop_run_sweep-agent-stop_run_sweep-6",
    "action": "new",
    "side": "buy",
    "price": 65093.51169999999,
    "quantity": 0.06,
    "remaining_quantity": 0.06
  },
  {
    "event_id": "c6a24f5055ce19076832d784a3caedc68eef886648a1a1918b504c8e4ddc6ee9",
    "schema_version": "1.0.0",
    "event_type": "agent_order",
    "source": "synthetic_agent",
    "symbol": "BTCUSDT",
    "exchange": "binance_usdm",
    "timestamp": "2024-05-01T00:00:00.210000Z",
    "sequence": 7,
    "scenario_id": "scenario-009-stop_run_sweep",
    "agent_id": "agent-stop_run_sweep",
    "order_id": "scenario-009-stop_run_sweep-agent-stop_run_sweep-7",
    "action": "new",
    "side": "buy",
    "price": 65096.762149999995,
    "quantity": 0.06,
    "remaining_quantity": 0.06
  },
  {
    "event_id": "d692d8e19a70ae5046f1f055beac23b393f85c5be82fa23717d7caeccc093cee",
    "schema_version": "1.0.0",
    "event_type": "agent_order",
    "source": "synthetic_agent",
    "symbol": "BTCUSDT",
    "exchange": "binance_usdm",
    "timestamp": "2024-05-01T00:00:00.240000Z",
    "sequence": 8,
    "scenario_id": "scenario-009-stop_run_sweep",
    "agent_id": "agent-stop_run_sweep",
    "order_id": "scenario-009-stop_run_sweep-agent-stop_run_sweep-8",
    "action": "new",
    "side": "buy",
    "price": 65100.01259999999,
    "quantity": 0.06,
    "remaining_quantity": 0.06
  },
  {
    "event_id": "47f5818c8fff7ccb5e0d922c32fb79645410f48ddab8434cf621e6b385dd9e2c",
    "schema_version": "1.0.0",
    "event_type": "agent_order",
    "source": "synthetic_agent",
    "symbol": "BTCUSDT",
    "exchange": "binance_usdm",
    "timestamp": "2024-05-01T00:00:00.270000Z",
    "sequence": 9,
    "scenario_id": "scenario-009-stop_run_sweep",
    "agent_id": "agent-stop_run_sweep",
    "order_id": "scenario-009-stop_run_sweep-agent-stop_run_sweep-9",
    "action": "new",
    "side": "buy",
    "price": 65103.263049999994,
    "quantity": 0.06,
    "remaining_quantity": 0.06
  },
  {
    "event_id": "1c9de81344ca7814e23970a973dfb5faa5e4fedc989264e1289f54be96582e6a",
    "schema_version": "1.0.0",
    "event_type": "agent_order",
    "source": "synthetic_agent",
    "symbol": "BTCUSDT",
    "exchange": "binance_usdm",
    "timestamp": "2024-05-01T00:00:00.300000Z",
    "sequence": 10,
    "scenario_id": "scenario-009-stop_run_sweep",
    "agent_id": "agent-stop_run_sweep",
    "order_id": "scenario-009-stop_run_sweep-agent-stop_run_sweep-10",
    "action": "new",
    "side": "buy",
    "price": 65106.51349999999,
    "quantity": 0.06,
    "remaining_quantity": 0.06
  },
  {
    "event_id": "63f24a9ac2cbe6b06cba334054924aee4f08f20cd4870f21e6f49765b429c845",
    "schema_version": "1.0.0",
    "event_type": "agent_order",
    "source": "synthetic_agent",
    "symbol": "BTCUSDT",
    "exchange": "binance_usdm",
    "timestamp": "2024-05-01T00:00:00.330000Z",
    "sequence": 11,
    "scenario_id": "scenario-009-stop_run_sweep",
    "agent_id": "agent-stop_run_sweep",
    "order_id": "scenario-009-stop_run_sweep-agent-stop_run_sweep-11",
    "action": "new",
    "side": "buy",
    "price": 65109.76394999999,
    "quantity": 0.06,
    "remaining_quantity": 0.06
  },
  {
    "event_id": "b069668915901cf65fd81a9d98ae05dd633d9d0b9f03de00168ed6f3dc07217c",
    "schema_version": "1.0.0",
    "event_type": "agent_order",
    "source": "synthetic_agent",
    "symbol": "BTCUSDT",
    "exchange": "binance_usdm",
    "timestamp": "2024-05-01T00:00:00.360000Z",
    "sequence": 12,
    "scenario_id": "scenario-009-stop_run_sweep",
    "agent_id": "agent-stop_run_sweep",
    "order_id": "scenario-009-stop_run_sweep-agent-stop_run_sweep-12",
    "action": "new",
    "side": "buy",
    "price": 65113.014399999985,
    "quantity": 0.06,
    "remaining_quantity": 0.06
  },
  {
    "event_id": "df901230deb3f23535cb6283346a929ad5923e68c015dbae0c83a8ef6db3c806",
    "schema_version": "1.0.0",
    "event_type": "agent_order",
    "source": "synthetic_agent",
    "symbol": "BTCUSDT",
    "exchange": "binance_usdm",
    "timestamp": "2024-05-01T00:00:00.390000Z",
    "sequence": 13,
    "scenario_id": "scenario-009-stop_run_sweep",
    "agent_id": "agent-stop_run_sweep",
    "order_id": "scenario-009-stop_run_sweep-agent-stop_run_sweep-13",
    "action": "new",
    "side": "buy",
    "price": 65116.26484999999,
    "quantity": 0.06,
    "remaining_quantity": 0.06
  },
  {
    "event_id": "656019e44fd95a949aedbec275ef21dff51a65e69ddc8f8a4efd17ae0689a0bc",
    "schema_version": "1.0.0",
    "event_type": "agent_order",
    "source": "synthetic_agent",
    "symbol": "BTCUSDT",
    "exchange": "binance_usdm",
    "timestamp": "2024-05-01T00:00:00.420000Z",
    "sequence": 14,
    "scenario_id": "scenario-009-stop_run_sweep",
    "agent_id": "agent-stop_run_sweep",
    "order_id": "scenario-009-stop_run_sweep-agent-stop_run_sweep-14",
    "action": "new",
    "side": "buy",
    "price": 65119.515299999985,
    "quantity": 0.06,
    "remaining_quantity": 0.06
  },
  {
    "event_id": "b088b5baeb5489963288b394fbf0e52619e8bda94d1eda80617d662cc6178c8e",
    "schema_version": "1.0.0",
    "event_type": "agent_order",
    "source": "synthetic_agent",
    "symbol": "BTCUSDT",
    "exchange": "binance_usdm",
    "timestamp": "2024-05-01T00:00:00.450000Z",
    "sequence": 15,
    "scenario_id": "scenario-009-stop_run_sweep",
    "agent_id": "agent-stop_run_sweep",
    "order_id": "scenario-009-stop_run_sweep-agent-stop_run_sweep-15",
    "action": "new",
    "side": "buy",
    "price": 65122.76574999999,
    "quantity": 0.06,
    "remaining_quantity": 0.06
  },
  {
    "event_id": "e54370ad3bb850380996b5265f9540500c93a993bfd9db0b83c7c8f95443f419",
    "schema_version": "1.0.0",
    "event_type": "agent_order",
    "source": "synthetic_agent",
    "symbol": "BTCUSDT",
    "exchange": "binance_usdm",
    "timestamp": "2024-05-01T00:00:00.480000Z",
    "sequence": 16,
    "scenario_id": "scenario-009-stop_run_sweep",
    "agent_id": "agent-stop_run_sweep",
    "order_id": "scenario-009-stop_run_sweep-agent-stop_run_sweep-16",
    "action": "new",
    "side": "buy",
    "price": 65126.016199999984,
    "quantity": 0.06,
    "remaining_quantity": 0.06
  },
  {
    "event_id": "fda571f19cea4df0978db734b7471efc4e5e0bd74dab9d281dbc3fd19f81ab94",
    "schema_version": "1.0.0",
    "event_type": "agent_order",
    "source": "synthetic_agent",
    "symbol": "BTCUSDT",
    "exchange": "binance_usdm",
    "timestamp": "2024-05-01T00:00:00.510000Z",
    "sequence": 17,
    "scenario_id": "scenario-009-stop_run_sweep",
    "agent_id": "agent-stop_run_sweep",
    "order_id": "scenario-009-stop_run_sweep-agent-stop_run_sweep-17",
    "action": "new",
    "side": "buy",
    "price": 65129.26664999999,
    "quantity": 0.06,
    "remaining_quantity": 0.06
  },
  {
    "event_id": "0d6a1b0425eca0ec04cb6351484695a0618bab0107792eb0db2dcee02b3daffb",
    "schema_version": "1.0.0",
    "event_type": "agent_order",
    "source": "synthetic_agent",
    "symbol": "BTCUSDT",
    "exchange": "binance_usdm",
    "timestamp": "2024-05-01T00:00:00.540000Z",
    "sequence": 18,
    "scenario_id": "scenario-009-stop_run_sweep",
    "agent_id": "agent-stop_run_sweep",
    "order_id": "scenario-009-stop_run_sweep-agent-stop_run_sweep-18",
    "action": "new",
    "side": "buy",
    "price": 65132.51709999999,
    "quantity": 0.06,
    "remaining_quantity": 0.06
  },
  {
    "event_id": "3c1b6652651a6f26dac425639d2e623fd7e33c2a332a2eb2703e9162967657c5",
    "schema_version": "1.0.0",
    "event_type": "agent_order",
    "source": "synthetic_agent",
    "symbol": "BTCUSDT",
    "exchange": "binance_usdm",
    "timestamp": "2024-05-01T00:00:00.570000Z",
    "sequence": 19,
    "scenario_id": "scenario-009-stop_run_sweep",
    "agent_id": "agent-stop_run_sweep",
    "order_id": "scenario-009-stop_run_sweep-agent-stop_run_sweep-19",
    "action": "new",
    "side": "buy",
    "price": 65135.76755,
    "quantity": 0.06,
    "remaining_quantity": 0.06
  },
  {
    "event_id": "ad826840fd9c4691449114af7faf4cec09da44eae49a879ca8887d5bbb6e74ef",
    "schema_version": "1.0.0",
    "event_type": "agent_order",
    "source": "synthetic_agent",
    "symbol": "BTCUSDT",
    "exchange": "binance_usdm",
    "timestamp": "2024-05-01T00:00:00.600000Z",
    "sequence": 20,
    "scenario_id": "scenario-009-stop_run_sweep",
    "agent_id": "agent-stop_run_sweep",
    "order_id": "scenario-009-stop_run_sweep-agent-stop_run_sweep-20",
    "action": "new",
    "side": "buy",
    "price": 65139.01799999999,
    "quantity": 0.06,
    "remaining_quantity": 0.06
  },
  {
    "event_id": "3528d7ab502eda3fb90d569b3764dadd5e15c5f14c3c80337283b4589864d406",
    "schema_version": "1.0.0",
    "event_type": "agent_order",
    "source": "synthetic_agent",
    "symbol": "BTCUSDT",
    "exchange": "binance_usdm",
    "timestamp": "2024-05-01T00:00:00.630000Z",
    "sequence": 21,
    "scenario_id": "scenario-009-stop_run_sweep",
    "agent_id": "agent-stop_run_sweep",
    "order_id": "scenario-009-stop_run_sweep-agent-stop_run_sweep-21",
    "action": "new",
    "side": "buy",
    "price": 65142.268449999996,
    "quantity": 0.06,
    "remaining_quantity": 0.06
  },
  {
    "event_id": "96046e99d45f2a68a34c6f972d8ea1fc019fe25348a2b882a891298801b4226b",
    "schema_version": "1.0.0",
    "event_type": "agent_order",
    "source": "synthetic_agent",
    "symbol": "BTCUSDT",
    "exchange": "binance_usdm",
    "timestamp": "2024-05-01T00:00:00.660000Z",
    "sequence": 22,
    "scenario_id": "scenario-009-stop_run_sweep",
    "agent_id": "agent-stop_run_sweep",
    "order_id": "scenario-009-stop_run_sweep-agent-stop_run_sweep-22",
    "action": "new",
    "side": "buy",
    "price": 65145.5189,
    "quantity": 0.06,
    "remaining_quantity": 0.06
  },
  {
    "event_id": "d8aea78bc0158d3c7a202a259c97f12b33ffdb289cf91e443d4b891689a5d711",
    "schema_version": "1.0.0",
    "event_type": "agent_order",
    "source": "synthetic_agent",
    "symbol": "BTCUSDT",
    "exchange": "binance_usdm",
    "timestamp": "2024-05-01T00:00:00.690000Z",
    "sequence": 23,
    "scenario_id": "scenario-009-stop_run_sweep",
    "agent_id": "agent-stop_run_sweep",
    "order_id": "scenario-009-stop_run_sweep-agent-stop_run_sweep-23",
    "action": "new",
    "side": "buy",
    "price": 65148.769349999995,
    "quantity": 0.06,
    "remaining_quantity": 0.06
  },
  {
    "event_id": "a8300b54e9d26c76b992df22784715e7309b8057849c82a2494f087d173e469d",
    "schema_version": "1.0.0",
    "event_type": "agent_order",
    "source": "synthetic_agent",
    "symbol": "BTCUSDT",
    "exchange": "binance_usdm",
    "timestamp": "2024-05-01T00:00:00.720000Z",
    "sequence": 24,
    "scenario_id": "scenario-009-stop_run_sweep",
    "agent_id": "agent-stop_run_sweep",
    "order_id": "scenario-009-stop_run_sweep-agent-stop_run_sweep-24",
    "action": "new",
    "side": "buy",
    "price": 65152.0198,
    "quantity": 0.06,
    "remaining_quantity": 0.06
  },
  {
    "event_id": "91960b6aaa13ab32df41001202803893b13e1421569131f427e6fb093513a6be",
    "schema_version": "1.0.0",
    "event_type": "agent_order",
    "source": "synthetic_agent",
    "symbol": "BTCUSDT",
    "exchange": "binance_usdm",
    "timestamp": "2024-05-01T00:00:00.750000Z",
    "sequence": 25,
    "scenario_id": "scenario-009-stop_run_sweep",
    "agent_id": "agent-stop_run_sweep",
    "order_id": "scenario-009-stop_run_sweep-agent-stop_run_sweep-25",
    "action": "new",
    "side": "buy",
    "price": 65155.270249999994,
    "quantity": 0.06,
    "remaining_quantity": 0.06
  },
  {
    "event_id": "6dffac1f739b6b34b96338f3049a15262b7674c901888a6fb535bb068db7c6fd",
    "schema_version": "1.0.0",
    "event_type": "agent_order",
    "source": "synthetic_agent",
    "symbol": "BTCUSDT",
    "exchange": "binance_usdm",
    "timestamp": "2024-05-01T00:00:00.780000Z",
    "sequence": 26,
    "scenario_id": "scenario-009-stop_run_sweep",
    "agent_id": "agent-stop_run_sweep",
    "order_id": "scenario-009-stop_run_sweep-agent-stop_run_sweep-26",
    "action": "new",
    "side": "buy",
    "price": 65158.5207,
    "quantity": 0.06,
    "remaining_quantity": 0.06
  },
  {
    "event_id": "984bdb4196385abb435ee81623d08d112a74bee3552e21d4249477515cafaeb4",
    "schema_version": "1.0.0",
    "event_type": "agent_order",
    "source": "synthetic_agent",
    "symbol": "BTCUSDT",
    "exchange": "binance_usdm",
    "timestamp": "2024-05-01T00:00:00.810000Z",
    "sequence": 27,
    "scenario_id": "scenario-009-stop_run_sweep",
    "agent_id": "agent-stop_run_sweep",
    "order_id": "scenario-009-stop_run_sweep-agent-stop_run_sweep-27",
    "action": "new",
    "side": "buy",
    "price": 65161.77114999999,
    "quantity": 0.06,
    "remaining_quantity": 0.06
  },
  {
    "event_id": "f3d3cba42c2f0b18a509465b95ca0e6ee576e11865fa17a1f3d75dfb00c68cd2",
    "schema_version": "1.0.0",
    "event_type": "agent_order",
    "source": "synthetic_agent",
    "symbol": "BTCUSDT",
    "exchange": "binance_usdm",
    "timestamp": "2024-05-01T00:00:00.840000Z",
    "sequence": 28,
    "scenario_id": "scenario-009-stop_run_sweep",
    "agent_id": "agent-stop_run_sweep",
    "order_id": "scenario-009-stop_run_sweep-agent-stop_run_sweep-28",
    "action": "new",
    "side": "buy",
    "price": 65165.0216,
    "quantity": 0.06,
    "remaining_quantity": 0.06
  },
  {
    "event_id": "4cd8e547fc74278576521a634ad5a9c9bacd41096a19fcc7afd00d42319bb91c",
    "schema_version": "1.0.0",
    "event_type": "agent_order",
    "source": "synthetic_agent",
    "symbol": "BTCUSDT",
    "exchange": "binance_usdm",
    "timestamp": "2024-05-01T00:00:00.870000Z",
    "sequence": 29,
    "scenario_id": "scenario-009-stop_run_sweep",
    "agent_id": "agent-stop_run_sweep",
    "order_id": "scenario-009-stop_run_sweep-agent-stop_run_sweep-29",
    "action": "new",
    "side": "buy",
    "price": 65168.27204999999,
    "quantity": 0.06,
    "remaining_quantity": 0.06
  }
]