[
  {
    "event_id": "c066b18b48d87f82f96ed366a3ab536bcf13687949e27aa12829f8da1cf0c623",
    "schema_version": "1.0.0",
    "event_type": "agent_order",
    "source": "synthetic_agent",
    "symbol": "BTCUSDT",
    "exchange": "binance_usdm",
    "timestamp": "2024-05-01T00:00:00Z",
    "sequence": 0,
    "scenario_id": "scenario-489-stop_run_sweep",
    "agent_id": "agent-stop_run_sweep",
    "order_id": "scenario-489-stop_run_sweep-agent-stop_run_sweep-0",
    "action": "new",
    "side": "buy",
    "price": 65554.48899999999,
    "quantity": 0.06,
    "remaining_quantity": 0.06
  },
  {
    "event_id": "eac62f34338a7fda59b20c359e9140d838d017f03f77e58fbd3a97ed13a27a3c",
    "schema_version": "1.0.0",
    "event_type": "agent_order",
    "source": "synthetic_agent",
    "symbol": "BTCUSDT",
    "exchange": "binance_usdm",
    "timestamp": "2024-05-01T00:00:00.030000Z",
    "sequence": 1,
    "scenario_id": "scenario-489-stop_run_sweep",
    "agent_id": "agent-stop_run_sweep",
    "order_id": "scenario-489-stop_run_sweep-agent-stop_run_sweep-1",
    "action": "new",
    "side": "buy",
    "price": 65557.76345,
    "quantity": 0.06,
    "remaining_quantity": 0.06
  },
  {
    "event_id": "a36dd07c80893121fb7ecc4e06f96e9cb461112fc0e8580497f5fd068158db51",
    "schema_version": "1.0.0",
    "event_type": "agent_order",
    "source": "synthetic_agent",
    "symbol": "BTCUSDT",
    "exchange": "binance_usdm",
    "timestamp": "2024-05-01T00:00:00.060000Z",
    "sequence": 2,
    "scenario_id": "scenario-489-stop_run_sweep",
    "agent_id": "agent-stop_run_sweep",
    "order_id": "scenario-489-stop_run_sweep-agent-stop_run_sweep-2",
    "action": "new",
    "side": "buy",
    "price": 65561.0379,
    "quantity": 0.06,
    "remaining_quantity": 0.06
  },
  {
    "event_id": "9db583aa1913f8214a76d6c31d84d02f57ab2588abf57e0e5dec03ea46e0ae20",
    "schema_version": "1.0.0",
    "event_type": "agent_order",
    "source": "synthetic_agent",
    "symbol": "BTCUSDT",
    "exchange": "binance_usdm",
    "timestamp": "2024-05-01T00:00:00.090000Z",
    "sequence": 3,
    "scenario_id": "scenario-489-stop_run_sweep",
    "agent_id": "agent-stop_run_sweep",
    "order_id": "scenario-489-stop_run_sweep-agent-stop_run_sweep-3",
    "action": "new",
    "side": "buy",
    "price": 65564.31235,
    "quantity": 0.06,
    "remaining_quantity": 0.06
  },
  {
    "event_id": "11dd43eea331690df2e08e143d332257c755d809638b5b86e74cd2965adcdad5",
    "schema_version": "1.0.0",
    "event_type": "agent_order",
    "source": "synthetic_agent",
    "symbol": "BTCUSDT",
    "exchange": "binance_usdm",
    "timestamp": "2024-05-01T00:00:00.120000Z",
    "sequence": 4,
    "scenario_id": "scenario-489-stop_run_sweep",
    "agent_id": "agent-stop_run_sweep",
    "order_id": "scenario-489-stop_run_sweep-agent-stop_run_sweep-4",
    "action": "new",
    "side": "buy",
    "price": 65567.58679999999,
    "quantity": 0.06,
    "remaining_quantity": 0.06
  },
  {
    "event_id": "1bf6443ba022cc8c83800fcbea9e66209dadb4fc76d1a830b35f8be06e38cf87",
    "schema_version": "1.0.0",
    "event_type": "agent_order",
    "source": "synthetic_agent",
    "symbol": "BTCUSDT",
    "exchange": "binance_usdm",
    "timestamp": "2024-05-01T00:00:00.150000Z",
    "sequence": 5,
    "scenario_id": "scenario-489-stop_run_sweep",
    "agent_id": "agent-stop_run_sweep",
    "order_id": "scenario-489-stop_run_sweep-agent-stop_run_sweep-5",
    "action": "new",
    "side": "buy",
    "price": 65570.86125,
    "quantity": 0.06,
    "remaining_quantity": 0.06
  },
  {
    "event_id": "a37bfe7f6879e88c4d1d663791587e5ed1c2065b8e7fcd578a96b0e29883a31c",
    "schema_version": "1.0.0",
    "event_type": "agent_order",
    "source": "synthetic_agent",
    "symbol": "BTCUSDT",
    "exchange": "binance_usdm",
    "timestamp": "2024-05-01T00:00:00.180000Z",
    "sequence": 6,
    "scenario_id": "scenario-489-stop_run_sweep",
    "agent_id": "agent-stop_run_sweep",
    "order_id": "scenario-489-stop_run_sweep-agent-stop_run_sweep-6",
    "action": "new",
    "side": "buy",
    "price": 65574.13569999998,
    "quantity": 0.06,
    "remaining_quantity": 0.06
  },
  {
    "event_id": "fa5c38225110257760260ad8cd941445208aa75305ec899bc274548540cc6ef6",
    "schema_version": "1.0.0",
    "event_type": "agent_order",
    "source": "synthetic_agent",
    "symbol": "BTCUSDT",
    "exchange": "binance_usdm",
    "timestamp": "2024-05-01T00:00:00.210000Z",
    "sequence": 7,
    "scenario_id": "scenario-489-stop_run_sweep",
    "agent_id": "agent-stop_run_sweep",
    "order_id": "scenario-489-stop_run_sweep-agent-stop_run_sweep-7",
    "action": "new",
    "side": "buy",
    "price": 65577.41015,
    "quantity": 0.06,
    "remaining_quantity": 0.06
  },
  {
    "event_id": "bccd63e741de6bbba16de2d6a5a685ee1078278d3edbb354294fe3277e0100f6",
    "schema_version": "1.0.0",
    "event_type": "agent_order",
    "source": "synthetic_agent",
    "symbol": "BTCUSDT",
    "exchange": "binance_usdm",
    "timestamp": "2024-05-01T00:00:00.240000Z",
    "sequence": 8,
    "scenario_id": "scenario-489-stop_run_sweep",
    "agent_id": "agent-stop_run_sweep",
    "order_id": "scenario-489-stop_run_sweep-agent-stop_run_sweep-8",
    "action": "new",
    "side": "buy",
    "price": 65580.6846,
    "quantity": 0.06,
    "remaining_quantity": 0.06
  },
  {
    "event_id": "32026955e802fcc90df0ce1abb9f80879b7f8554286e246dc601fc6aaee1b921",
    "schema_version": "1.0.0",
    "event_type": "agent_order",
    "source": "synthetic_agent",
    "symbol": "BTCUSDT",
    "exchange": "binance_usdm",
    "timestamp": "2024-05-01T00:00:00.270000Z",
    "sequence": 9,
    "scenario_id": "scenario-489-stop_run_sweep",
    "agent_id": "agent-stop_run_sweep",
    "order_id": "scenario-489-stop_run_sweep-agent-stop_run_sweep-9",
    "action": "new",
    "side": "buy",
    "price": 65583.95904999999,
    "quantity": 0.06,
    "remaining_quantity": 0.06
  },
  {
    "event_id": "cefe88b2f3ed8d24888378c9c8681f2fbae0d7b8de0e61da387421ff89835da0",
    "schema_version": "1.0.0",
    "event_type": "agent_order",
    "source": "synthetic_agent",
    "symbol": "BTCUSDT",
    "exchange": "binance_usdm",
    "timestamp": "2024-05-01T00:00:00.300000Z",
    "sequence": 10,
    "scenario_id": "scenario-489-stop_run_sweep",
    "agent_id": "agent-stop_run_sweep",
    "order_id": "scenario-489-stop_run_sweep-agent-stop_run_sweep-10",
    "action": "new",
    "side": "buy",
    "price": 65587.23349999999,
    "quantity": 0.06,
    "remaining_quantity": 0.06
  },
  {
    "event_id": "70cb5f383fd23fd63f2d6b5327581eba8de4066ef1c8397dde1b8a26b01002cb",
    "schema_version": "1.0.0",
    "event_type": "agent_order",
    "source": "synthetic_agent",
    "symbol": "BTCUSDT",
    "exchange": "binance_usdm",
    "timestamp": "2024-05-01T00:00:00.330000Z",
    "sequence": 11,
    "scenario_id": "scenario-489-stop_run_sweep",
    "agent_id": "agent-stop_run_sweep",
    "order_id": "scenario-489-stop_run_sweep-agent-stop_run_sweep-11",
    "action": "new",
    "side": "buy",
    "price": 65590.50795,
    "quantity": 0.06,
    "remaining_quantity": 0.06
  },
  {
    "event_id": "b7123a7345889cc4d6bcd35ab7199f07d52700b2178717ad8122f9572903cfd0",
    "schema_version": "1.0.0",
    "event_type": "agent_order",
    "source": "synthetic_agent",
    "symbol": "BTCUSDT",
    "exchange": "binance_usdm",
    "timestamp": "2024-05-01T00:00:00.360000Z",
    "sequence": 12,
    "scenario_id": "scenario-489-stop_run_sweep",
    "agent_id": "agent-stop_run_sweep",
    "order_id": "scenario-489-stop_run_sweep-agent-stop_run_sweep-12",
    "action": "new",
    "side": "buy",
    "price": 65593.78239999998,
    "quantity": 0.06,
    "remaining_quantity": 0.06
  },
  {
    "event_id": "2e06136dfbe641b41c9bd21a7703888b1bd2b3cdc18ff9994904bef17ed81885",
    "schema_version": "1.0.0",
    "event_type": "agent_order",
    "source": "synthetic_agent",
    "symbol": "BTCUSDT",
    "exchange": "binance_usdm",
    "timestamp": "2024-05-01T00:00:00.390000Z",
    "sequence": 13,
    "scenario_id": "scenario-489-stop_run_sweep",
    "agent_id": "agent-stop_run_sweep",
    "order_id": "scenario-489-stop_run_sweep-agent-stop_run_sweep-13",
    "action": "new",
    "side": "buy",
    "price": 65597.05685,
    "quantity": 0.06,
    "remaining_quantity": 0.06
  },
  {
    "event_id": "e1020e9e0c7cbea4bf68c3fde85ff1448d155e21d4723aeef37e473e505e9871",
    "schema_version": "1.0.0",
    "event_type": "agent_order",
    "source": "synthetic_agent",
    "symbol": "BTCUSDT",
    "exchange": "binance_usdm",
    "timestamp": "2024-05-01T00:00:00.420000Z",
    "sequence": 14,
    "scenario_id": "scenario-489-stop_run_sweep",
    "agent_id": "agent-stop_run_sweep",
    "order_id": "scenario-489-stop_run_sweep-agent-stop_run_sweep-14",
    "action": "new",
    "side": "buy",
    "price": 65600.33129999999,
    "quantity": 0.06,
    "remaining_quantity": 0.06
  },
  {
    "event_id": "5f74c5cb4dcc81eafb922a85c2431244954796e6349c27c6c8f8be5562da6813",
    "schema_version": "1.0.0",
    "event_type": "agent_order",
    "source": "synthetic_agent",
    "symbol": "BTCUSDT",
    "exchange": "binance_usdm",
    "timestamp": "2024-05-01T00:00:00.450000Z",
    "sequence": 15,
    "scenario_id": "scenario-489-stop_run_sweep",
    "agent_id": "agent-stop_run_sweep",
    "order_id": "scenario-489-stop_run_sweep-agent-stop_run_sweep-15",
    "action": "new",
    "side": "buy",
    "price": 65603.60574999999,
    "quantity": 0.06,
    "remaining_quantity": 0.06
  },
  {
    "event_id": "9e4c0e1c44545be8349fd1d7ea00df00f3dc6b5ee5f98786bf5c12a5256fb1bd",
    "schema_version": "1.0.0",
    "event_type": "agent_order",
    "source": "synthetic_agent",
    "symbol": "BTCUSDT",
    "exchange": "binance_usdm",
    "timestamp": "2024-05-01T00:00:00.480000Z",
    "sequence": 16,
    "scenario_id": "scenario-489-stop_run_sweep",
    "agent_id": "agent-stop_run_sweep",
    "order_id": "scenario-489-stop_run_sweep-agent-stop_run_sweep-16",
    "action": "new",
    "side": "buy",
    "price": 65606.88019999999,
    "quantity": 0.06,
    "remaining_quantity": 0.06
  },
  {
    "event_id": "34952bbe19f1b70dcd0e8220e2a84f5841c3f8fd8bb14c7536e4a9329c9d953e",
    "schema_version": "1.0.0",
    "event_type": "agent_order",
    "source": "synthetic_agent",
    "symbol": "BTCUSDT",
    "exchange": "binance_usdm",
    "timestamp": "2024-05-01T00:00:00.510000Z",
    "sequence": 17,
    "scenario_id": "scenario-489-stop_run_sweep",
    "agent_id": "agent-stop_run_sweep",
    "order_id": "scenario-489-stop_run_sweep-agent-stop_run_sweep-17",
    "action": "new",
    "side": "buy",
    "price": 65610.15465,
    "quantity": 0.06,
    "remaining_quantity": 0.06
  },
  {
    "event_id": "9914db951b212ef5a9fe187213f1cc86e2e088a9c0a57ce202f3dc8044199038",
    "schema_version": "1.0.0",
    "event_type": "agent_order",
    "source": "synthetic_agent",
    "symbol": "BTCUSDT",
    "exchange": "binance_usdm",
    "timestamp": "2024-05-01T00:00:00.540000Z",
    "sequence": 18,
    "scenario_id": "scenario-489-stop_run_sweep",
    "agent_id": "agent-stop_run_sweep",
    "order_id": "scenario-489-stop_run_sweep-agent-stop_run_sweep-18",
    "action": "new",
    "side": "buy",
    "price": 65613.42909999998,
    "quantity": 0.06,
    "remaining_quantity": 0.06
  },
  {
    "event_id": "d6ba6d9ffd37f2c28ae71297954e00de1187e55b24ec206ec16542695b2e0c4a",
    "schema_version": "1.0.0",
    "event_type": "agent_order",
    "source": "synthetic_agent",
    "symbol": "BTCUSDT",
    "exchange": "binance_usdm",
    "timestamp": "2024-05-01T00:00:00.570000Z",
    "sequence": 19,
    "scenario_id": "scenario-489-stop_run_sweep",
    "agent_id": "agent-stop_run_sweep",
    "order_id": "scenario-489-stop_run_sweep-agent-stop_run_sweep-19",
    "action": "new",
    "side": "buy",
    "price": 65616.70354999999,
    "quantity": 0.06,
    "remaining_quantity": 0.06
  },
  {
    "event_id": "b9b874103c20dee7551238b82841a9d17155050aee26e701fd744503e5511d13",
    "schema_version": "1.0.0",
    "event_type": "agent_order",
    "source": "synthetic_agent",
    "symbol": "BTCUSDT",
    "exchange": "binance_usdm",
    "timestamp": "2024-05-01T00:00:00.600000Z",
    "sequence": 20,
    "scenario_id": "scenario-489-stop_run_sweep",
    "agent_id": "agent-stop_run_sweep",
    "order_id": "scenario-489-stop_run_sweep-agent-stop_run_sweep-20",
    "action": "new",
    "side": "buy",
    "price": 65619.97799999999,
    "quantity": 0.06,
    "remaining_quantity": 0.06
  },
  {
    "event_id": "1e5d84bafdef95e595bbaa147ce2fce9af7ae86197543dfc9ef5245515918cee",
    "schema_version": "1.0.0",
    "event_type": "agent_order",
    "source": "synthetic_agent",
    "symbol": "BTCUSDT",
    "exchange": "binance_usdm",
    "timestamp": "2024-05-01T00:00:00.630000Z",
    "sequence": 21,
    "scenario_id": "scenario-489-stop_run_sweep",
    "agent_id": "agent-stop_run_sweep",
    "order_id": "scenario-489-stop_run_sweep-agent-stop_run_sweep-21",
    "action": "new",
    "side": "buy",
    "price": 65623.25244999999,
    "quantity": 0.06,
    "remaining_quantity": 0.06
  },
  {
    "event_id": "547f3c599e888b9b5dda1a67c63587ed3537f8e5af20165771d9e8a2a790d7c8",
    "schema_version": "1.0.0",
    "event_type": "agent_order",
    "source": "synthetic_agent",
    "symbol": "BTCUSDT",
    "exchange": "binance_usdm",
    "timestamp": "2024-05-01T00:00:00.660000Z",
    "sequence": 22,
    "scenario_id": "scenario-489-stop_run_sweep",
    "agent_id": "agent-stop_run_sweep",
    "order_id": "scenario-489-stop_run_sweep-agent-stop_run_sweep-22",
    "action": "new",
    "side": "buy",
    "price": 65626.5269,
    "quantity": 0.06,
    "remaining_quantity": 0.06
  },
  {
    "event_id": "ff2787a175d56da9de1477d4b8c145170c7de1b7e33fd6438f147a639070d164",
    "schema_version": "1.0.0",
    "event_type": "agent_order",
    "source": "synthetic_agent",
    "symbol": "BTCUSDT",
    "exchange": "binance_usdm",
    "timestamp": "2024-05-01T00:00:00.690000Z",
    "sequence": 23,
    "scenario_id": "scenario-489-stop_run_sweep",
    "agent_id": "agent-stop_run_sweep",
    "order_id": "scenario-489-stop_run_sweep-agent-stop_run_sweep-23",
    "action": "new",
    "side": "buy",
    "price": 65629.80135,
    "quantity": 0.06,
    "remaining_quantity": 0.06
  },
  {
    "event_id": "020127315ebd7fb8ae0e126097390723f7bcc3bdd4722535dcd6d1b63e20a117",
    "schema_version": "1.0.0",
    "event_type": "agent_order",
    "source": "synthetic_agent",
    "symbol": "BTCUSDT",
    "exchange": "binance_usdm",
    "timestamp": "2024-05-01T00:00:00.720000Z",
    "sequence": 24,
    "scenario_id": "scenario-489-stop_run_sweep",
    "agent_id": "agent-stop_run_sweep",
    "order_id": "scenario-489-stop_run_sweep-agent-stop_run_sweep-24",
    "action": "new",
    "side": "buy",
    "price": 65633.07579999999,
    "quantity": 0.06,
    "remaining_quantity": 0.06
  },
  {
    "event_id": "05f968c660e3946f18f0141fb2f09dddc4cad39da66d56ff9ba45e8d40ddc2a5",
    "schema_version": "1.0.0",
    "event_type": "agent_order",
    "source": "synthetic_agent",
    "symbol": "BTCUSDT",
    "exchange": "binance_usdm",
    "timestamp": "2024-05-01T00:00:00.750000Z",
    "sequence": 25,
    "scenario_id": "scenario-489-stop_run_sweep",
    "agent_id": "agent-stop_run_sweep",
    "order_id": "scenario-489-stop_run_sweep-agent-stop_run_sweep-25",
    "action": "new",
    "side": "buy",
    "price": 65636.35024999999,
    "quantity": 0.06,
    "remaining_quantity": 0.06
  },
  {
    "event_id": "dd81e75d0b8cabba74e45da095afa12e6dc6e138f05d5cf5c8e1be44fbb9c279",
    "schema_version": "1.0.0",
    "event_type": "agent_order",
    "source": "synthetic_agent",
    "symbol": "BTCUSDT",
    "exchange": "binance_usdm",
    "timestamp": "2024-05-01T00:00:00.780000Z",
    "sequence": 26,
    "scenario_id": "scenario-489-stop_run_sweep",
    "agent_id": "agent-stop_run_sweep",
    "order_id": "scenario-489-stop_run_sweep-agent-stop_run_sweep-26",
    "action": "new",
    "side": "buy",
    "price": 65639.6247,
    "quantity": 0.06,
    "remaining_quantity": 0.06
  },
  {
    "event_id": "d82c62cea7e58b340fdf0c37e88be108ad15cec271dbeb296338ddf387334cf9",
    "schema_version": "1.0.0",
    "event_type": "agent_order",
    "source": "synthetic_agent",
    "symbol": "BTCUSDT",
    "exchange": "binance_usdm",
    "timestamp": "2024-05-01T00:00:00.810000Z",
    "sequence": 27,
    "scenario_id": "scenario-489-stop_run_sweep",
    "agent_id": "agent-stop_run_sweep",
    "order_id": "scenario-489-stop_run_sweep-agent-stop_run_sweep-27",
    "action": "new",
    "side": "buy",
    "price": 65642.89915,
    "quantity": 0.06,
    "remaining_quantity": 0.06
  },
  {
    "event_id": "742df7ba7261cc704df3e0f989bb7b4063053bd5064f711fdce92c307b1fb9cc",
    "schema_version": "1.0.0",
    "event_type": "agent_order",
    "source": "synthetic_agent",
    "symbol": "BTCUSDT",
    "exchange": "binance_usdm",
    "timestamp": "2024-05-01T00:00:00.840000Z",
    "sequence": 28,
    "scenario_id": "scenario-489-stop_run_sweep",
    "agent_id": "agent-stop_run_sweep",
    "order_id": "scenario-489-stop_run_sweep-agent-stop_run_sweep-28",
    "action": "new",
    "side": "buy",
    "price": 65646.1736,
    "quantity": 0.06,
    "remaining_quantity": 0.06
  },
  {
    "event_id": "3ae19970efb0799d70288798a393b9f2afa42e66733ef38a7419f1a90299daaa",
    "schema_version": "1.0.0",
    "event_type": "agent_order",
    "source": "synthetic_agent",
    "symbol": "BTCUSDT",
    "exchange": "binance_usdm",
    "timestamp": "2024-05-01T00:00:00.870000Z",
    "sequence": 29,
    "scenario_id": "scenario-489-stop_run_sweep",
    "agent_id": "agent-stop_run_sweep",
    "order_id": "scenario-489-stop_run_sweep-agent-stop_run_sweep-29",
    "action": "new",
    "side": "buy",
    "price": 65649.44804999999,
    "quantity": 0.06,
    "remaining_quantity": 0.06
  }
]