[
  {
    "event_id": "7c1de384d19caabb80580a8cac6bf5c7469555773ab73cfb5cc7e1310b5aec98",
    "schema_version": "1.0.0",
    "event_type": "agent_order",
    "source": "synthetic_agent",
    "symbol": "BTCUSDT",
    "exchange": "binance_usdm",
    "timestamp": "2024-05-01T00:00:00Z",
    "sequence": 0,
    "scenario_id": "scenario-431-volatility_feedback",
    "agent_id": "agent-volatility_feedback",
    "order_id": "scenario-431-volatility_feedback-agent-volatility_feedback-0",
    "action": "new",
    "side": "buy",
    "price": 65496.43099999999,
    "quantity": 0.02,
    "remaining_quantity": 0.02
  },
  {
    "event_id": "87ea0f6a385fa8adc92a310dfd3573178866b8f02b1436ac740798fd0a6f6e12",
    "schema_version": "1.0.0",
    "event_type": "agent_order",
    "source": "synthetic_agent",
    "symbol": "BTCUSDT",
    "exchange": "binance_usdm",
    "timestamp": "2024-05-01T00:00:00.020000Z",
    "sequence": 1,
    "scenario_id": "scenario-431-volatility_feedback",
    "agent_id": "agent-volatility_feedback",
    "order_id": "scenario-431-volatility_feedback-agent-volatility_feedback-1",
    "action": "new",
    "side": "sell",
    "price": 65364.26038,
    "quantity": 0.03,
    "remaining_quantity": 0.03
  },
  {
    "event_id": "1c8646440a156411464565fde945bd4c00a4733a87a46e03eaeae909dc47e3ec",
    "schema_version": "1.0.0",
    "event_type": "agent_order",
    "source": "synthetic_agent",
    "symbol": "BTCUSDT",
    "exchange": "binance_usdm",
    "timestamp": "2024-05-01T00:00:00.040000Z",
    "sequence": 2,
    "scenario_id": "scenario-431-volatility_feedback",
    "agent_id": "agent-volatility_feedback",
    "order_id": "scenario-431-volatility_feedback-agent-volatility_feedback-2",
    "action": "new",
    "side": "buy",
    "price": 65499.04824,
    "quantity": 0.04,
    "remaining_quantity": 0.04
  },
  {
    "event_id": "e581efc99ea309024847ee5d683afc90bba19e9b92819e91cc0f759947c2c559",
    "schema_version": "1.0.0",
    "event_type": "agent_order",
    "source": "synthetic_agent",
    "symbol": "BTCUSDT",
    "exchange": "binance_usdm",
    "timestamp": "2024-05-01T00:00:00.060000Z",
    "sequence": 3,
    "scenario_id": "scenario-431-volatility_feedback",
    "agent_id": "agent-volatility_feedback",
    "order_id": "scenario-431-volatility_feedback-agent-volatility_feedback-3",
    "action": "new",
    "side": "sell",
    "price": 65361.64314,
    "quantity": 0.05,
    "remaining_quantity": 0.05
  },
  {
    "event_id": "5b4ce7e2796df40f57bb31fcf141cac1580b270c616f83db0b57b8ec0eacc2b8",
    "schema_version": "1.0.0",
    "event_type": "agent_order",
    "source": "synthetic_agent",
    "symbol": "BTCUSDT",
    "exchange": "binance_usdm",
    "timestamp": "2024-05-01T00:00:00.080000Z",
    "sequence": 4,
    "scenario_id": "scenario-431-volatility_feedback",
    "agent_id": "agent-volatility_feedback",
    "order_id": "scenario-431-volatility_feedback-agent-volatility_feedback-4",
    "action": "new",
    "side": "buy",
    "price": 65501.665479999996,
    "quantity": 0.02,
    "remaining_quantity": 0.02
  },
  {
    "event_id": "c5b5c7c4572d1228724f624d5c5c34e2fa98775b75967ef8e345ca4a4b896e7c",
    "schema_version": "1.0.0",
    "event_type": "agent_order",
    "source": "synthetic_agent",
    "symbol": "BTCUSDT",
    "exchange": "binance_usdm",
    "timestamp": "2024-05-01T00:00:00.100000Z",
    "sequence": 5,
    "scenario_id": "scenario-431-volatility_feedback",
    "agent_id": "agent-volatility_feedback",
    "order_id": "scenario-431-volatility_feedback-agent-volatility_feedback-5",
    "action": "new",
    "side": "sell",
    "price": 65359.0259,
    "quantity": 0.03,
    "remaining_quantity": 0.03
  },
  {
    "event_id": "925bd46afbd3948f22c54c2e415505b185f96fed0c8e67acb39b52dac3b4bd0c",
    "schema_version": "1.0.0",
    "event_type": "agent_order",
    "source": "synthetic_agent",
    "symbol": "BTCUSDT",
    "exchange": "binance_usdm",
    "timestamp": "2024-05-01T00:00:00.120000Z",
    "sequence": 6,
    "scenario_id": "scenario-431-volatility_feedback",
    "agent_id": "agent-volatility_feedback",
    "order_id": "scenario-431-volatility_feedback-agent-volatility_feedback-6",
    "action": "new",
    "side": "buy",
    "price": 65504.28272,
    "quantity": 0.04,
    "remaining_quantity": 0.04
  },
  {
    "event_id": "a4080dda1b192825303213d6fb2f8aab99b007af884cf1aec8678dbee8a9d273",
    "schema_version": "1.0.0",
    "event_type": "agent_order",
    "source": "synthetic_agent",
    "symbol": "BTCUSDT",
    "exchange": "binance_usdm",
    "timestamp": "2024-05-01T00:00:00.140000Z",
    "sequence": 7,
    "scenario_id": "scenario-431-volatility_feedback",
    "agent_id": "agent-volatility_feedback",
    "order_id": "scenario-431-volatility_feedback-agent-volatility_feedback-7",
    "action": "new",
    "side": "sell",
    "price": 65356.40866,
    "quantity": 0.05,
    "remaining_quantity": 0.05
  },
  {
    "event_id": "12a98bc8bc20cf60784bac3a7b40d50df1725bf83e25bd17d4c4b8f3cb606a64",
    "schema_version": "1.0.0",
    "event_type": "agent_order",
    "source": "synthetic_agent",
    "symbol": "BTCUSDT",
    "exchange": "binance_usdm",
    "timestamp": "2024-05-01T00:00:00.160000Z",
    "sequence": 8,
    "scenario_id": "scenario-431-volatility_feedback",
    "agent_id": "agent-volatility_feedback",
    "order_id": "scenario-431-volatility_feedback-agent-volatility_feedback-8",
    "action": "new",
    "side": "buy",
    "price": 65506.89996,
    "quantity": 0.02,
    "remaining_quantity": 0.02
  },
  {
    "event_id": "c2db120a60a81bb20d4983953b48c51511f86a3f95d2c155995af0f1f9b70d10",
    "schema_version": "1.0.0",
    "event_type": "agent_order",
    "source": "synthetic_agent",
    "symbol": "BTCUSDT",
    "exchange": "binance_usdm",
    "timestamp": "2024-05-01T00:00:00.180000Z",
    "sequence": 9,
    "scenario_id": "scenario-431-volatility_feedback",
    "agent_id": "agent-volatility_feedback",
    "order_id": "scenario-431-volatility_feedback-agent-volatility_feedback-9",
    "action": "new",
    "side": "sell",
    "price": 65353.79142,
    "quantity": 0.03,
    "remaining_quantity": 0.03
  },
  {
    "event_id": "99f7465ceb57fbed40628d9a1ed04e7634f8664892096873184eb20555d64d2c",
    "schema_version": "1.0.0",
    "event_type": "agent_order",
    "source": "synthetic_agent",
    "symbol": "BTCUSDT",
    "exchange": "binance_usdm",
    "timestamp": "2024-05-01T00:00:00.200000Z",
    "sequence": 10,
    "scenario_id": "scenario-431-volatility_feedback",
    "agent_id": "agent-volatility_feedback",
    "order_id": "scenario-431-volatility_feedback-agent-volatility_feedback-10",
    "action": "new",
    "side": "buy",
    "price": 65509.51720000001,
    "quantity": 0.04,
    "remaining_quantity": 0.04
  },
  {
    "event_id": "2a9a5e9990865e227932588b3f096ab342a2c205f99c42731c3fd589fbe1bf95",
    "schema_version": "1.0.0",
    "event_type": "agent_order",
    "source": "synthetic_agent",
    "symbol": "BTCUSDT",
    "exchange": "binance_usdm",
    "timestamp": "2024-05-01T00:00:00.220000Z",
    "sequence": 11,
    "scenario_id": "scenario-431-volatility_feedback",
    "agent_id": "agent-volatility_feedback",
    "order_id": "scenario-431-volatility_feedback-agent-volatility_feedback-11",
    "action": "new",
    "side": "sell",
    "price": 65351.17418,
    "quantity": 0.05,
    "remaining_quantity": 0.05
  },
  {
    "event_id": "de7d1eb897bb0bc66643b06057985bc3553312f941584fe123cebe4467ca8aeb",
    "schema_version": "1.0.0",
    "event_type": "agent_order",
    "source": "synthetic_agent",
    "symbol": "BTCUSDT",
    "exchange": "binance_usdm",
    "timestamp": "2024-05-01T00:00:00.240000Z",
    "sequence": 12,
    "scenario_id": "scenario-431-volatility_feedback",
    "agent_id": "agent-volatility_feedback",
    "order_id": "scenario-431-volatility_feedback-agent-volatility_feedback-12",
    "action": "new",
    "side": "buy",
    "price": 65512.134439999994,
    "quantity": 0.02,
    "remaining_quantity": 0.02
  },
  {
    "event_id": "7dee4a215ba2c9eade9c6a5f202cd35e7a5941a9b06fb13770f639a9428f0822",
    "schema_version": "1.0.0",
    "event_type": "agent_order",
    "source": "synthetic_agent",
    "symbol": "BTCUSDT",
    "exchange": "binance_usdm",
    "timestamp": "2024-05-01T00:00:00.260000Z",
    "sequence": 13,
    "scenario_id": "scenario-431-volatility_feedback",
    "agent_id": "agent-volatility_feedback",
    "order_id": "scenario-431-volatility_feedback-agent-volatility_feedback-13",
    "action": "new",
    "side": "sell",
    "price": 65348.556939999995,
    "quantity": 0.03,
    "remaining_quantity": 0.03
  },
  {
    "event_id": "8812f0cd51d0b4f046c7911b0985fbba42ebd9991190be8b63335a24c30499c1",
    "schema_version": "1.0.0",
    "event_type": "agent_order",
    "source": "synthetic_agent",
    "symbol": "BTCUSDT",
    "exchange": "binance_usdm",
    "timestamp": "2024-05-01T00:00:00.280000Z",
    "sequence": 14,
    "scenario_id": "scenario-431-volatility_feedback",
    "agent_id": "agent-volatility_feedback",
    "order_id": "scenario-431-volatility_feedback-agent-volatility_feedback-14",
    "action": "new",
    "side": "buy",
    "price": 65514.751679999994,
    "quantity": 0.04,
    "remaining_quantity": 0.04
  },
  {
    "event_id": "708593b0e3f14df1e74103893ffc9b6b15fa22ebd35e4ba4a03e59e84d39f36d",
    "schema_version": "1.0.0",
    "event_type": "agent_order",
    "source": "synthetic_agent",
    "symbol": "BTCUSDT",
    "exchange": "binance_usdm",
    "timestamp": "2024-05-01T00:00:00.300000Z",
    "sequence": 15,
    "scenario_id": "scenario-431-volatility_feedback",
    "agent_id": "agent-volatility_feedback",
    "order_id": "scenario-431-volatility_feedback-agent-volatility_feedback-15",
    "action": "new",
    "side": "sell",
    "price": 65345.9397,
    "quantity": 0.05,
    "remaining_quantity": 0.05
  },
  {
    "event_id": "daa8ef903d72f1cb129e13a18892caf6ae4822498e071790ffc404f1b1e930ac",
    "schema_version": "1.0.0",
    "event_type": "agent_order",
    "source": "synthetic_agent",
    "symbol": "BTCUSDT",
    "exchange": "binance_usdm",
    "timestamp": "2024-05-01T00:00:00.320000Z",
    "sequence": 16,
    "scenario_id": "scenario-431-volatility_feedback",
    "agent_id": "agent-volatility_feedback",
    "order_id": "scenario-431-volatility_feedback-agent-volatility_feedback-16",
    "action": "new",
    "side": "buy",
    "price": 65517.36892,
    "quantity": 0.02,
    "remaining_quantity": 0.02
  },
  {
    "event_id": "3a79441345f0b3544131f8d247552ed64dea36aaa6ebf5fd42b6a8a60539fa9f",
    "schema_version": "1.0.0",
    "event_type": "agent_order",
    "source": "synthetic_agent",
    "symbol": "BTCUSDT",
    "exchange": "binance_usdm",
    "timestamp": "2024-05-01T00:00:00.340000Z",
    "sequence": 17,
    "scenario_id": "scenario-431-volatility_feedback",
    "agent_id": "agent-volatility_feedback",
    "order_id": "scenario-431-volatility_feedback-agent-volatility_feedback-17",
    "action": "new",
    "side": "sell",
    "price": 65343.32246,
    "quantity": 0.03,
    "remaining_quantity": 0.03
  },
  {
    "event_id": "7d7148b61da8bd245782cf59807f9f363f157acceff3c1323fe8bee53d9e918a",
    "schema_version": "1.0.0",
    "event_type": "agent_order",
    "source": "synthetic_agent",
    "symbol": "BTCUSDT",
    "exchange": "binance_usdm",
    "timestamp": "2024-05-01T00:00:00.360000Z",
    "sequence": 18,
    "scenario_id": "scenario-431-volatility_feedback",
    "agent_id": "agent-volatility_feedback",
    "order_id": "scenario-431-volatility_feedback-agent-volatility_feedback-18",
    "action": "new",
    "side": "buy",
    "price": 65519.98616,
    "quantity": 0.04,
    "remaining_quantity": 0.04
  },
  {
    "event_id": "9edfd013685db9bfd92f3d3726bf0fcc8a89bdd76ba8d68986af296d25008e49",
    "schema_version": "1.0.0",
    "event_type": "agent_order",
    "source": "synthetic_agent",
    "symbol": "BTCUSDT",
    "exchange": "binance_usdm",
    "timestamp": "2024-05-01T00:00:00.380000Z",
    "sequence": 19,
    "scenario_id": "scenario-431-volatility_feedback",
    "agent_id": "agent-volatility_feedback",
    "order_id": "scenario-431-volatility_feedback-agent-volatility_feedback-19",
    "action": "new",
    "side": "sell",
    "price": 65340.705219999996,
    "quantity": 0.05,
    "remaining_quantity": 0.05
  },
  {
    "event_id": "943acb3138de21ecca46eb6c1f87791c40ce337494b7e510bb39b04c571e3722",
    "schema_version": "1.0.0",
    "event_type": "agent_order",
    "source": "synthetic_agent",
    "symbol": "BTCUSDT",
    "exchange": "binance_usdm",
    "timestamp": "2024-05-01T00:00:00.400000Z",
    "sequence": 20,
    "scenario_id": "scenario-431-volatility_feedback",
    "agent_id": "agent-volatility_feedback",
    "order_id": "scenario-431-volatility_feedback-agent-volatility_feedback-20",
    "action": "new",
    "side": "buy",
    "price": 65522.60340000001,
    "quantity": 0.02,
    "remaining_quantity": 0.02
  },
  {
    "event_id": "9217c3cbdcebf72963d7015010ad4b1f227ab7938573c0184a543dce30cccebb",
    "schema_version": "1.0.0",
    "event_type": "agent_order",
    "source": "synthetic_agent",
    "symbol": "BTCUSDT",
    "exchange": "binance_usdm",
    "timestamp": "2024-05-01T00:00:00.420000Z",
    "sequence": 21,
    "scenario_id": "scenario-431-volatility_feedback",
    "agent_id": "agent-volatility_feedback",
    "order_id": "scenario-431-volatility_feedback-agent-volatility_feedback-21",
    "action": "new",
    "side": "sell",
    "price": 65338.087980000004,
    "quantity": 0.03,
    "remaining_quantity": 0.03
  },
  {
    "event_id": "a0ce5fe58c5c686d808e98d041b971f385b6ca58e4cfde5696647c204e03819a",
    "schema_version": "1.0.0",
    "event_type": "agent_order",
    "source": "synthetic_agent",
    "symbol": "BTCUSDT",
    "exchange": "binance_usdm",
    "timestamp": "2024-05-01T00:00:00.440000Z",
    "sequence": 22,
    "scenario_id": "scenario-431-volatility_feedback",
    "agent_id": "agent-volatility_feedback",
    "order_id": "scenario-431-volatility_feedback-agent-volatility_feedback-22",
    "action": "new",
    "side": "buy",
    "price": 65525.22064000001,
    "quantity": 0.04,
    "remaining_quantity": 0.04
  },
  {
    "event_id": "63e9496b1d1099828b769a754f10f668cac4865a7b26e83041b960c030d67b91",
    "schema_version": "1.0.0",
    "event_type": "agent_order",
    "source": "synthetic_agent",
    "symbol": "BTCUSDT",
    "exchange": "binance_usdm",
    "timestamp": "2024-05-01T00:00:00.460000Z",
    "sequence": 23,
    "scenario_id": "scenario-431-volatility_feedback",
    "agent_id": "agent-volatility_feedback",
    "order_id": "scenario-431-volatility_feedback-agent-volatility_feedback-23",
    "action": "new",
    "side": "sell",
    "price": 65335.47074,
    "quantity": 0.05,
    "remaining_quantity": 0.05
  },
  {
    "event_id": "f9dd7acf012abefc685e2db42c2a095d5086ac359b1fad0060137d16e2a04aa6",
    "schema_version": "1.0.0",
    "event_type": "agent_order",
    "source": "synthetic_agent",
    "symbol": "BTCUSDT",
    "exchange": "binance_usdm",
    "timestamp": "2024-05-01T00:00:00.480000Z",
    "sequence": 24,
    "scenario_id": "scenario-431-volatility_feedback",
    "agent_id": "agent-volatility_feedback",
    "order_id": "scenario-431-volatility_feedback-agent-volatility_feedback-24",
    "action": "new",
    "side": "buy",
    "price": 65527.83787999999,
    "quantity": 0.02,
    "remaining_quantity": 0.02
  },
  {
    "event_id": "a3a9a457721bd53051c47ff82456d21f87a5217918594629265faf66a0aa84e8",
    "schema_version": "1.0.0",
    "event_type": "agent_order",
    "source": "synthetic_agent",
    "symbol": "BTCUSDT",
    "exchange": "binance_usdm",
    "timestamp": "2024-05-01T00:00:00.500000Z",
    "sequence": 25,
    "scenario_id": "scenario-431-volatility_feedback",
    "agent_id": "agent-volatility_feedback",
    "order_id": "scenario-431-volatility_feedback-agent-volatility_feedback-25",
    "action": "new",
    "side": "sell",
    "price": 65332.853500000005,
    "quantity": 0.03,
    "remaining_quantity": 0.03
  },
  {
    "event_id": "e6649ab05e08b56138633d7346e6986b630f39c96cb59a16033fbe8f6da43d72",
    "schema_version": "1.0.0",
    "event_type": "agent_order",
    "source": "synthetic_agent",
    "symbol": "BTCUSDT",
    "exchange": "binance_usdm",
    "timestamp": "2024-05-01T00:00:00.520000Z",
    "sequence": 26,
    "scenario_id": "scenario-431-volatility_feedback",
    "agent_id": "agent-volatility_feedback",
    "order_id": "scenario-431-volatility_feedback-agent-volatility_feedback-26",
    "action": "new",
    "side": "buy",
    "price": 65530.45512,
    "quantity": 0.04,
    "remaining_quantity": 0.04
  },
  {
    "event_id": "e6368520d106ac55b86bc10957a7a763573d1c7e8bc30d2900ba3cf14342ecd8",
    "schema_version": "1.0.0",
    "event_type": "agent_order",
    "source": "synthetic_agent",
    "symbol": "BTCUSDT",
    "exchange": "binance_usdm",
    "timestamp": "2024-05-01T00:00:00.540000Z",
    "sequence": 27,
    "scenario_id": "scenario-431-volatility_feedback",
    "agent_id": "agent-volatility_feedback",
    "order_id": "scenario-431-volatility_feedback-agent-volatility_feedback-27",
    "action": "new",
    "side": "sell",
    "price": 65330.23626,
    "quantity": 0.05,
    "remaining_quantity": 0.05
  },
  {
    "event_id": "1453970585e6a1dd0fcaa80dc958d6b0e7723e1bbe51df8d32d20fbcadfd002a",
    "schema_version": "1.0.0",
    "event_type": "agent_order",
    "source": "synthetic_agent",
    "symbol": "BTCUSDT",
    "exchange": "binance_usdm",
    "timestamp": "2024-05-01T00:00:00.560000Z",
    "sequence": 28,
    "scenario_id": "scenario-431-volatility_feedback",
    "agent_id": "agent-volatility_feedback",
    "order_id": "scenario-431-volatility_feedback-agent-volatility_feedback-28",
    "action": "new",
    "side": "buy",
    "price": 65533.07236,
    "quantity": 0.02,
    "remaining_quantity": 0.02
  },
  {
    "event_id": "155e5e79f16c908e2c607f3fe73c1c82612a0797c02d964245fe90284a7d71a6",
    "schema_version": "1.0.0",
    "event_type": "agent_order",
    "source": "synthetic_agent",
    "symbol": "BTCUSDT",
    "exchange": "binance_usdm",
    "timestamp": "2024-05-01T00:00:00.580000Z",
    "sequence": 29,
    "scenario_id": "scenario-431-volatility_feedback",
    "agent_id": "agent-volatility_feedback",
    "order_id": "scenario-431-volatility_feedback-agent-volatility_feedback-29",
    "action": "new",
    "side": "sell",
    "price": 65327.61902,
    "quantity": 0.03,
    "remaining_quantity": 0.03
  }
]