[
  {
    "event_id": "2b3b23a78a5fd6020a12f133800234e4d1cabe3134834cc43e9a2e39f8f849b5",
    "schema_version": "1.0.0",
    "event_type": "agent_order",
    "source": "synthetic_agent",
    "symbol": "BTCUSDT",
    "exchange": "binance_usdm",
    "timestamp": "2024-05-01T00:00:00Z",
    "sequence": 0,
    "scenario_id": "scenario-091-coordinated_burst",
    "agent_id": "agent-coordinated_burst-0",
    "order_id": "scenario-091-coordinated_burst-agent-coordinated_burst-0-0",
    "action": "new",
    "side": "buy",
    "price": 65104.0182,
    "quantity": 0.04,
    "remaining_quantity": 0.04
  },
  {
    "event_id": "d023115ab7a861b200206098d0b93321c01e1502cce790f96eb90f57a06d2ac3",
    "schema_version": "1.0.0",
    "event_type": "agent_order",
    "source": "synthetic_agent",
    "symbol": "BTCUSDT",
    "exchange": "binance_usdm",
    "timestamp": "2024-05-01T00:00:00.012000Z",
    "sequence": 1,
    "scenario_id": "scenario-091-coordinated_burst",
    "agent_id": "agent-coordinated_burst-1",
    "order_id": "scenario-091-coordinated_burst-agent-coordinated_burst-1-1",
    "action": "new",
    "side": "sell",
    "price": 65077.9818,
    "quantity": 0.04,
    "remaining_quantity": 0.04
  },
  {
    "event_id": "204a8fd828813646c3d5dc6df060d377c7442cb17c7041d56a9567ed7d2c8a45",
    "schema_version": "1.0.0",
    "event_type": "agent_order",
    "source": "synthetic_agent",
    "symbol": "BTCUSDT",
    "exchange": "binance_usdm",
    "timestamp": "2024-05-01T00:00:00.024000Z",
    "sequence": 2,
    "scenario_id": "scenario-091-coordinated_burst",
    "agent_id": "agent-coordinated_burst-2",
    "order_id": "scenario-091-coordinated_burst-agent-coordinated_burst-2-2",
    "action": "new",
    "side": "sell",
    "price": 65077.9818,
    "quantity": 0.04,
    "remaining_quantity": 0.04
  },
  {
    "event_id": "ff0d621cc3082887ea2e446121bf9f671564bb9c633386e17b2a70fe09697b17",
    "schema_version": "1.0.0",
    "event_type": "agent_order",
    "source": "synthetic_agent",
    "symbol": "BTCUSDT",
    "exchange": "binance_usdm",
    "timestamp": "2024-05-01T00:00:00.036000Z",
    "sequence": 3,
    "scenario_id": "scenario-091-coordinated_burst",
    "agent_id": "agent-coordinated_burst-0",
    "order_id": "scenario-091-coordinated_burst-agent-coordinated_burst-0-3",
    "action": "new",
    "side": "buy",
    "price": 65104.0182,
    "quantity": 0.04,
    "remaining_quantity": 0.04
  },
  {
    "event_id": "7939cfeb925a251ef4e144ed0b90cbb8219d42c0268f0b8969098c98345bb953",
    "schema_version": "1.0.0",
    "event_type": "agent_order",
    "source": "synthetic_agent",
    "symbol": "BTCUSDT",
    "exchange": "binance_usdm",
    "timestamp": "2024-05-01T00:00:00.048000Z",
    "sequence": 4,
    "scenario_id": "scenario-091-coordinated_burst",
    "agent_id": "agent-coordinated_burst-1",
    "order_id": "scenario-091-coordinated_burst-agent-coordinated_burst-1-4",
    "action": "new",
    "side": "sell",
    "price": 65077.9818,
    "quantity": 0.04,
    "remaining_quantity": 0.04
  },
  {
    "event_id": "86edfe7b1f9e6f9650e2e2231069171fe46f1a533e41d5fbe00469e70d255dad",
    "schema_version": "1.0.0",
    "event_type": "agent_order",
    "source": "synthetic_agent",
    "symbol": "BTCUSDT",
    "exchange": "binance_usdm",
    "timestamp": "2024-05-01T00:00:00.600000Z",
    "sequence": 5,
    "scenario_id": "scenario-091-coordinated_burst",
    "agent_id": "agent-coordinated_burst-2",
    "order_id": "scenario-091-coordinated_burst-agent-coordinated_burst-2-5",
    "action": "new",
    "side": "sell",
    "price": 65077.9818,
    "quantity": 0.04,
    "remaining_quantity": 0.04
  },
  {
    "event_id": "30b366aabf84bebe260dbf367fd203919e3822319b44062e1beff99dd9be7724",
    "schema_version": "1.0.0",
    "event_type": "agent_order",
    "source": "synthetic_agent",
    "symbol": "BTCUSDT",
    "exchange": "binance_usdm",
    "timestamp": "2024-05-01T00:00:00.072000Z",
    "sequence": 6,
    "scenario_id": "scenario-091-coordinated_burst",
    "agent_id": "agent-coordinated_burst-0",
    "order_id": "scenario-091-coordinated_burst-agent-coordinated_burst-0-6",
    "action": "new",
    "side": "buy",
    "price": 65104.0182,
    "quantity": 0.04,
    "remaining_quantity": 0.04
  },
  {
    "event_id": "83d16e2a393a939915074ebd07fb157859ab9f6a0a2d9e8f161b33227ddffb80",
    "schema_version": "1.0.0",
    "event_type": "agent_order",
    "source": "synthetic_agent",
    "symbol": "BTCUSDT",
    "exchange": "binance_usdm",
    "timestamp": "2024-05-01T00:00:00.084000Z",
    "sequence": 7,
    "scenario_id": "scenario-091-coordinated_burst",
    "agent_id": "agent-coordinated_burst-1",
    "order_id": "scenario-091-coordinated_burst-agent-coordinated_burst-1-7",
    "action": "new",
    "side": "sell",
    "price": 65077.9818,
    "quantity": 0.04,
    "remaining_quantity": 0.04
  },
  {
    "event_id": "70401dfd753db9a0a6293913a35eacbbbdd2b7b38931eb59987bfd78cc9a9915",
    "schema_version": "1.0.0",
    "event_type": "agent_order",
    "source": "synthetic_agent",
    "symbol": "BTCUSDT",
    "exchange": "binance_usdm",
    "timestamp": "2024-05-01T00:00:00.096000Z",
    "sequence": 8,
    "scenario_id": "scenario-091-coordinated_burst",
    "agent_id": "agent-coordinated_burst-2",
    "order_id": "scenario-091-coordinated_burst-agent-coordinated_burst-2-8",
    "action": "new",
    "side": "sell",
    "price": 65077.9818,
    "quantity": 0.04,
    "remaining_quantity": 0.04
  },
  {
    "event_id": "8d5b66ee39950841c89a0b42d679a08cf2004f5debe989a2d750edfca78516d1",
    "schema_version": "1.0.0",
    "event_type": "agent_order",
    "source": "synthetic_agent",
    "symbol": "BTCUSDT",
    "exchange": "binance_usdm",
    "timestamp": "2024-05-01T00:00:00.108000Z",
    "sequence": 9,
    "scenario_id": "scenario-091-coordinated_burst",
    "agent_id": "agent-coordinated_burst-0",
    "order_id": "scenario-091-coordinated_burst-agent-coordinated_burst-0-9",
    "action": "new",
    "side": "buy",
    "price": 65104.0182,
    "quantity": 0.04,
    "remaining_quantity": 0.04
  },
  {
    "event_id": "d1d14e99905305a87929e8f026056c7da22a11f5fe687e3d54d3210f97b1107c",
    "schema_version": "1.0.0",
    "event_type": "agent_order",
    "source": "synthetic_agent",
    "symbol": "BTCUSDT",
    "exchange": "binance_usdm",
    "timestamp": "2024-05-01T00:00:01.200000Z",
    "sequence": 10,
    "scenario_id": "scenario-091-coordinated_burst",
    "agent_id": "agent-coordinated_burst-1",
    "order_id": "scenario-091-coordinated_burst-agent-coordinated_burst-1-10",
    "action": "new",
    "side": "sell",
    "price": 65077.9818,
    "quantity": 0.04,
    "remaining_quantity": 0.04
  },
  {
    "event_id": "670b792d02c30cfd155f9ea09d677caaf7a1d1768e2ca3074a1b2e7350e846fd",
    "schema_version": "1.0.0",
    "event_type": "agent_order",
    "source": "synthetic_agent",
    "symbol": "BTCUSDT",
    "exchange": "binance_usdm",
    "timestamp": "2024-05-01T00:00:00.132000Z",
    "sequence": 11,
    "scenario_id": "scenario-091-coordinated_burst",
    "agent_id": "agent-coordinated_burst-2",
    "order_id": "scenario-091-coordinated_burst-agent-coordinated_burst-2-11",
    "action": "new",
    "side": "sell",
    "price": 65077.9818,
    "quantity": 0.04,
    "remaining_quantity": 0.04
  },
  {
    "event_id": "b102d2bc4aa4b858744ce40fd889da5e2de66ae8475b691182f4f22bf402a729",
    "schema_version": "1.0.0",
    "event_type": "agent_order",
    "source": "synthetic_agent",
    "symbol": "BTCUSDT",
    "exchange": "binance_usdm",
    "timestamp": "2024-05-01T00:00:00.144000Z",
    "sequence": 12,
    "scenario_id": "scenario-091-coordinated_burst",
    "agent_id": "agent-coordinated_burst-0",
    "order_id": "scenario-091-coordinated_burst-agent-coordinated_burst-0-12",
    "action": "new",
    "side": "buy",
    "price": 65104.0182,
    "quantity": 0.04,
    "remaining_quantity": 0.04
  },
  {
    "event_id": "5a0416c1537e3d24d5a71598fcb6089454ec72cbabf074e8a82c6923a38e3a16",
    "schema_version": "1.0.0",
    "event_type": "agent_order",
    "source": "synthetic_agent",
    "symbol": "BTCUSDT",
    "exchange": "binance_usdm",
    "timestamp": "2024-05-01T00:00:00.156000Z",
    "sequence": 13,
    "scenario_id": "scenario-091-coordinated_burst",
    "agent_id": "agent-coordinated_burst-1",
    "order_id": "scenario-091-coordinated_burst-agent-coordinated_burst-1-13",
    "action": "new",
    "side": "sell",
    "price": 65077.9818,
    "quantity": 0.04,
    "remaining_quantity": 0.04
  },
  {
    "event_id": "96a829ff7c48372307ec4ea5ca138e4353dc4b4f06371472f20f392f07400eea",
    "schema_version": "1.0.0",
    "event_type": "agent_order",
    "source": "synthetic_agent",
    "symbol": "BTCUSDT",
    "exchange": "binance_usdm",
    "timestamp": "2024-05-01T00:00:00.168000Z",
    "sequence": 14,
    "scenario_id": "scenario-091-coordinated_burst",
    "agent_id": "agent-coordinated_burst-2",
    "order_id": "scenario-091-coordinated_burst-agent-coordinated_burst-2-14",
    "action": "new",
    "side": "sell",
    "price": 65077.9818,
    "quantity": 0.04,
    "remaining_quantity": 0.04
  },
  {
    "event_id": "8db0eed34969876034ca7f745b4023436ca159ebff6c6b89e6d08648881ebfb2",
    "schema_version": "1.0.0",
    "event_type": "agent_order",
    "source": "synthetic_agent",
    "symbol": "BTCUSDT",
    "exchange": "binance_usdm",
    "timestamp": "2024-05-01T00:00:01.800000Z",
    "sequence": 15,
    "scenario_id": "scenario-091-coordinated_burst",
    "agent_id": "agent-coordinated_burst-0",
    "order_id": "scenario-091-coordinated_burst-agent-coordinated_burst-0-15",
    "action": "new",
    "side": "buy",
    "price": 65104.0182,
    "quantity": 0.04,
    "remaining_quantity": 0.04
  },
  {
    "event_id": "3260371f5020a0dfa7f9c6a12bbea099049cc0cf834dc68988beba08a46d5a59",
    "schema_version": "1.0.0",
    "event_type": "agent_order",
    "source": "synthetic_agent",
    "symbol": "BTCUSDT",
    "exchange": "binance_usdm",
    "timestamp": "2024-05-01T00:00:00.192000Z",
    "sequence": 16,
    "scenario_id": "scenario-091-coordinated_burst",
    "agent_id": "agent-coordinated_burst-1",
    "order_id": "scenario-091-coordinated_burst-agent-coordinated_burst-1-16",
    "action": "new",
    "side": "sell",
    "price": 65077.9818,
    "quantity": 0.04,
    "remaining_quantity": 0.04
  },
  {
    "event_id": "f6530abc40d759ad1201b00a84138d37bbe53bc276fd2e6733f8a1cca179c45a",
    "schema_version": "1.0.0",
    "event_type": "agent_order",
    "source": "synthetic_agent",
    "symbol": "BTCUSDT",
    "exchange": "binance_usdm",
    "timestamp": "2024-05-01T00:00:00.204000Z",
    "sequence": 17,
    "scenario_id": "scenario-091-coordinated_burst",
    "agent_id": "agent-coordinated_burst-2",
    "order_id": "scenario-091-coordinated_burst-agent-coordinated_burst-2-17",
    "action": "new",
    "side": "sell",
    "price": 65077.9818,
    "quantity": 0.04,
    "remaining_quantity": 0.04
  },
  {
    "event_id": "d396f3c834d8730c61676f7ee86cced5bb5687ee320a4f44ec2373440d15dd32",
    "schema_version": "1.0.0",
    "event_type": "agent_order",
    "source": "synthetic_agent",
    "symbol": "BTCUSDT",
    "exchange": "binance_usdm",
    "timestamp": "2024-05-01T00:00:00.216000Z",
    "sequence": 18,
    "scenario_id": "scenario-091-coordinated_burst",
    "agent_id": "agent-coordinated_burst-0",
    "order_id": "scenario-091-coordinated_burst-agent-coordinated_burst-0-18",
    "action": "new",
    "side": "buy",
    "price": 65104.0182,
    "quantity": 0.04,
    "remaining_quantity": 0.04
  },
  {
    "event_id": "b49868b334ac9d984913ea7268c998411bbf002836a915d54a24c3127210ed73",
    "schema_version": "1.0.0",
    "event_type": "agent_order",
    "source": "synthetic_agent",
    "symbol": "BTCUSDT",
    "exchange": "binance_usdm",
    "timestamp": "2024-05-01T00:00:00.228000Z",
    "sequence": 19,
    "scenario_id": "scenario-091-coordinated_burst",
    "agent_id": "agent-coordinated_burst-1",
    "order_id": "scenario-091-coordinated_burst-agent-coordinated_burst-1-19",
    "action": "new",
    "side": "sell",
    "price": 65077.9818,
    "quantity": 0.04,
    "remaining_quantity": 0.04
  },
  {
    "event_id": "97fd9503d62ca4c2d881e4de0c21197b855210807037a450090fa4a7006c7e64",
    "schema_version": "1.0.0",
    "event_type": "agent_order",
    "source": "synthetic_agent",
    "symbol": "BTCUSDT",
    "exchange": "binance_usdm",
    "timestamp": "2024-05-01T00:00:02.400000Z",
    "sequence": 20,
    "scenario_id": "scenario-091-coordinated_burst",
    "agent_id": "agent-coordinated_burst-2",
    "order_id": "scenario-091-coordinated_burst-agent-coordinated_burst-2-20",
    "action": "new",
    "side": "sell",
    "price": 65077.9818,
    "quantity": 0.04,
    "remaining_quantity": 0.04
  },
  {
    "event_id": "642d4104b84b36f9a7521456102ceaab7effd38932354a728391f5e98b4d2ecd",
    "schema_version": "1.0.0",
    "event_type": "agent_order",
    "source": "synthetic_agent",
    "symbol": "BTCUSDT",
    "exchange": "binance_usdm",
    "timestamp": "2024-05-01T00:00:00.252000Z",
    "sequence": 21,
    "scenario_id": "scenario-091-coordinated_burst",
    "agent_id": "agent-coordinated_burst-0",
    "order_id": "scenario-091-coordinated_burst-agent-coordinated_burst-0-21",
    "action": "new",
    "side": "buy",
    "price": 65104.0182,
    "quantity": 0.04,
    "remaining_quantity": 0.04
  },
  {
    "event_id": "e8a94ccc6565f79d55f71a09941d2a3880d4a2c1918b4573a05f8b9803ca254d",
    "schema_version": "1.0.0",
    "event_type": "agent_order",
    "source": "synthetic_agent",
    "symbol": "BTCUSDT",
    "exchange": "binance_usdm",
    "timestamp": "2024-05-01T00:00:00.264000Z",
    "sequence": 22,
    "scenario_id": "scenario-091-coordinated_burst",
    "agent_id": "agent-coordinated_burst-1",
    "order_id": "scenario-091-coordinated_burst-agent-coordinated_burst-1-22",
    "action": "new",
    "side": "sell",
    "price": 65077.9818,
    "quantity": 0.04,
    "remaining_quantity": 0.04
  },
  {
    "event_id": "083d97773975ab3696c9d789e856f83884208b287bfd6e8c6fe37a2028aec370",
    "schema_version": "1.0.0",
    "event_type": "agent_order",
    "source": "synthetic_agent",
    "symbol": "BTCUSDT",
    "exchange": "binance_usdm",
    "timestamp": "2024-05-01T00:00:00.276000Z",
    "sequence": 23,
    "scenario_id": "scenario-091-coordinated_burst",
    "agent_id": "agent-coordinated_burst-2",
    "order_id": "scenario-091-coordinated_burst-agent-coordinated_burst-2-23",
    "action": "new",
    "side": "sell",
    "price": 65077.9818,
    "quantity": 0.04,
    "remaining_quantity": 0.04
  },
  {
    "event_id": "6ecadca1ee57b35ae5465c445082cb22d2bac25c92d84993ba7b445faf342551",
    "schema_version": "1.0.0",
    "event_type": "agent_order",
    "source": "synthetic_agent",
    "symbol": "BTCUSDT",
    "exchange": "binance_usdm",
    "timestamp": "2024-05-01T00:00:00.288000Z",
    "sequence": 24,
    "scenario_id": "scenario-091-coordinated_burst",
    "agent_id": "agent-coordinated_burst-0",
    "order_id": "scenario-091-coordinated_burst-agent-coordinated_burst-0-24",
    "action": "new",
    "side": "buy",
    "price": 65104.0182,
    "quantity": 0.04,
    "remaining_quantity": 0.04
  },
  {
    "event_id": "6deaff020b5fcce1bd3fd0121fc470d5b9e2e7de1e23a278c3a11d119a4afade",
    "schema_version": "1.0.0",
    "event_type": "agent_order",
    "source": "synthetic_agent",
    "symbol": "BTCUSDT",
    "exchange": "binance_usdm",
    "timestamp": "2024-05-01T00:00:03Z",
    "sequence": 25,
    "scenario_id": "scenario-091-coordinated_burst",
    "agent_id": "agent-coordinated_burst-1",
    "order_id": "scenario-091-coordinated_burst-agent-coordinated_burst-1-25",
    "action": "new",
    "side": "sell",
    "price": 65077.9818,
    "quantity": 0.04,
    "remaining_quantity": 0.04
  },
  {
    "event_id": "2b5bf5f0c8482fa78b3c4f98e4872563fa9bcc74c8744fdbc15236b4175a8ce0",
    "schema_version": "1.0.0",
    "event_type": "agent_order",
    "source": "synthetic_agent",
    "symbol": "BTCUSDT",
    "exchange": "binance_usdm",
    "timestamp": "2024-05-01T00:00:00.312000Z",
    "sequence": 26,
    "scenario_id": "scenario-091-coordinated_burst",
    "agent_id": "agent-coordinated_burst-2",
    "order_id": "scenario-091-coordinated_burst-agent-coordinated_burst-2-26",
    "action": "new",
    "side": "sell",
    "price": 65077.9818,
    "quantity": 0.04,
    "remaining_quantity": 0.04
  },
  {
    "event_id": "e4e1f42c38f4ae689f367634359ad68edb391654988f695e37a70739f7b7d095",
    "schema_version": "1.0.0",
    "event_type": "agent_order",
    "source": "synthetic_agent",
    "symbol": "BTCUSDT",
    "exchange": "binance_usdm",
    "timestamp": "2024-05-01T00:00:00.324000Z",
    "sequence": 27,
    "scenario_id": "scenario-091-coordinated_burst",
    "agent_id": "agent-coordinated_burst-0",
    "order_id": "scenario-091-coordinated_burst-agent-coordinated_burst-0-27",
    "action": "new",
    "side": "buy",
    "price": 65104.0182,
    "quantity": 0.04,
    "remaining_quantity": 0.04
  },
  {
    "event_id": "c9113757a1639226b9aff999b9eac308ccff056757c591d9deae73717cc28e72",
    "schema_version": "1.0.0",
    "event_type": "agent_order",
    "source": "synthetic_agent",
    "symbol": "BTCUSDT",
    "exchange": "binance_usdm",
    "timestamp": "2024-05-01T00:00:00.336000Z",
    "sequence": 28,
    "scenario_id": "scenario-091-coordinated_burst",
    "agent_id": "agent-coordinated_burst-1",
    "order_id": "scenario-091-coordinated_burst-agent-coordinated_burst-1-28",
    "action": "new",
    "side": "sell",
    "price": 65077.9818,
    "quantity": 0.04,
    "remaining_quantity": 0.04
  },
  {
    "event_id": "918a1e53733319ce9aa423ce4a13414107789e06536efde06f48cd4445836938",
    "schema_version": "1.0.0",
    "event_type": "agent_order",
    "source": "synthetic_agent",
    "symbol": "BTCUSDT",
    "exchange": "binance_usdm",
    "timestamp": "2024-05-01T00:00:00.348000Z",
    "sequence": 29,
    "scenario_id": "scenario-091-coordinated_burst",
    "agent_id": "agent-coordinated_burst-2",
    "order_id": "scenario-091-coordinated_burst-agent-coordinated_burst-2-29",
    "action": "new",
    "side": "sell",
    "price": 65077.9818,
    "quantity": 0.04,
    "remaining_quantity": 0.04
  }
]