[
  {
    "event_id": "64926283ad44f95435e3b00710a718ffb89712ff19e76bb3635620da65618117",
    "schema_version": "1.0.0",
    "event_type": "agent_order",
    "source": "synthetic_agent",
    "symbol": "BTCUSDT",
    "exchange": "binance_usdm",
    "timestamp": "2024-05-01T00:00:00Z",
    "sequence": 0,
    "scenario_id": "scenario-269-momentum_ignition",
    "agent_id": "agent-momentum_ignition",
    "order_id": "scenario-269-momentum_ignition-agent-momentum_ignition-0",
    "action": "new",
    "side": "buy",
    "price": 65334.26899999999,
    "quantity": 0.08,
    "remaining_quantity": 0.08
  },
  {
    "event_id": "210aa270a18572e133f8428134469dee8440a6bf112a11f93c6a52abe8368d4d",
    "schema_version": "1.0.0",
    "event_type": "agent_order",
    "source": "synthetic_agent",
    "symbol": "BTCUSDT",
    "exchange": "binance_usdm",
    "timestamp": "2024-05-01T00:00:00.080000Z",
    "sequence": 1,
    "scenario_id": "scenario-269-momentum_ignition",
    "agent_id": "agent-momentum_ignition",
    "order_id": "scenario-269-momentum_ignition-agent-momentum_ignition-1",
    "action": "new",
    "side": "buy",
    "price": 65335.574379999984,
    "quantity": 0.08,
    "remaining_quantity": 0.08
  },
  {
    "event_id": "cc7944c9d29d0b4092c38dddaf90950df5d88d522a75f3007be96533042bfd0c",
    "schema_version": "1.0.0",
    "event_type": "agent_order",
    "source": "synthetic_agent",
    "symbol": "BTCUSDT",
    "exchange": "binance_usdm",
    "timestamp": "2024-05-01T00:00:00.160000Z",
    "sequence": 2,
    "scenario_id": "scenario-269-momentum_ignition",
    "agent_id": "agent-momentum_ignition",
    "order_id": "scenario-269-momentum_ignition-agent-momentum_ignition-2",
    "action": "new",
    "side": "buy",
    "price": 65336.879759999996,
    "quantity": 0.08,
    "remaining_quantity": 0.08
  },
  {
    "event_id": "e0f16b1d67c8889549f4bf423f3edeeb763cdeff916eb4b1a762d03ddd3609c6",
    "schema_version": "1.0.0",
    "event_type": "agent_order",
    "source": "synthetic_agent",
    "symbol": "BTCUSDT",
    "exchange": "binance_usdm",
    "timestamp": "2024-05-01T00:00:00.240000Z",
    "sequence": 3,
    "scenario_id": "scenario-269-momentum_ignition",
    "agent_id": "agent-momentum_ignition",
    "order_id": "scenario-269-momentum_ignition-agent-momentum_ignition-3",
    "action": "new",
    "side": "buy",
    "price": 65338.18513999999,
    "quantity": 0.08,
    "remaining_quantity": 0.08
  },
  {
    "event_id": "2a391494f2846df6b63f926231b8137517228f7213a06c9d681f4d11cc6121eb",
    "schema_version": "1.0.0",
    "event_type": "agent_order",
    "source": "synthetic_agent",
    "symbol": "BTCUSDT",
    "exchange": "binance_usdm",
    "timestamp": "2024-05-01T00:00:00.320000Z",
    "sequence": 4,
    "scenario_id": "scenario-269-momentum_ignition",
    "agent_id": "agent-momentum_ignition",
    "order_id": "scenario-269-momentum_ignition-agent-momentum_ignition-4",
    "action": "new",
    "side": "buy",
    "price": 65339.49052,
    "quantity": 0.08,
    "remaining_quantity": 0.08
  },
  {
    "event_id": "5bd06a0e3c9f2ed75f8f6734a6afc765c0a6022a91bcf60bce1778c357bd4f33",
    "schema_version": "1.0.0",
    "event_type": "agent_order",
    "source": "synthetic_agent",
    "symbol": "BTCUSDT",
    "exchange": "binance_usdm",
    "timestamp": "2024-05-01T00:00:00.400000Z",
    "sequence": 5,
    "scenario_id": "scenario-269-momentum_ignition",
    "agent_id": "agent-momentum_ignition",
    "order_id": "scenario-269-momentum_ignition-agent-momentum_ignition-5",
    "action": "new",
    "side": "buy",
    "price": 65340.79589999999,
    "quantity": 0.08,
    "remaining_quantity": 0.08
  },
  {
    "event_id": "16cce29766608e5ff0fe338a96d96c6cfc338064910a5ce5a98478cfe5448060",
    "schema_version": "1.0.0",
    "event_type": "agent_order",
    "source": "synthetic_agent",
    "symbol": "BTCUSDT",
    "exchange": "binance_usdm",
    "timestamp": "2024-05-01T00:00:00.480000Z",
    "sequence": 6,
    "scenario_id": "scenario-269-momentum_ignition",
    "agent_id": "agent-momentum_ignition",
    "order_id": "scenario-269-momentum_ignition-agent-momentum_ignition-6",
    "action": "new",
    "side": "buy",
    "price": 65342.10127999999,
    "quantity": 0.08,
    "remaining_quantity": 0.08
  },
  {
    "event_id": "d648cac8f9f4076bcbbe4d8072e03f91c491a83d69daf5118ff8b0670e14c8a7",
    "schema_version": "1.0.0",
    "event_type": "agent_order",
    "source": "synthetic_agent",
    "symbol": "BTCUSDT",
    "exchange": "binance_usdm",
    "timestamp": "2024-05-01T00:00:00.560000Z",
    "sequence": 7,
    "scenario_id": "scenario-269-momentum_ignition",
    "agent_id": "agent-momentum_ignition",
    "order_id": "scenario-269-momentum_ignition-agent-momentum_ignition-7",
    "action": "new",
    "side": "buy",
    "price": 65343.40665999999,
    "quantity": 0.08,
    "remaining_quantity": 0.08
  },
  {
    "event_id": "5b95fff31e7239480e02d85758dc2e9400cb4dfd495b20b28d53e5445116e2bb",
    "schema_version": "1.0.0",
    "event_type": "agent_order",
    "source": "synthetic_agent",
    "symbol": "BTCUSDT",
    "exchange": "binance_usdm",
    "timestamp": "2024-05-01T00:00:00.640000Z",
    "sequence": 8,
    "scenario_id": "scenario-269-momentum_ignition",
    "agent_id": "agent-momentum_ignition",
    "order_id": "scenario-269-momentum_ignition-agent-momentum_ignition-8",
    "action": "new",
    "side": "buy",
    "price": 65344.71203999999,
    "quantity": 0.08,
    "remaining_quantity": 0.08
  },
  {
    "event_id": "d7c49d8c6af6adc8600aecbf711b2bd0c773374a981a218065ef30795cd741b4",
    "schema_version": "1.0.0",
    "event_type": "agent_order",
    "source": "synthetic_agent",
    "symbol": "BTCUSDT",
    "exchange": "binance_usdm",
    "timestamp": "2024-05-01T00:00:00.720000Z",
    "sequence": 9,
    "scenario_id": "scenario-269-momentum_ignition",
    "agent_id": "agent-momentum_ignition",
    "order_id": "scenario-269-momentum_ignition-agent-momentum_ignition-9",
    "action": "new",
    "side": "buy",
    "price": 65346.01742,
    "quantity": 0.08,
    "remaining_quantity": 0.08
  },
  {
    "event_id": "9d0e3d132734bb967f01b4ab893269909cc948229570d9d6a7f54a9ee953bfc1",
    "schema_version": "1.0.0",
    "event_type": "agent_order",
    "source": "synthetic_agent",
    "symbol": "BTCUSDT",
    "exchange": "binance_usdm",
    "timestamp": "2024-05-01T00:00:00.800000Z",
    "sequence": 10,
    "scenario_id": "scenario-269-momentum_ignition",
    "agent_id": "agent-momentum_ignition",
    "order_id": "scenario-269-momentum_ignition-agent-momentum_ignition-10",
    "action": "new",
    "side": "buy",
    "price": 65347.322799999994,
    "quantity": 0.08,
    "remaining_quantity": 0.08
  },
  {
    "event_id": "b7c6d991c0d95a56f365b3842f50faf0922850518f12bd0698c44441f7d9ae78",
    "schema_version": "1.0.0",
    "event_type": "agent_order",
    "source": "synthetic_agent",
    "symbol": "BTCUSDT",
    "exchange": "binance_usdm",
    "timestamp": "2024-05-01T00:00:00.880000Z",
    "sequence": 11,
    "scenario_id": "scenario-269-momentum_ignition",
    "agent_id": "agent-momentum_ignition",
    "order_id": "scenario-269-momentum_ignition-agent-momentum_ignition-11",
    "action": "new",
    "side": "buy",
    "price": 65348.62818,
    "quantity": 0.08,
    "remaining_quantity": 0.08
  },
  {
    "event_id": "e8f2675cd77dfd719e05bae98a4f17a4d52c9a88f0360059b30584012490f4ef",
    "schema_version": "1.0.0",
    "event_type": "agent_order",
    "source": "synthetic_agent",
    "symbol": "BTCUSDT",
    "exchange": "binance_usdm",
    "timestamp": "2024-05-01T00:00:00.960000Z",
    "sequence": 12,
    "scenario_id": "scenario-269-momentum_ignition",
    "agent_id": "agent-momentum_ignition",
    "order_id": "scenario-269-momentum_ignition-agent-momentum_ignition-12",
    "action": "new",
    "side": "buy",
    "price": 65349.93355999999,
    "quantity": 0.08,
    "remaining_quantity": 0.08
  },
  {
    "event_id": "664db2bdf34935eec82129e36e1f4113581fa89b3c795af59b5656e791ca7015",
    "schema_version": "1.0.0",
    "event_type": "agent_order",
    "source": "synthetic_agent",
    "symbol": "BTCUSDT",
    "exchange": "binance_usdm",
    "timestamp": "2024-05-01T00:00:01.040000Z",
    "sequence": 13,
    "scenario_id": "scenario-269-momentum_ignition",
    "agent_id": "agent-momentum_ignition",
    "order_id": "scenario-269-momentum_ignition-agent-momentum_ignition-13",
    "action": "new",
    "side": "buy",
    "price": 65351.23893999999,
    "quantity": 0.08,
    "remaining_quantity": 0.08
  },
  {
    "event_id": "b773f6accbe54b09d88310059ed644550a427a294f0906dd79e1e4e4cc6502da",
    "schema_version": "1.0.0",
    "event_type": "agent_order",
    "source": "synthetic_agent",
    "symbol": "BTCUSDT",
    "exchange": "binance_usdm",
    "timestamp": "2024-05-01T00:00:01.120000Z",
    "sequence": 14,
    "scenario_id": "scenario-269-momentum_ignition",
    "agent_id": "agent-momentum_ignition",
    "order_id": "scenario-269-momentum_ignition-agent-momentum_ignition-14",
    "action": "new",
    "side": "buy",
    "price": 65352.54431999999,
    "quantity": 0.08,
    "remaining_quantity": 0.08
  },
  {
    "event_id": "6d4fe86988c661e54c4ae78088abb9aec5e4d43d47a328121d41630ba9dde67a",
    "schema_version": "1.0.0",
    "event_type": "agent_order",
    "source": "synthetic_agent",
    "symbol": "BTCUSDT",
    "exchange": "binance_usdm",
    "timestamp": "2024-05-01T00:00:01.200000Z",
    "sequence": 15,
    "scenario_id": "scenario-269-momentum_ignition",
    "agent_id": "agent-momentum_ignition",
    "order_id": "scenario-269-momentum_ignition-agent-momentum_ignition-15",
    "action": "new",
    "side": "buy",
    "price": 65353.84969999999,
    "quantity": 0.08,
    "remaining_quantity": 0.08
  },
  {
    "event_id": "0b864ea4bd18202663968a0bf109a4381cdbc41f3d26c7b6eab63e0cb77b8282",
    "schema_version": "1.0.0",
    "event_type": "agent_order",
    "source": "synthetic_agent",
    "symbol": "BTCUSDT",
    "exchange": "binance_usdm",
    "timestamp": "2024-05-01T00:00:01.280000Z",
    "sequence": 16,
    "scenario_id": "scenario-269-momentum_ignition",
    "agent_id": "agent-momentum_ignition",
    "order_id": "scenario-269-momentum_ignition-agent-momentum_ignition-16",
    "action": "new",
    "side": "buy",
    "price": 65355.15508,
    "quantity": 0.08,
    "remaining_quantity": 0.08
  },
  {
    "event_id": "e5a2758c795e71ef8cd3d7996f31f5d850acd23d3d548844348ff3d88b6616c2",
    "schema_version": "1.0.0",
    "event_type": "agent_order",
    "source": "synthetic_agent",
    "symbol": "BTCUSDT",
    "exchange": "binance_usdm",
    "timestamp": "2024-05-01T00:00:01.360000Z",
    "sequence": 17,
    "scenario_id": "scenario-269-momentum_ignition",
    "agent_id": "agent-momentum_ignition",
    "order_id": "scenario-269-momentum_ignition-agent-momentum_ignition-17",
    "action": "new",
    "side": "buy",
    "price": 65356.460459999995,
    "quantity": 0.08,
    "remaining_quantity": 0.08
  },
  {
    "event_id": "fa905bc1e181c325add2e10f8e9d3ee86dcd6757499fd05d2b7b956e71ef8037",
    "schema_version": "1.0.0",
    "event_type": "agent_order",
    "source": "synthetic_agent",
    "symbol": "BTCUSDT",
    "exchange": "binance_usdm",
    "timestamp": "2024-05-01T00:00:01.440000Z",
    "sequence": 18,
    "scenario_id": "scenario-269-momentum_ignition",
    "agent_id": "agent-momentum_ignition",
    "order_id": "scenario-269-momentum_ignition-agent-momentum_ignition-18",
    "action": "new",
    "side": "buy",
    "price": 65357.765839999985,
    "quantity": 0.08,
    "remaining_quantity": 0.08
  },
  {
    "event_id": "0380a07c98eb93eeb65e41782f59ccfbee8084346df66c467e5a86af69e62cd5",
    "schema_version": "1.0.0",
    "event_type": "agent_order",
    "source": "synthetic_agent",
    "symbol": "BTCUSDT",
    "exchange": "binance_usdm",
    "timestamp": "2024-05-01T00:00:01.520000Z",
    "sequence": 19,
    "scenario_id": "scenario-269-momentum_ignition",
    "agent_id": "agent-momentum_ignition",
    "order_id": "scenario-269-momentum_ignition-agent-momentum_ignition-19",
    "action": "new",
    "side": "buy",
    "price": 65359.07122,
    "quantity": 0.08,
    "remaining_quantity": 0.08
  },
  {
    "event_id": "1fe057cd4785957161a513529849426312cfb2e255f3ad0cd8f16ca7b9e28519",
    "schema_version": "1.0.0",
    "event_type": "agent_order",
    "source": "synthetic_agent",
    "symbol": "BTCUSDT",
    "exchange": "binance_usdm",
    "timestamp": "2024-05-01T00:00:01.600000Z",
    "sequence": 20,
    "scenario_id": "scenario-269-momentum_ignition",
    "agent_id": "agent-momentum_ignition",
    "order_id": "scenario-269-momentum_ignition-agent-momentum_ignition-20",
    "action": "new",
    "side": "buy",
    "price": 65360.37659999999,
    "quantity": 0.08,
    "remaining_quantity": 0.08
  },
  {
    "event_id": "576181aa7cddcb0da0f7db6d33665cef2df5c4c2e94c0066bf90cafe6d04d8bf",
    "schema_version": "1.0.0",
    "event_type": "agent_order",
    "source": "synthetic_agent",
    "symbol": "BTCUSDT",
    "exchange": "binance_usdm",
    "timestamp": "2024-05-01T00:00:01.680000Z",
    "sequence": 21,
    "scenario_id": "scenario-269-momentum_ignition",
    "agent_id": "agent-momentum_ignition",
    "order_id": "scenario-269-momentum_ignition-agent-momentum_ignition-21",
    "action": "new",
    "side": "buy",
    "price": 65361.68198,
    "quantity": 0.08,
    "remaining_quantity": 0.08
  },
  {
    "event_id": "1c08a8cfad50a13c5b58746ce10aac6954d08c9205551421e27c4a649fea8328",
    "schema_version": "1.0.0",
    "event_type": "agent_order",
    "source": "synthetic_agent",
    "symbol": "BTCUSDT",
    "exchange": "binance_usdm",
    "timestamp": "2024-05-01T00:00:01.760000Z",
    "sequence": 22,
    "scenario_id": "scenario-269-momentum_ignition",
    "agent_id": "agent-momentum_ignition",
    "order_id": "scenario-269-momentum_ignition-agent-momentum_ignition-22",
    "action": "new",
    "side": "buy",
    "price": 65362.98735999999,
    "quantity": 0.08,
    "remaining_quantity": 0.08
  },
  {
    "event_id": "4b097488a305b005eba07792b31d5c13a8cdb880593a669b9aa3ad5ad6e1e569",
    "schema_version": "1.0.0",
    "event_type": "agent_order",
    "source": "synthetic_agent",
    "symbol": "BTCUSDT",
    "exchange": "binance_usdm",
    "timestamp": "2024-05-01T00:00:01.840000Z",
    "sequence": 23,
    "scenario_id": "scenario-269-momentum_ignition",
    "agent_id": "agent-momentum_ignition",
    "order_id": "scenario-269-momentum_ignition-agent-momentum_ignition-23",
    "action": "new",
    "side": "buy",
    "price": 65364.29273999999,
    "quantity": 0.08,
    "remaining_quantity": 0.08
  },
  {
    "event_id": "05c6b089d8f91114ee0ff6a996e0d9302d130d465e350132ff26232be48f7ecb",
    "schema_version": "1.0.0",
    "event_type": "agent_order",
    "source": "synthetic_agent",
    "symbol": "BTCUSDT",
    "exchange": "binance_usdm",
    "timestamp": "2024-05-01T00:00:01.920000Z",
    "sequence": 24,
    "scenario_id": "scenario-269-momentum_ignition",
    "agent_id": "agent-momentum_ignition",
    "order_id": "scenario-269-momentum_ignition-agent-momentum_ignition-24",
    "action": "new",
    "side": "buy",
    "price": 65365.598119999995,
    "quantity": 0.08,
    "remaining_quantity": 0.08
  },
  {
    "event_id": "5b7a3b78436c15f84606631f1afd74606dcdd5e26e0c5bb9388f18e476ef624c",
    "schema_version": "1.0.0",
    "event_type": "agent_order",
    "source": "synthetic_agent",
    "symbol": "BTCUSDT",
    "exchange": "binance_usdm",
    "timestamp": "2024-05-01T00:00:02Z",
    "sequence": 25,
    "scenario_id": "scenario-269-momentum_ignition",
    "agent_id": "agent-momentum_ignition",
    "order_id": "scenario-269-momentum_ignition-agent-momentum_ignition-25",
    "action": "new",
    "side": "buy",
    "price": 65366.903499999986,
    "quantity": 0.08,
    "remaining_quantity": 0.08
  },
  {
    "event_id": "d5ae0b1a4709bf625b5406a3c05b02a14dd25f15e3f2f7fb133ec8a8f543ecda",
    "schema_version": "1.0.0",
    "event_type": "agent_order",
    "source": "synthetic_agent",
    "symbol": "BTCUSDT",
    "exchange": "binance_usdm",
    "timestamp": "2024-05-01T00:00:02.080000Z",
    "sequence": 26,
    "scenario_id": "scenario-269-momentum_ignition",
    "agent_id": "agent-momentum_ignition",
    "order_id": "scenario-269-momentum_ignition-agent-momentum_ignition-26",
    "action": "new",
    "side": "buy",
    "price": 65368.20888,
    "quantity": 0.08,
    "remaining_quantity": 0.08
  },
  {
    "event_id": "351d4eca4791e91e299716f26acc0e8cb4f6f8f27ad32ff00360a4ec210006ad",
    "schema_version": "1.0.0",
    "event_type": "agent_order",
    "source": "synthetic_agent",
    "symbol": "BTCUSDT",
    "exchange": "binance_usdm",
    "timestamp": "2024-05-01T00:00:02.160000Z",
    "sequence": 27,
    "scenario_id": "scenario-269-momentum_ignition",
    "agent_id": "agent-momentum_ignition",
    "order_id": "scenario-269-momentum_ignition-agent-momentum_ignition-27",
    "action": "new",
    "side": "buy",
    "price": 65369.51425999999,
    "quantity": 0.08,
    "remaining_quantity": 0.08
  },
  {
    "event_id": "0fb7fdeecce643a3b7647081d33269d53219704274ed177dcc8885d80ef278b0",
    "schema_version": "1.0.0",
    "event_type": "agent_order",
    "source": "synthetic_agent",
    "symbol": "BTCUSDT",
    "exchange": "binance_usdm",
    "timestamp": "2024-05-01T00:00:02.240000Z",
    "sequence": 28,
    "scenario_id": "scenario-269-momentum_ignition",
    "agent_id": "agent-momentum_ignition",
    "order_id": "scenario-269-momentum_ignition-agent-momentum_ignition-28",
    "action": "new",
    "side": "buy",
    "price": 65370.81963999999,
    "quantity": 0.08,
    "remaining_quantity": 0.08
  },
  {
    "event_id": "0026e5a528bed9d696ee6e43ed4d075647d13392342959b144f5933119de9e2c",
    "schema_version": "1.0.0",
    "event_type": "agent_order",
    "source": "synthetic_agent",
    "symbol": "BTCUSDT",
    "exchange": "binance_usdm",
    "timestamp": "2024-05-01T00:00:02.320000Z",
    "sequence": 29,
    "scenario_id": "scenario-269-momentum_ignition",
    "agent_id": "agent-momentum_ignition",
    "order_id": "scenario-269-momentum_ignition-agent-momentum_ignition-29",
    "action": "new",
    "side": "buy",
    "price": 65372.12501999999,
    "quantity": 0.08,
    "remaining_quantity": 0.08
  }
]