[
  {
    "event_id": "76d9feccefee52dc5449405d248c8133fa44c1c2aa66d52410a4816d34da664b",
    "schema_version": "1.0.0",
    "event_type": "agent_order",
    "source": "synthetic_agent",
    "symbol": "BTCUSDT",
    "exchange": "binance_usdm",
    "timestamp": "2024-05-01T00:00:00Z",
    "sequence": 0,
    "scenario_id": "scenario-151-coordinated_burst",
    "agent_id": "agent-coordinated_burst-0",
    "order_id": "scenario-151-coordinated_burst-agent-coordinated_burst-0-0",
    "action": "new",
    "side": "buy",
    "price": 65164.0302,
    "quantity": 0.04,
    "remaining_quantity": 0.04
  },
  {
    "event_id": "9d1334192e0c0fbc8cfae49d53ba45c66660d3100074ab134cd2fffba58c9db3",
    "schema_version": "1.0.0",
    "event_type": "agent_order",
    "source": "synthetic_agent",
    "symbol": "BTCUSDT",
    "exchange": "binance_usdm",
    "timestamp": "2024-05-01T00:00:00.012000Z",
    "sequence": 1,
    "scenario_id": "scenario-151-coordinated_burst",
    "agent_id": "agent-coordinated_burst-1",
    "order_id": "scenario-151-coordinated_burst-agent-coordinated_burst-1-1",
    "action": "new",
    "side": "sell",
    "price": 65137.9698,
    "quantity": 0.04,
    "remaining_quantity": 0.04
  },
  {
    "event_id": "b12708445d89782783add29055c83c89047f13ea07f67d616cbf67c3f5677e0e",
    "schema_version": "1.0.0",
    "event_type": "agent_order",
    "source": "synthetic_agent",
    "symbol": "BTCUSDT",
    "exchange": "binance_usdm",
    "timestamp": "2024-05-01T00:00:00.024000Z",
    "sequence": 2,
    "scenario_id": "scenario-151-coordinated_burst",
    "agent_id": "agent-coordinated_burst-2",
    "order_id": "scenario-151-coordinated_burst-agent-coordinated_burst-2-2",
    "action": "new",
    "side": "sell",
    "price": 65137.9698,
    "quantity": 0.04,
    "remaining_quantity": 0.04
  },
  {
    "event_id": "34e3e52b37931380f030b18f8620147ee6c0a9ba1c58cbd805fcd337f0e3a0e4",
    "schema_version": "1.0.0",
    "event_type": "agent_order",
    "source": "synthetic_agent",
    "symbol": "BTCUSDT",
    "exchange": "binance_usdm",
    "timestamp": "2024-05-01T00:00:00.036000Z",
    "sequence": 3,
    "scenario_id": "scenario-151-coordinated_burst",
    "agent_id": "agent-coordinated_burst-0",
    "order_id": "scenario-151-coordinated_burst-agent-coordinated_burst-0-3",
    "action": "new",
    "side": "buy",
    "price": 65164.0302,
    "quantity": 0.04,
    "remaining_quantity": 0.04
  },
  {
    "event_id": "ae6efea21a4a98290e7662bee7be5fc491158c291b6dff32c2180d4ed4a7137c",
    "schema_version": "1.0.0",
    "event_type": "agent_order",
    "source": "synthetic_agent",
    "symbol": "BTCUSDT",
    "exchange": "binance_usdm",
    "timestamp": "2024-05-01T00:00:00.048000Z",
    "sequence": 4,
    "scenario_id": "scenario-151-coordinated_burst",
    "agent_id": "agent-coordinated_burst-1",
    "order_id": "scenario-151-coordinated_burst-agent-coordinated_burst-1-4",
    "action": "new",
    "side": "sell",
    "price": 65137.9698,
    "quantity": 0.04,
    "remaining_quantity": 0.04
  },
  {
    "event_id": "a093f2d3829c3567c9f092f5572cca1a75bdf5b82a48f8b8282e4544fcd63ad8",
    "schema_version": "1.0.0",
    "event_type": "agent_order",
    "source": "synthetic_agent",
    "symbol": "BTCUSDT",
    "exchange": "binance_usdm",
    "timestamp": "2024-05-01T00:00:00.600000Z",
    "sequence": 5,
    "scenario_id": "scenario-151-coordinated_burst",
    "agent_id": "agent-coordinated_burst-2",
    "order_id": "scenario-151-coordinated_burst-agent-coordinated_burst-2-5",
    "action": "new",
    "side": "sell",
    "price": 65137.9698,
    "quantity": 0.04,
    "remaining_quantity": 0.04
  },
  {
    "event_id": "7dbc7830af295f14e69313acd5426f39bc9bc62bdd97ecaa719f14aedfd5fbc5",
    "schema_version": "1.0.0",
    "event_type": "agent_order",
    "source": "synthetic_agent",
    "symbol": "BTCUSDT",
    "exchange": "binance_usdm",
    "timestamp": "2024-05-01T00:00:00.072000Z",
    "sequence": 6,
    "scenario_id": "scenario-151-coordinated_burst",
    "agent_id": "agent-coordinated_burst-0",
    "order_id": "scenario-151-coordinated_burst-agent-coordinated_burst-0-6",
    "action": "new",
    "side": "buy",
    "price": 65164.0302,
    "quantity": 0.04,
    "remaining_quantity": 0.04
  },
  {
    "event_id": "8b02aa778db5bbdb93c21459341cb57846723dd3d5cfd9afeb9abb666ab0fb02",
    "schema_version": "1.0.0",
    "event_type": "agent_order",
    "source": "synthetic_agent",
    "symbol": "BTCUSDT",
    "exchange": "binance_usdm",
    "timestamp": "2024-05-01T00:00:00.084000Z",
    "sequence": 7,
    "scenario_id": "scenario-151-coordinated_burst",
    "agent_id": "agent-coordinated_burst-1",
    "order_id": "scenario-151-coordinated_burst-agent-coordinated_burst-1-7",
    "action": "new",
    "side": "sell",
    "price": 65137.9698,
    "quantity": 0.04,
    "remaining_quantity": 0.04
  },
  {
    "event_id": "aff4471e36499a3defce778461fc101733b3b47086f68dca7a3f9e57fa847a3f",
    "schema_version": "1.0.0",
    "event_type": "agent_order",
    "source": "synthetic_agent",
    "symbol": "BTCUSDT",
    "exchange": "binance_usdm",
    "timestamp": "2024-05-01T00:00:00.096000Z",
    "sequence": 8,
    "scenario_id": "scenario-151-coordinated_burst",
    "agent_id": "agent-coordinated_burst-2",
    "order_id": "scenario-151-coordinated_burst-agent-coordinated_burst-2-8",
    "action": "new",
    "side": "sell",
    "price": 65137.9698,
    "quantity": 0.04,
    "remaining_quantity": 0.04
  },
  {
    "event_id": "b7f8e414ab86293d8093d7a545a8a5ee0ee4710fc8d27f37b892f229d8ce5017",
    "schema_version": "1.0.0",
    "event_type": "agent_order",
    "source": "synthetic_agent",
    "symbol": "BTCUSDT",
    "exchange": "binance_usdm",
    "timestamp": "2024-05-01T00:00:00.108000Z",
    "sequence": 9,
    "scenario_id": "scenario-151-coordinated_burst",
    "agent_id": "agent-coordinated_burst-0",
    "order_id": "scenario-151-coordinated_burst-agent-coordinated_burst-0-9",
    "action": "new",
    "side": "buy",
    "price": 65164.0302,
    "quantity": 0.04,
    "remaining_quantity": 0.04
  },
  {
    "event_id": "2a31515c0294cd7f2e97e132abfa9807a0f3db1e66eaa572abddeefe87d1c18f",
    "schema_version": "1.0.0",
    "event_type": "agent_order",
    "source": "synthetic_agent",
    "symbol": "BTCUSDT",
    "exchange": "binance_usdm",
    "timestamp": "2024-05-01T00:00:01.200000Z",
    "sequence": 10,
    "scenario_id": "scenario-151-coordinated_burst",
    "agent_id": "agent-coordinated_burst-1",
    "order_id": "scenario-151-coordinated_burst-agent-coordinated_burst-1-10",
    "action": "new",
    "side": "sell",
    "price": 65137.9698,
    "quantity": 0.04,
    "remaining_quantity": 0.04
  },
  {
    "event_id": "81a7572f52ab6a99ea9e030e7e3f57ad4feb555d15562be7eb52f89926976988",
    "schema_version": "1.0.0",
    "event_type": "agent_order",
    "source": "synthetic_agent",
    "symbol": "BTCUSDT",
    "exchange": "binance_usdm",
    "timestamp": "2024-05-01T00:00:00.132000Z",
    "sequence": 11,
    "scenario_id": "scenario-151-coordinated_burst",
    "agent_id": "agent-coordinated_burst-2",
    "order_id": "scenario-151-coordinated_burst-agent-coordinated_burst-2-11",
    "action": "new",
    "side": "sell",
    "price": 65137.9698,
    "quantity": 0.04,
    "remaining_quantity": 0.04
  },
  {
    "event_id": "0bbae48fce94f7d8723a2cf136a55e4dc710b9240e2d62cb36c01e81d2b41ed5",
    "schema_version": "1.0.0",
    "event_type": "agent_order",
    "source": "synthetic_agent",
    "symbol": "BTCUSDT",
    "exchange": "binance_usdm",
    "timestamp": "2024-05-01T00:00:00.144000Z",
    "sequence": 12,
    "scenario_id": "scenario-151-coordinated_burst",
    "agent_id": "agent-coordinated_burst-0",
    "order_id": "scenario-151-coordinated_burst-agent-coordinated_burst-0-12",
    "action": "new",
    "side": "buy",
    "price": 65164.0302,
    "quantity": 0.04,
    "remaining_quantity": 0.04
  },
  {
    "event_id": "15b9d6429c78a070941f5478f9474cd264c72b7fecaffaa0ee415da3cbdcd670",
    "schema_version": "1.0.0",
    "event_type": "agent_order",
    "source": "synthetic_agent",
    "symbol": "BTCUSDT",
    "exchange": "binance_usdm",
    "timestamp": "2024-05-01T00:00:00.156000Z",
    "sequence": 13,
    "scenario_id": "scenario-151-coordinated_burst",
    "agent_id": "agent-coordinated_burst-1",
    "order_id": "scenario-151-coordinated_burst-agent-coordinated_burst-1-13",
    "action": "new",
    "side": "sell",
    "price": 65137.9698,
    "quantity": 0.04,
    "remaining_quantity": 0.04
  },
  {
    "event_id": "2cbbd82cd1c126eac2bca5bb85bf1071ccc256196927543677512a1e04cf401d",
    "schema_version": "1.0.0",
    "event_type": "agent_order",
    "source": "synthetic_agent",
    "symbol": "BTCUSDT",
    "exchange": "binance_usdm",
    "timestamp": "2024-05-01T00:00:00.168000Z",
    "sequence": 14,
    "scenario_id": "scenario-151-coordinated_burst",
    "agent_id": "agent-coordinated_burst-2",
    "order_id": "scenario-151-coordinated_burst-agent-coordinated_burst-2-14",
    "action": "new",
    "side": "sell",
    "price": 65137.9698,
    "quantity": 0.04,
    "remaining_quantity": 0.04
  },
  {
    "event_id": "c7b65be404214445226bc9066244525f5d8ed8bbdd6a9a4e8716ea53a30896df",
    "schema_version": "1.0.0",
    "event_type": "agent_order",
    "source": "synthetic_agent",
    "symbol": "BTCUSDT",
    "exchange": "binance_usdm",
    "timestamp": "2024-05-01T00:00:01.800000Z",
    "sequence": 15,
    "scenario_id": "scenario-151-coordinated_burst",
    "agent_id": "agent-coordinated_burst-0",
    "order_id": "scenario-151-coordinated_burst-agent-coordinated_burst-0-15",
    "action": "new",
    "side": "buy",
    "price": 65164.0302,
    "quantity": 0.04,
    "remaining_quantity": 0.04
  },
  {
    "event_id": "67552a180670c1883e1a3d4dedb038940e15c090ee971e3922b28928a118934d",
    "schema_version": "1.0.0",
    "event_type": "agent_order",
    "source": "synthetic_agent",
    "symbol": "BTCUSDT",
    "exchange": "binance_usdm",
    "timestamp": "2024-05-01T00:00:00.192000Z",
    "sequence": 16,
    "scenario_id": "scenario-151-coordinated_burst",
    "agent_id": "agent-coordinated_burst-1",
    "order_id": "scenario-151-coordinated_burst-agent-coordinated_burst-1-16",
    "action": "new",
    "side": "sell",
    "price": 65137.9698,
    "quantity": 0.04,
    "remaining_quantity": 0.04
  },
  {
    "event_id": "0b1fcffac9c86ec2244df3ed568826a32817fdb0e030713ab44653b24c2e6200",
    "schema_version": "1.0.0",
    "event_type": "agent_order",
    "source": "synthetic_agent",
    "symbol": "BTCUSDT",
    "exchange": "binance_usdm",
    "timestamp": "2024-05-01T00:00:00.204000Z",
    "sequence": 17,
    "scenario_id": "scenario-151-coordinated_burst",
    "agent_id": "agent-coordinated_burst-2",
    "order_id": "scenario-151-coordinated_burst-agent-coordinated_burst-2-17",
    "action": "new",
    "side": "sell",
    "price": 65137.9698,
    "quantity": 0.04,
    "remaining_quantity": 0.04
  },
  {
    "event_id": "be2d2f6ad60dfdd4aa6e7dba4fd52729f1e5f7e5ca7fef27264fa47e4999fa10",
    "schema_version": "1.0.0",
    "event_type": "agent_order",
    "source": "synthetic_agent",
    "symbol": "BTCUSDT",
    "exchange": "binance_usdm",
    "timestamp": "2024-05-01T00:00:00.216000Z",
    "sequence": 18,
    "scenario_id": "scenario-151-coordinated_burst",
    "agent_id": "agent-coordinated_burst-0",
    "order_id": "scenario-151-coordinated_burst-agent-coordinated_burst-0-18",
    "action": "new",
    "side": "buy",
    "price": 65164.0302,
    "quantity": 0.04,
    "remaining_quantity": 0.04
  },
  {
    "event_id": "43729aec83c7cc64bc817c04213464443915388fbe2e872cffe9eee83c0a99d5",
    "schema_version": "1.0.0",
    "event_type": "agent_order",
    "source": "synthetic_agent",
    "symbol": "BTCUSDT",
    "exchange": "binance_usdm",
    "timestamp": "2024-05-01T00:00:00.228000Z",
    "sequence": 19,
    "scenario_id": "scenario-151-coordinated_burst",
    "agent_id": "agent-coordinated_burst-1",
    "order_id": "scenario-151-coordinated_burst-agent-coordinated_burst-1-19",
    "action": "new",
    "side": "sell",
    "price": 65137.9698,
    "quantity": 0.04,
    "remaining_quantity": 0.04
  },
  {
    "event_id": "6ece6dedde63333a73c86269ff37ce9ace173fbe5a7536afd3129af6f216eef3",
    "schema_version": "1.0.0",
    "event_type": "agent_order",
    "source": "synthetic_agent",
    "symbol": "BTCUSDT",
    "exchange": "binance_usdm",
    "timestamp": "2024-05-01T00:00:02.400000Z",
    "sequence": 20,
    "scenario_id": "scenario-151-coordinated_burst",
    "agent_id": "agent-coordinated_burst-2",
    "order_id": "scenario-151-coordinated_burst-agent-coordinated_burst-2-20",
    "action": "new",
    "side": "sell",
    "price": 65137.9698,
    "quantity": 0.04,
    "remaining_quantity": 0.04
  },
  {
    "event_id": "6cd220731b5c638be0620da45e0d7a869ab2ec41446b5481afb50da7b4889644",
    "schema_version": "1.0.0",
    "event_type": "agent_order",
    "source": "synthetic_agent",
    "symbol": "BTCUSDT",
    "exchange": "binance_usdm",
    "timestamp": "2024-05-01T00:00:00.252000Z",
    "sequence": 21,
    "scenario_id": "scenario-151-coordinated_burst",
    "agent_id": "agent-coordinated_burst-0",
    "order_id": "scenario-151-coordinated_burst-agent-coordinated_burst-0-21",
    "action": "new",
    "side": "buy",
    "price": 65164.0302,
    "quantity": 0.04,
    "remaining_quantity": 0.04
  },
  {
    "event_id": "1c07b19efffd0dffbbf4126dcfe147d4f6f98f436541414a4838987e1f6ddf47",
    "schema_version": "1.0.0",
    "event_type": "agent_order",
    "source": "synthetic_agent",
    "symbol": "BTCUSDT",
    "exchange": "binance_usdm",
    "timestamp": "2024-05-01T00:00:00.264000Z",
    "sequence": 22,
    "scenario_id": "scenario-151-coordinated_burst",
    "agent_id": "agent-coordinated_burst-1",
    "order_id": "scenario-151-coordinated_burst-agent-coordinated_burst-1-22",
    "action": "new",
    "side": "sell",
    "price": 65137.9698,
    "quantity": 0.04,
    "remaining_quantity": 0.04
  },
  {
    "event_id": "ae407dc00755de756f51bb9acd26267f356807e48d8a08281264ee9dcd8e40f5",
    "schema_version": "1.0.0",
    "event_type": "agent_order",
    "source": "synthetic_agent",
    "symbol": "BTCUSDT",
    "exchange": "binance_usdm",
    "timestamp": "2024-05-01T00:00:00.276000Z",
    "sequence": 23,
    "scenario_id": "scenario-151-coordinated_burst",
    "agent_id": "agent-coordinated_burst-2",
    "order_id": "scenario-151-coordinated_burst-agent-coordinated_burst-2-23",
    "action": "new",
    "side": "sell",
    "price": 65137.9698,
    "quantity": 0.04,
    "remaining_quantity": 0.04
  },
  {
    "event_id": "67c3c644befe45f1f1c109110348851aa3803031ab1de2461b1497122b074c77",
    "schema_version": "1.0.0",
    "event_type": "agent_order",
    "source": "synthetic_agent",
    "symbol": "BTCUSDT",
    "exchange": "binance_usdm",
    "timestamp": "2024-05-01T00:00:00.288000Z",
    "sequence": 24,
    "scenario_id": "scenario-151-coordinated_burst",
    "agent_id": "agent-coordinated_burst-0",
    "order_id": "scenario-151-coordinated_burst-agent-coordinated_burst-0-24",
    "action": "new",
    "side": "buy",
    "price": 65164.0302,
    "quantity": 0.04,
    "remaining_quantity": 0.04
  },
  {
    "event_id": "9de52881fa4ae6d765a2680baf767e911ff7abb1cb523c7097116a423f1532f8",
    "schema_version": "1.0.0",
    "event_type": "agent_order",
    "source": "synthetic_agent",
    "symbol": "BTCUSDT",
    "exchange": "binance_usdm",
    "timestamp": "2024-05-01T00:00:03Z",
    "sequence": 25,
    "scenario_id": "scenario-151-coordinated_burst",
    "agent_id": "agent-coordinated_burst-1",
    "order_id": "scenario-151-coordinated_burst-agent-coordinated_burst-1-25",
    "action": "new",
    "side": "sell",
    "price": 65137.9698,
    "quantity": 0.04,
    "remaining_quantity": 0.04
  },
  {
    "event_id": "14fd6962d151800582fe06634db4f27605b1480ac90fb916774f7b51d7c7ce28",
    "schema_version": "1.0.0",
    "event_type": "agent_order",
    "source": "synthetic_agent",
    "symbol": "BTCUSDT",
    "exchange": "binance_usdm",
    "timestamp": "2024-05-01T00:00:00.312000Z",
    "sequence": 26,
    "scenario_id": "scenario-151-coordinated_burst",
    "agent_id": "agent-coordinated_burst-2",
    "order_id": "scenario-151-coordinated_burst-agent-coordinated_burst-2-26",
    "action": "new",
    "side": "sell",
    "price": 65137.9698,
    "quantity": 0.04,
    "remaining_quantity": 0.04
  },
  {
    "event_id": "b52ead23946e9b99381ebd2617980e1d431bfcbbc619b7dd83d42906c59da74f",
    "schema_version": "1.0.0",
    "event_type": "agent_order",
    "source": "synthetic_agent",
    "symbol": "BTCUSDT",
    "exchange": "binance_usdm",
    "timestamp": "2024-05-01T00:00:00.324000Z",
    "sequence": 27,
    "scenario_id": "scenario-151-coordinated_burst",
    "agent_id": "agent-coordinated_burst-0",
    "order_id": "scenario-151-coordinated_burst-agent-coordinated_burst-0-27",
    "action": "new",
    "side": "buy",
    "price": 65164.0302,
    "quantity": 0.04,
    "remaining_quantity": 0.04
  },
  {
    "event_id": "6ac11fc851f0a1913b295bd4e60afebf3cfa75cae0c6c3d6d14e55a28ade91c8",
    "schema_version": "1.0.0",
    "event_type": "agent_order",
    "source": "synthetic_agent",
    "symbol": "BTCUSDT",
    "exchange": "binance_usdm",
    "timestamp": "2024-05-01T00:00:00.336000Z",
    "sequence": 28,
    "scenario_id": "scenario-151-coordinated_burst",
    "agent_id": "agent-coordinated_burst-1",
    "order_id": "scenario-151-coordinated_burst-agent-coordinated_burst-1-28",
    "action": "new",
    "side": "sell",
    "price": 65137.9698,
    "quantity": 0.04,
    "remaining_quantity": 0.04
  },
  {
    "event_id": "10a39d7b212a2733c2f37e507ade8a968f5e2015baa199dbeb4ea6ad5af9ef3d",
    "schema_version": "1.0.0",
    "event_type": "agent_order",
    "source": "synthetic_agent",
    "symbol": "BTCUSDT",
    "exchange": "binance_usdm",
    "timestamp": "2024-05-01T00:00:00.348000Z",
    "sequence": 29,
    "scenario_id": "scenario-151-coordinated_burst",
    "agent_id": "agent-coordinated_burst-2",
    "order_id": "scenario-151-coordinated_burst-agent-coordinated_burst-2-29",
    "action": "new",
    "side": "sell",
    "price": 65137.9698,
    "quantity": 0.04,
    "remaining_quantity": 0.04
  }
]