[
  {
    "event_id": "260762e974e5e13075ed21a01dbb0706421b616cd22a83f1063d495c61e9a96c",
    "schema_version": "1.0.0",
    "event_type": "agent_order",
    "source": "synthetic_agent",
    "symbol": "BTCUSDT",
    "exchange": "binance_usdm",
    "timestamp": "2024-05-01T00:00:00Z",
    "sequence": 0,
    "scenario_id": "scenario-045-stop_run_sweep",
    "agent_id": "agent-stop_run_sweep",
    "order_id": "scenario-045-stop_run_sweep-agent-stop_run_sweep-0",
    "action": "new",
    "side": "buy",
    "price": 65110.04499999999,
    "quantity": 0.06,
    "remaining_quantity": 0.06
  },
  {
    "event_id": "f19c0f43e073a543b3618e20024b747637d180037d720d14f3f24180c79e3f17",
    "schema_version": "1.0.0",
    "event_type": "agent_order",
    "source": "synthetic_agent",
    "symbol": "BTCUSDT",
    "exchange": "binance_usdm",
    "timestamp": "2024-05-01T00:00:00.030000Z",
    "sequence": 1,
    "scenario_id": "scenario-045-stop_run_sweep",
    "agent_id": "agent-stop_run_sweep",
    "order_id": "scenario-045-stop_run_sweep-agent-stop_run_sweep-1",
    "action": "new",
    "side": "buy",
    "price": 65113.29725,
    "quantity": 0.06,
    "remaining_quantity": 0.06
  },
  {
    "event_id": "ab477ff577316a197f18e6a41a37a0c02f66429739646d1a98aee9cf0342c7d4",
    "schema_version": "1.0.0",
    "event_type": "agent_order",
    "source": "synthetic_agent",
    "symbol": "BTCUSDT",
    "exchange": "binance_usdm",
    "timestamp": "2024-05-01T00:00:00.060000Z",
    "sequence": 2,
    "scenario_id": "scenario-045-stop_run_sweep",
    "agent_id": "agent-stop_run_sweep",
    "order_id": "scenario-045-stop_run_sweep-agent-stop_run_sweep-2",
    "action": "new",
    "side": "buy",
    "price": 65116.549499999994,
    "quantity": 0.06,
    "remaining_quantity": 0.06
  },
  {
    "event_id": "c5d0cde0d183c22a5b4ebc1fdd3a14997f5c60d01b614f775d39991c3dd9274f",
    "schema_version": "1.0.0",
    "event_type": "agent_order",
    "source": "synthetic_agent",
    "symbol": "BTCUSDT",
    "exchange": "binance_usdm",
    "timestamp": "2024-05-01T00:00:00.090000Z",
    "sequence": 3,
    "scenario_id": "scenario-045-stop_run_sweep",
    "agent_id": "agent-stop_run_sweep",
    "order_id": "scenario-045-stop_run_sweep-agent-stop_run_sweep-3",
    "action": "new",
    "side": "buy",
    "price": 65119.80175,
    "quantity": 0.06,
    "remaining_quantity": 0.06
  },
  {
    "event_id": "750b88cd42e3d745ad31a1084f42d5822a024963a5e172d1d12f7406b7e2f797",
    "schema_version": "1.0.0",
    "event_type": "agent_order",
    "source": "synthetic_agent",
    "symbol": "BTCUSDT",
    "exchange": "binance_usdm",
    "timestamp": "2024-05-01T00:00:00.120000Z",
    "sequence": 4,
    "scenario_id": "scenario-045-stop_run_sweep",
    "agent_id": "agent-stop_run_sweep",
    "order_id": "scenario-045-stop_run_sweep-agent-stop_run_sweep-4",
    "action": "new",
    "side": "buy",
    "price": 65123.05399999999,
    "quantity": 0.06,
    "remaining_quantity": 0.06
  },
  {
    "event_id": "bbe66649ab78cffd72b1b1b8a4fbd8ed926df50eb0c56961c940bde51e77493b",
    "schema_version": "1.0.0",
    "event_type": "agent_order",
    "source": "synthetic_agent",
    "symbol": "BTCUSDT",
    "exchange": "binance_usdm",
    "timestamp": "2024-05-01T00:00:00.150000Z",
    "sequence": 5,
    "scenario_id": "scenario-045-stop_run_sweep",
    "agent_id": "agent-stop_run_sweep",
    "order_id": "scenario-045-stop_run_sweep-agent-stop_run_sweep-5",
    "action": "new",
    "side": "buy",
    "price": 65126.30625,
    "quantity": 0.06,
    "remaining_quantity": 0.06
  },
  {
    "event_id": "1337e00abf5dd921894f285461d372cf43bd2e333b89d23a140e3e3cad7a13c1",
    "schema_version": "1.0.0",
    "event_type": "agent_order",
    "source": "synthetic_agent",
    "symbol": "BTCUSDT",
    "exchange": "binance_usdm",
    "timestamp": "2024-05-01T00:00:00.180000Z",
    "sequence": 6,
    "scenario_id": "scenario-045-stop_run_sweep",
    "agent_id": "agent-stop_run_sweep",
    "order_id": "scenario-045-stop_run_sweep-agent-stop_run_sweep-6",
    "action": "new",
    "side": "buy",
    "price": 65129.55849999999,
    "quantity": 0.06,
    "remaining_quantity": 0.06
  },
  {
    "event_id": "a94461c201ed17edd6388161c154475fc34f70a10d4bbe2bbcd9f15e09e8d715",
    "schema_version": "1.0.0",
    "event_type": "agent_order",
    "source": "synthetic_agent",
    "symbol": "BTCUSDT",
    "exchange": "binance_usdm",
    "timestamp": "2024-05-01T00:00:00.210000Z",
    "sequence": 7,
    "scenario_id": "scenario-045-stop_run_sweep",
    "agent_id": "agent-stop_run_sweep",
    "order_id": "scenario-045-stop_run_sweep-agent-stop_run_sweep-7",
    "action": "new",
    "side": "buy",
    "price": 65132.81075,
    "quantity": 0.06,
    "remaining_quantity": 0.06
  },
  {
    "event_id": "841c6c657dc7a1cd4d8fd1502aaa8c814312b3d0260032ff3983ec97f785353f",
    "schema_version": "1.0.0",
    "event_type": "agent_order",
    "source": "synthetic_agent",
    "symbol": "BTCUSDT",
    "exchange": "binance_usdm",
    "timestamp": "2024-05-01T00:00:00.240000Z",
    "sequence": 8,
    "scenario_id": "scenario-045-stop_run_sweep",
    "agent_id": "agent-stop_run_sweep",
    "order_id": "scenario-045-stop_run_sweep-agent-stop_run_sweep-8",
    "action": "new",
    "side": "buy",
    "price": 65136.06299999999,
    "quantity": 0.06,
    "remaining_quantity": 0.06
  },
  {
    "event_id": "f8df10c57bb93525e56b87045e89ae2d0a3939ac1ba56992e19be97ed1bfb0d9",
    "schema_version": "1.0.0",
    "event_type": "agent_order",
    "source": "synthetic_agent",
    "symbol": "BTCUSDT",
    "exchange": "binance_usdm",
    "timestamp": "2024-05-01T00:00:00.270000Z",
    "sequence": 9,
    "scenario_id": "scenario-045-stop_run_sweep",
    "agent_id": "agent-stop_run_sweep",
    "order_id": "scenario-045-stop_run_sweep-agent-stop_run_sweep-9",
    "action": "new",
    "side": "buy",
    "price": 65139.31525,
    "quantity": 0.06,
    "remaining_quantity": 0.06
  },
  {
    "event_id": "24a884605a0952dc60834f18a0813e35aa34334e0c632cb95d86e7528dde41a5",
    "schema_version": "1.0.0",
    "event_type": "agent_order",
    "source": "synthetic_agent",
    "symbol": "BTCUSDT",
    "exchange": "binance_usdm",
    "timestamp": "2024-05-01T00:00:00.300000Z",
    "sequence": 10,
    "scenario_id": "scenario-045-stop_run_sweep",
    "agent_id": "agent-stop_run_sweep",
    "order_id": "scenario-045-stop_run_sweep-agent-stop_run_sweep-10",
    "action": "new",
    "side": "buy",
    "price": 65142.56749999999,
    "quantity": 0.06,
    "remaining_quantity": 0.06
  },
  {
    "event_id": "99a5f7a0519fe2db8d7953d8c216e70fccd000c67389677c594307bf99aabe40",
    "schema_version": "1.0.0",
    "event_type": "agent_order",
    "source": "synthetic_agent",
    "symbol": "BTCUSDT",
    "exchange": "binance_usdm",
    "timestamp": "2024-05-01T00:00:00.330000Z",
    "sequence": 11,
    "scenario_id": "scenario-045-stop_run_sweep",
    "agent_id": "agent-stop_run_sweep",
    "order_id": "scenario-045-stop_run_sweep-agent-stop_run_sweep-11",
    "action": "new",
    "side": "buy",
    "price": 65145.819749999995,
    "quantity": 0.06,
    "remaining_quantity": 0.06
  },
  {
    "event_id": "91c58a12d0530822477e8f4a3f327b3c149102c1fd6d0f7b8bc01992695d95ec",
    "schema_version": "1.0.0",
    "event_type": "agent_order",
    "source": "synthetic_agent",
    "symbol": "BTCUSDT",
    "exchange": "binance_usdm",
    "timestamp": "2024-05-01T00:00:00.360000Z",
    "sequence": 12,
    "scenario_id": "scenario-045-stop_run_sweep",
    "agent_id": "agent-stop_run_sweep",
    "order_id": "scenario-045-stop_run_sweep-agent-stop_run_sweep-12",
    "action": "new",
    "side": "buy",
    "price": 65149.071999999986,
    "quantity": 0.06,
    "remaining_quantity": 0.06
  },
  {
    "event_id": "60829c6305b92b97e55d910ccaf428e5fb9f4cc903f401ae4ef6358ac65be86b",
    "schema_version": "1.0.0",
    "event_type": "agent_order",
    "source": "synthetic_agent",
    "symbol": "BTCUSDT",
    "exchange": "binance_usdm",
    "timestamp": "2024-05-01T00:00:00.390000Z",
    "sequence": 13,
    "scenario_id": "scenario-045-stop_run_sweep",
    "agent_id": "agent-stop_run_sweep",
    "order_id": "scenario-045-stop_run_sweep-agent-stop_run_sweep-13",
    "action": "new",
    "side": "buy",
    "price": 65152.32425,
    "quantity": 0.06,
    "remaining_quantity": 0.06
  },
  {
    "event_id": "92d25e6c387445a5ee31254e8094004f6d790526fbfb8ce2155dfa0a3f09ef9f",
    "schema_version": "1.0.0",
    "event_type": "agent_order",
    "source": "synthetic_agent",
    "symbol": "BTCUSDT",
    "exchange": "binance_usdm",
    "timestamp": "2024-05-01T00:00:00.420000Z",
    "sequence": 14,
    "scenario_id": "scenario-045-stop_run_sweep",
    "agent_id": "agent-stop_run_sweep",
    "order_id": "scenario-045-stop_run_sweep-agent-stop_run_sweep-14",
    "action": "new",
    "side": "buy",
    "price": 65155.57649999999,
    "quantity": 0.06,
    "remaining_quantity": 0.06
  },
  {
    "event_id": "2b0a76c62a5c04c1cdb5983d8bacd77f7bb0f2fdbfed67bea8aa8395328e72e9",
    "schema_version": "1.0.0",
    "event_type": "agent_order",
    "source": "synthetic_agent",
    "symbol": "BTCUSDT",
    "exchange": "binance_usdm",
    "timestamp": "2024-05-01T00:00:00.450000Z",
    "sequence": 15,
    "scenario_id": "scenario-045-stop_run_sweep",
    "agent_id": "agent-stop_run_sweep",
    "order_id": "scenario-045-stop_run_sweep-agent-stop_run_sweep-15",
    "action": "new",
    "side": "buy",
    "price": 65158.82874999999,
    "quantity": 0.06,
    "remaining_quantity": 0.06
  },
  {
    "event_id": "b52cc41a18f55dbd3152e52d64c1535a342054cb9213ad542ae393b875c6cccf",
    "schema_version": "1.0.0",
    "event_type": "agent_order",
    "source": "synthetic_agent",
    "symbol": "BTCUSDT",
    "exchange": "binance_usdm",
    "timestamp": "2024-05-01T00:00:00.480000Z",
    "sequence": 16,
    "scenario_id": "scenario-045-stop_run_sweep",
    "agent_id": "agent-stop_run_sweep",
    "order_id": "scenario-045-stop_run_sweep-agent-stop_run_sweep-16",
    "action": "new",
    "side": "buy",
    "price": 65162.080999999984,
    "quantity": 0.06,
    "remaining_quantity": 0.06
  },
  {
    "event_id": "a9f5ab17a73e1f6beb7e0f5be498f89806e80355786103c4c91a4c7f4b519c6e",
    "schema_version": "1.0.0",
    "event_type": "agent_order",
    "source": "synthetic_agent",
    "symbol": "BTCUSDT",
    "exchange": "binance_usdm",
    "timestamp": "2024-05-01T00:00:00.510000Z",
    "sequence": 17,
    "scenario_id": "scenario-045-stop_run_sweep",
    "agent_id": "agent-stop_run_sweep",
    "order_id": "scenario-045-stop_run_sweep-agent-stop_run_sweep-17",
    "action": "new",
    "side": "buy",
    "price": 65165.333249999996,
    "quantity": 0.06,
    "remaining_quantity": 0.06
  },
  {
    "event_id": "a71a39a4430f44d3a81508aa5a8e59c8aa041c8826c88c8d6572a2678c07a2eb",
    "schema_version": "1.0.0",
    "event_type": "agent_order",
    "source": "synthetic_agent",
    "symbol": "BTCUSDT",
    "exchange": "binance_usdm",
    "timestamp": "2024-05-01T00:00:00.540000Z",
    "sequence": 18,
    "scenario_id": "scenario-045-stop_run_sweep",
    "agent_id": "agent-stop_run_sweep",
    "order_id": "scenario-045-stop_run_sweep-agent-stop_run_sweep-18",
    "action": "new",
    "side": "buy",
    "price": 65168.58549999999,
    "quantity": 0.06,
    "remaining_quantity": 0.06
  },
  {
    "event_id": "a62720cd9b8b48e9b89d0b0fc62e9a3900b0013f0c21dd4e07ea59f87a5c1a81",
    "schema_version": "1.0.0",
    "event_type": "agent_order",
    "source": "synthetic_agent",
    "symbol": "BTCUSDT",
    "exchange": "binance_usdm",
    "timestamp": "2024-05-01T00:00:00.570000Z",
    "sequence": 19,
    "scenario_id": "scenario-045-stop_run_sweep",
    "agent_id": "agent-stop_run_sweep",
    "order_id": "scenario-045-stop_run_sweep-agent-stop_run_sweep-19",
    "action": "new",
    "side": "buy",
    "price": 65171.83774999999,
    "quantity": 0.06,
    "remaining_quantity": 0.06
  },
  {
    "event_id": "7f5d306164b4d8e6ad29014a7c479ad10abf99de599badd9164c2706ad8db88c",
    "schema_version": "1.0.0",
    "event_type": "agent_order",
    "source": "synthetic_agent",
    "symbol": "BTCUSDT",
    "exchange": "binance_usdm",
    "timestamp": "2024-05-01T00:00:00.600000Z",
    "sequence": 20,
    "scenario_id": "scenario-045-stop_run_sweep",
    "agent_id": "agent-stop_run_sweep",
    "order_id": "scenario-045-stop_run_sweep-agent-stop_run_sweep-20",
    "action": "new",
    "side": "buy",
    "price": 65175.08999999999,
    "quantity": 0.06,
    "remaining_quantity": 0.06
  },
  {
    "event_id": "6ea6281decbcc9ef74f4702996285cd4164e715514f13d609cf5cb3af8c64dc4",
    "schema_version": "1.0.0",
    "event_type": "agent_order",
    "source": "synthetic_agent",
    "symbol": "BTCUSDT",
    "exchange": "binance_usdm",
    "timestamp": "2024-05-01T00:00:00.630000Z",
    "sequence": 21,
    "scenario_id": "scenario-045-stop_run_sweep",
    "agent_id": "agent-stop_run_sweep",
    "order_id": "scenario-045-stop_run_sweep-agent-stop_run_sweep-21",
    "action": "new",
    "side": "buy",
    "price": 65178.342249999994,
    "quantity": 0.06,
    "remaining_quantity": 0.06
  },
  {
    "event_id": "8578af37d279702ab81d95df7835b3ef534c59ecb9f3487a6d1a3ca349fe5476",
    "schema_version": "1.0.0",
    "event_type": "agent_order",
    "source": "synthetic_agent",
    "symbol": "BTCUSDT",
    "exchange": "binance_usdm",
    "timestamp": "2024-05-01T00:00:00.660000Z",
    "sequence": 22,
    "scenario_id": "scenario-045-stop_run_sweep",
    "agent_id": "agent-stop_run_sweep",
    "order_id": "scenario-045-stop_run_sweep-agent-stop_run_sweep-22",
    "action": "new",
    "side": "buy",
    "price": 65181.5945,
    "quantity": 0.06,
    "remaining_quantity": 0.06
  },
  {
    "event_id": "eee0e3df88e810f518aba30e921b64b9844ab26bc2b236135780ae78ed30698d",
    "schema_version": "1.0.0",
    "event_type": "agent_order",
    "source": "synthetic_agent",
    "symbol": "BTCUSDT",
    "exchange": "binance_usdm",
    "timestamp": "2024-05-01T00:00:00.690000Z",
    "sequence": 23,
    "scenario_id": "scenario-045-stop_run_sweep",
    "agent_id": "agent-stop_run_sweep",
    "order_id": "scenario-045-stop_run_sweep-agent-stop_run_sweep-23",
    "action": "new",
    "side": "buy",
    "price": 65184.84674999999,
    "quantity": 0.06,
    "remaining_quantity": 0.06
  },
  {
    "event_id": "bef15c7ce0b28d07fe83971ff928ec7f9813f143c77c21687f578eee70ed7de3",
    "schema_version": "1.0.0",
    "event_type": "agent_order",
    "source": "synthetic_agent",
    "symbol": "BTCUSDT",
    "exchange": "binance_usdm",
    "timestamp": "2024-05-01T00:00:00.720000Z",
    "sequence": 24,
    "scenario_id": "scenario-045-stop_run_sweep",
    "agent_id": "agent-stop_run_sweep",
    "order_id": "scenario-045-stop_run_sweep-agent-stop_run_sweep-24",
    "action": "new",
    "side": "buy",
    "price": 65188.099,
    "quantity": 0.06,
    "remaining_quantity": 0.06
  },
  {
    "event_id": "6e1c83f9f7e3e687fa9d04b7d8a6aa5376d77d5b47ec81565815c91aa3558e2b",
    "schema_version": "1.0.0",
    "event_type": "agent_order",
    "source": "synthetic_agent",
    "symbol": "BTCUSDT",
    "exchange": "binance_usdm",
    "timestamp": "2024-05-01T00:00:00.750000Z",
    "sequence": 25,
    "scenario_id": "scenario-045-stop_run_sweep",
    "agent_id": "agent-stop_run_sweep",
    "order_id": "scenario-045-stop_run_sweep-agent-stop_run_sweep-25",
    "action": "new",
    "side": "buy",
    "price": 65191.35124999999,
    "quantity": 0.06,
    "remaining_quantity": 0.06
  },
  {
    "event_id": "b81a9d1574e78072c7f59fba93467090410e0edf46c4b3357a922d89fe8be61e",
    "schema_version": "1.0.0",
    "event_type": "agent_order",
    "source": "synthetic_agent",
    "symbol": "BTCUSDT",
    "exchange": "binance_usdm",
    "timestamp": "2024-05-01T00:00:00.780000Z",
    "sequence": 26,
    "scenario_id": "scenario-045-stop_run_sweep",
    "agent_id": "agent-stop_run_sweep",
    "order_id": "scenario-045-stop_run_sweep-agent-stop_run_sweep-26",
    "action": "new",
    "side": "buy",
    "price": 65194.6035,
    "quantity": 0.06,
    "remaining_quantity": 0.06
  },
  {
    "event_id": "17734d9cda82098c20aba2fb69ea7027cc8a6a77272d7f43b6bd9347cc6c0979",
    "schema_version": "1.0.0",
    "event_type": "agent_order",
    "source": "synthetic_agent",
    "symbol": "BTCUSDT",
    "exchange": "binance_usdm",
    "timestamp": "2024-05-01T00:00:00.810000Z",
    "sequence": 27,
    "scenario_id": "scenario-045-stop_run_sweep",
    "agent_id": "agent-stop_run_sweep",
    "order_id": "scenario-045-stop_run_sweep-agent-stop_run_sweep-27",
    "action": "new",
    "side": "buy",
    "price": 65197.85574999999,
    "quantity": 0.06,
    "remaining_quantity": 0.06
  },
  {
    "event_id": "e200b865a198ed288849b7103b5d3d742fe2dfe3b3bb050cfd50649decf7145d",
    "schema_version": "1.0.0",
    "event_type": "agent_order",
    "source": "synthetic_agent",
    "symbol": "BTCUSDT",
    "exchange": "binance_usdm",
    "timestamp": "2024-05-01T00:00:00.840000Z",
    "sequence": 28,
    "scenario_id": "scenario-045-stop_run_sweep",
    "agent_id": "agent-stop_run_sweep",
    "order_id": "scenario-045-stop_run_sweep-agent-stop_run_sweep-28",
    "action": "new",
    "side": "buy",
    "price": 65201.108,
    "quantity": 0.06,
    "remaining_quantity": 0.06
  },
  {
    "event_id": "bf8f5b3bdd81a70b0ef93d3d1bad3be669ed1a9392c6e4dcda0244ccc194b7c0",
    "schema_version": "1.0.0",
    "event_type": "agent_order",
    "source": "synthetic_agent",
    "symbol": "BTCUSDT",
    "exchange": "binance_usdm",
    "timestamp": "2024-05-01T00:00:00.870000Z",
    "sequence": 29,
    "scenario_id": "scenario-045-stop_run_sweep",
    "agent_id": "agent-stop_run_sweep",
    "order_id": "scenario-045-stop_run_sweep-agent-stop_run_sweep-29",
    "action": "new",
    "side": "buy",
    "price": 65204.36024999999,
    "quantity": 0.06,
    "remaining_quantity": 0.06
  }
]