[
  {
    "event_id": "605fb750e9296f9ae763a7759ef3aac66f1fe5cd0a9620090eadf0ae692cc667",
    "schema_version": "1.0.0",
    "event_type": "agent_order",
    "source": "synthetic_agent",
    "symbol": "BTCUSDT",
    "exchange": "binance_usdm",
    "timestamp": "2024-05-01T00:00:00Z",
    "sequence": 0,
    "scenario_id": "scenario-466-runaway_inventory",
    "agent_id": "agent-runaway_inventory",
    "order_id": "scenario-466-runaway_inventory-agent-runaway_inventory-0",
    "action": "new",
    "side": "buy",
    "price": 65466.0,
    "quantity": 0.01,
    "remaining_quantity": 0.01
  },
  {
    "event_id": "fef26714e985f003dfa9a33920bec19e935f87d3e2f21aa8d944c4b60db96c67",
    "schema_version": "1.0.0",
    "event_type": "agent_order",
    "source": "synthetic_agent",
    "symbol": "BTCUSDT",
    "exchange": "binance_usdm",
    "timestamp": "2024-05-01T00:00:00.070000Z",
    "sequence": 1,
    "scenario_id": "scenario-466-runaway_inventory",
    "agent_id": "agent-runaway_inventory",
    "order_id": "scenario-466-runaway_inventory-agent-runaway_inventory-1",
    "action": "new",
    "side": "buy",
    "price": 65467.96398,
    "quantity": 0.012,
    "remaining_quantity": 0.012
  },
  {
    "event_id": "425c698e055bdc5d1b603d6da8d3959962cdc3392493d862d0784ea6a6937cf3",
    "schema_version": "1.0.0",
    "event_type": "agent_order",
    "source": "synthetic_agent",
    "symbol": "BTCUSDT",
    "exchange": "binance_usdm",
    "timestamp": "2024-05-01T00:00:00.140000Z",
    "sequence": 2,
    "scenario_id": "scenario-466-runaway_inventory",
    "agent_id": "agent-runaway_inventory",
    "order_id": "scenario-466-runaway_inventory-agent-runaway_inventory-2",
    "action": "new",
    "side": "buy",
    "price": 65469.92795999999,
    "quantity": 0.014,
    "remaining_quantity": 0.014
  },
  {
    "event_id": "ea26d6fa9958e287191147694e97eab301ad5f6b993753aa3e220a8a4ec40753",
    "schema_version": "1.0.0",
    "event_type": "agent_order",
    "source": "synthetic_agent",
    "symbol": "BTCUSDT",
    "exchange": "binance_usdm",
    "timestamp": "2024-05-01T00:00:00.210000Z",
    "sequence": 3,
    "scenario_id": "scenario-466-runaway_inventory",
    "agent_id": "agent-runaway_inventory",
    "order_id": "scenario-466-runaway_inventory-agent-runaway_inventory-3",
    "action": "new",
    "side": "buy",
    "price": 65471.891939999994,
    "quantity": 0.016,
    "remaining_quantity": 0.016
  },
  {
    "event_id": "355b5b24b5fd7caba3f3cff070d05785fe3c7fead32e33c42be0716b0ba00de0",
    "schema_version": "1.0.0",
    "event_type": "agent_order",
    "source": "synthetic_agent",
    "symbol": "BTCUSDT",
    "exchange": "binance_usdm",
    "timestamp": "2024-05-01T00:00:00.280000Z",
    "sequence": 4,
    "scenario_id": "scenario-466-runaway_inventory",
    "agent_id": "agent-runaway_inventory",
    "order_id": "scenario-466-runaway_inventory-agent-runaway_inventory-4",
    "action": "new",
    "side": "buy",
    "price": 65473.855919999995,
    "quantity": 0.018000000000000002,
    "remaining_quantity": 0.018000000000000002
  },
  {
    "event_id": "235842e337c826ae6c8d429ee0f73c70959519f9f73d57a4a38f3cce72334cfd",
    "schema_version": "1.0.0",
    "event_type": "agent_order",
    "source": "synthetic_agent",
    "symbol": "BTCUSDT",
    "exchange": "binance_usdm",
    "timestamp": "2024-05-01T00:00:00.350000Z",
    "sequence": 5,
    "scenario_id": "scenario-466-runaway_inventory",
    "agent_id": "agent-runaway_inventory",
    "order_id": "scenario-466-runaway_inventory-agent-runaway_inventory-5",
    "action": "new",
    "side": "buy",
    "price": 65475.81990000001,
    "quantity": 0.02,
    "remaining_quantity": 0.02
  },
  {
    "event_id": "f0e550b2e10e9a52958f53165b6eba8b1ec894f244f847a668a128598cb87d0d",
    "schema_version": "1.0.0",
    "event_type": "agent_order",
    "source": "synthetic_agent",
    "symbol": "BTCUSDT",
    "exchange": "binance_usdm",
    "timestamp": "2024-05-01T00:00:00.420000Z",
    "sequence": 6,
    "scenario_id": "scenario-466-runaway_inventory",
    "agent_id": "agent-runaway_inventory",
    "order_id": "scenario-466-runaway_inventory-agent-runaway_inventory-6",
    "action": "new",
    "side": "buy",
    "price": 65477.78388,
    "quantity": 0.022,
    "remaining_quantity": 0.022
  },
  {
    "event_id": "36a2b1105ed651da11d2a7ea03cae46caecd452747592c97dd2ba8c51dc3ba38",
    "schema_version": "1.0.0",
    "event_type": "agent_order",
    "source": "synthetic_agent",
    "symbol": "BTCUSDT",
    "exchange": "binance_usdm",
    "timestamp": "2024-05-01T00:00:00.490000Z",
    "sequence": 7,
    "scenario_id": "scenario-466-runaway_inventory",
    "agent_id": "agent-runaway_inventory",
    "order_id": "scenario-466-runaway_inventory-agent-runaway_inventory-7",
    "action": "new",
    "side": "buy",
    "price": 65479.74786,
    "quantity": 0.024,
    "remaining_quantity": 0.024
  },
  {
    "event_id": "00f444158839fdcf62d680d50eac82f8c04f48242d2d979ba4a6cf555eea2094",
    "schema_version": "1.0.0",
    "event_type": "agent_order",
    "source": "synthetic_agent",
    "symbol": "BTCUSDT",
    "exchange": "binance_usdm",
    "timestamp": "2024-05-01T00:00:00.560000Z",
    "sequence": 8,
    "scenario_id": "scenario-466-runaway_inventory",
    "agent_id": "agent-runaway_inventory",
    "order_id": "scenario-466-runaway_inventory-agent-runaway_inventory-8",
    "action": "new",
    "side": "buy",
    "price": 65481.71184,
    "quantity": 0.026000000000000002,
    "remaining_quantity": 0.026000000000000002
  },
  {
    "event_id": "4ed0c0bc13e55308b8741909fac6f579178f6a7c15e0b52776ca587dae0493de",
    "schema_version": "1.0.0",
    "event_type": "agent_order",
    "source": "synthetic_agent",
    "symbol": "BTCUSDT",
    "exchange": "binance_usdm",
    "timestamp": "2024-05-01T00:00:00.630000Z",
    "sequence": 9,
    "scenario_id": "scenario-466-runaway_inventory",
    "agent_id": "agent-runaway_inventory",
    "order_id": "scenario-466-runaway_inventory-agent-runaway_inventory-9",
    "action": "new",
    "side": "buy",
    "price": 65483.67582,
    "quantity": 0.028000000000000004,
    "remaining_quantity": 0.028000000000000004
  },
  {
    "event_id": "f68020a3ced0470038ddf0f9114e1695e54505fbc79908e46524bacec5691274",
    "schema_version": "1.0.0",
    "event_type": "agent_order",
    "source": "synthetic_agent",
    "symbol": "BTCUSDT",
    "exchange": "binance_usdm",
    "timestamp": "2024-05-01T00:00:00.700000Z",
    "sequence": 10,
    "scenario_id": "scenario-466-runaway_inventory",
    "agent_id": "agent-runaway_inventory",
    "order_id": "scenario-466-runaway_inventory-agent-runaway_inventory-10",
    "action": "new",
    "side": "buy",
    "price": 65485.6398,
    "quantity": 0.03,
    "remaining_quantity": 0.03
  },
  {
    "event_id": "d2d3e0f79d021a2c2a24f00a6baac36995ba35a62c6aa767e91501abefbbad50",
    "schema_version": "1.0.0",
    "event_type": "agent_order",
    "source": "synthetic_agent",
    "symbol": "BTCUSDT",
    "exchange": "binance_usdm",
    "timestamp": "2024-05-01T00:00:00.770000Z",
    "sequence": 11,
    "scenario_id": "scenario-466-runaway_inventory",
    "agent_id": "agent-runaway_inventory",
    "order_id": "scenario-466-runaway_inventory-agent-runaway_inventory-11",
    "action": "new",
    "side": "buy",
    "price": 65487.60378,
    "quantity": 0.032,
    "remaining_quantity": 0.032
  },
  {
    "event_id": "1a6e11ba2f1d2e729dc9b2477394df0fe2e3c29dade4fdf47c9128ea1f4b088d",
    "schema_version": "1.0.0",
    "event_type": "agent_order",
    "source": "synthetic_agent",
    "symbol": "BTCUSDT",
    "exchange": "binance_usdm",
    "timestamp": "2024-05-01T00:00:00.840000Z",
    "sequence": 12,
    "scenario_id": "scenario-466-runaway_inventory",
    "agent_id": "agent-runaway_inventory",
    "order_id": "scenario-466-runaway_inventory-agent-runaway_inventory-12",
    "action": "new",
    "side": "buy",
    "price": 65489.56776,
    "quantity": 0.034,
    "remaining_quantity": 0.034
  },
  {
    "event_id": "a392a8d9f347011009ad79d63bc0d7a37cbc7004e92b83ef51beeb19f475ce76",
    "schema_version": "1.0.0",
    "event_type": "agent_order",
    "source": "synthetic_agent",
    "symbol": "BTCUSDT",
    "exchange": "binance_usdm",
    "timestamp": "2024-05-01T00:00:00.910000Z",
    "sequence": 13,
    "scenario_id": "scenario-466-runaway_inventory",
    "agent_id": "agent-runaway_inventory",
    "order_id": "scenario-466-runaway_inventory-agent-runaway_inventory-13",
    "action": "new",
    "side": "buy",
    "price": 65491.53173999999,
    "quantity": 0.036000000000000004,
    "remaining_quantity": 0.036000000000000004
  },
  {
    "event_id": "70ba0c8228f1fa46335b50787b23e0154b563e1f3e05376b9dd74a5b10f36e0e",
    "schema_version": "1.0.0",
    "event_type": "agent_order",
    "source": "synthetic_agent",
    "symbol": "BTCUSDT",
    "exchange": "binance_usdm",
    "timestamp": "2024-05-01T00:00:00.980000Z",
    "sequence": 14,
    "scenario_id": "scenario-466-runaway_inventory",
    "agent_id": "agent-runaway_inventory",
    "order_id": "scenario-466-runaway_inventory-agent-runaway_inventory-14",
    "action": "new",
    "side": "buy",
    "price": 65493.495720000006,
    "quantity": 0.038,
    "remaining_quantity": 0.038
  },
  {
    "event_id": "da72d5e4ec8b8fb4fca3a93d00b8915c0330de4fd896245f8aeb5e546d603b77",
    "schema_version": "1.0.0",
    "event_type": "agent_order",
    "source": "synthetic_agent",
    "symbol": "BTCUSDT",
    "exchange": "binance_usdm",
    "timestamp": "2024-05-01T00:00:01.050000Z",
    "sequence": 15,
    "scenario_id": "scenario-466-runaway_inventory",
    "agent_id": "agent-runaway_inventory",
    "order_id": "scenario-466-runaway_inventory-agent-runaway_inventory-15",
    "action": "new",
    "side": "buy",
    "price": 65495.45970000001,
    "quantity": 0.04,
    "remaining_quantity": 0.04
  },
  {
    "event_id": "63acb1d60feca08a7a6f0349eb1d91e0ebd053e7176cb81e5d4624d59f17ac72",
    "schema_version": "1.0.0",
    "event_type": "agent_order",
    "source": "synthetic_agent",
    "symbol": "BTCUSDT",
    "exchange": "binance_usdm",
    "timestamp": "2024-05-01T00:00:01.120000Z",
    "sequence": 16,
    "scenario_id": "scenario-466-runaway_inventory",
    "agent_id": "agent-runaway_inventory",
    "order_id": "scenario-466-runaway_inventory-agent-runaway_inventory-16",
    "action": "new",
    "side": "buy",
    "price": 65497.42368,
    "quantity": 0.042,
    "remaining_quantity": 0.042
  },
  {
    "event_id": "1eef43f11f5ed5963c302b864ca0d67887215ebbe8f8155b17b3795f567edd4d",
    "schema_version": "1.0.0",
    "event_type": "agent_order",
    "source": "synthetic_agent",
    "symbol": "BTCUSDT",
    "exchange": "binance_usdm",
    "timestamp": "2024-05-01T00:00:01.190000Z",
    "sequence": 17,
    "scenario_id": "scenario-466-runaway_inventory",
    "agent_id": "agent-runaway_inventory",
    "order_id": "scenario-466-runaway_inventory-agent-runaway_inventory-17",
    "action": "new",
    "side": "buy",
    "price": 65499.38766,
    "quantity": 0.044000000000000004,
    "remaining_quantity": 0.044000000000000004
  },
  {
    "event_id": "038abf6e5e233c42e753c9d9b84e1cfc88bfa8d631957b63a170d35ea9021365",
    "schema_version": "1.0.0",
    "event_type": "agent_order",
    "source": "synthetic_agent",
    "symbol": "BTCUSDT",
    "exchange": "binance_usdm",
    "timestamp": "2024-05-01T00:00:01.260000Z",
    "sequence": 18,
    "scenario_id": "scenario-466-runaway_inventory",
    "agent_id": "agent-runaway_inventory",
    "order_id": "scenario-466-runaway_inventory-agent-runaway_inventory-18",
    "action": "new",
    "side": "buy",
    "price": 65501.35164,
    "quantity": 0.046000000000000006,
    "remaining_quantity": 0.046000000000000006
  },
  {
    "event_id": "b60698339003b4141a3247b93017eee8cf77c4239b0f7eb8816b8da35eec9e97",
    "schema_version": "1.0.0",
    "event_type": "agent_order",
    "source": "synthetic_agent",
    "symbol": "BTCUSDT",
    "exchange": "binance_usdm",
    "timestamp": "2024-05-01T00:00:01.330000Z",
    "sequence": 19,
    "scenario_id": "scenario-466-runaway_inventory",
    "agent_id": "agent-runaway_inventory",
    "order_id": "scenario-466-runaway_inventory-agent-runaway_inventory-19",
    "action": "new",
    "side": "buy",
    "price": 65503.315619999994,
    "quantity": 0.048,
    "remaining_quantity": 0.048
  },
  {
    "event_id": "1d6246052e30b4c5234dd8f8c9d2f3db31419fe897fa5f3fc38a50bd81d5a4f1",
    "schema_version": "1.0.0",
    "event_type": "agent_order",
    "source": "synthetic_agent",
    "symbol": "BTCUSDT",
    "exchange": "binance_usdm",
    "timestamp": "2024-05-01T00:00:01.400000Z",
    "sequence": 20,
    "scenario_id": "scenario-466-runaway_inventory",
    "agent_id": "agent-runaway_inventory",
    "order_id": "scenario-466-runaway_inventory-agent-runaway_inventory-20",
    "action": "new",
    "side": "buy",
    "price": 65505.279599999994,
    "quantity": 0.05,
    "remaining_quantity": 0.05
  },
  {
    "event_id": "4050a20ba6811bf7fdba0ff32d7df48cac4b6387c2323965aa89b9f7dac1e55b",
    "schema_version": "1.0.0",
    "event_type": "agent_order",
    "source": "synthetic_agent",
    "symbol": "BTCUSDT",
    "exchange": "binance_usdm",
    "timestamp": "2024-05-01T00:00:01.470000Z",
    "sequence": 21,
    "scenario_id": "scenario-466-runaway_inventory",
    "agent_id": "agent-runaway_inventory",
    "order_id": "scenario-466-runaway_inventory-agent-runaway_inventory-21",
    "action": "new",
    "side": "buy",
    "price": 65507.243579999995,
    "quantity": 0.052000000000000005,
    "remaining_quantity": 0.052000000000000005
  },
  {
    "event_id": "c4d98649043b477caf956d5282a1c99be0a5306f1773542bff10a7fcf4d951b3",
    "schema_version": "1.0.0",
    "event_type": "agent_order",
    "source": "synthetic_agent",
    "symbol": "BTCUSDT",
    "exchange": "binance_usdm",
    "timestamp": "2024-05-01T00:00:01.540000Z",
    "sequence": 22,
    "scenario_id": "scenario-466-runaway_inventory",
    "agent_id": "agent-runaway_inventory",
    "order_id": "scenario-466-runaway_inventory-agent-runaway_inventory-22",
    "action": "new",
    "side": "buy",
    "price": 65509.20756000001,
    "quantity": 0.054,
    "remaining_quantity": 0.054
  },
  {
    "event_id": "cf3feee4cc21dbfd603cc01087cebd4b5c98f788369c62efad121e382455db2f",
    "schema_version": "1.0.0",
    "event_type": "agent_order",
    "source": "synthetic_agent",
    "symbol": "BTCUSDT",
    "exchange": "binance_usdm",
    "timestamp": "2024-05-01T00:00:01.610000Z",
    "sequence": 23,
    "scenario_id": "scenario-466-runaway_inventory",
    "agent_id": "agent-runaway_inventory",
    "order_id": "scenario-466-runaway_inventory-agent-runaway_inventory-23",
    "action": "new",
    "side": "buy",
    "price": 65511.17154,
    "quantity": 0.056,
    "remaining_quantity": 0.056
  },
  {
    "event_id": "dfceca8684638069aaeb0a0e1721d0659758eb0d49a50880d391ebfceb5d359a",
    "schema_version": "1.0.0",
    "event_type": "agent_order",
    "source": "synthetic_agent",
    "symbol": "BTCUSDT",
    "exchange": "binance_usdm",
    "timestamp": "2024-05-01T00:00:01.680000Z",
    "sequence": 24,
    "scenario_id": "scenario-466-runaway_inventory",
    "agent_id": "agent-runaway_inventory",
    "order_id": "scenario-466-runaway_inventory-agent-runaway_inventory-24",
    "action": "new",
    "side": "buy",
    "price": 65513.13552,
    "quantity": 0.058,
    "remaining_quantity": 0.058
  },
  {
    "event_id": "b0fe9b044fb3da87548394736a89205950bbcdb11521d178aa74385741406c78",
    "schema_version": "1.0.0",
    "event_type": "agent_order",
    "source": "synthetic_agent",
    "symbol": "BTCUSDT",
    "exchange": "binance_usdm",
    "timestamp": "2024-05-01T00:00:01.750000Z",
    "sequence": 25,
    "scenario_id": "scenario-466-runaway_inventory",
    "agent_id": "agent-runaway_inventory",
    "order_id": "scenario-466-runaway_inventory-agent-runaway_inventory-25",
    "action": "new",
    "side": "buy",
    "price": 65515.099500000004,
    "quantity": 0.060000000000000005,
    "remaining_quantity": 0.060000000000000005
  },
  {
    "event_id": "b284b58bf2dd7a44fd3a084de6bd12fead909828754e3901286ea51fa8b5c57f",
    "schema_version": "1.0.0",
    "event_type": "agent_order",
    "source": "synthetic_agent",
    "symbol": "BTCUSDT",
    "exchange": "binance_usdm",
    "timestamp": "2024-05-01T00:00:01.820000Z",
    "sequence": 26,
    "scenario_id": "scenario-466-runaway_inventory",
    "agent_id": "agent-runaway_inventory",
    "order_id": "scenario-466-runaway_inventory-agent-runaway_inventory-26",
    "action": "new",
    "side": "buy",
    "price": 65517.06348,
    "quantity": 0.062000000000000006,
    "remaining_quantity": 0.062000000000000006
  },
  {
    "event_id": "f3c6a2864937617493c83d2ec3a9328bb6c862012f53eeea4926e0b1e1f8b4ec",
    "schema_version": "1.0.0",
    "event_type": "agent_order",
    "source": "synthetic_agent",
    "symbol": "BTCUSDT",
    "exchange": "binance_usdm",
    "timestamp": "2024-05-01T00:00:01.890000Z",
    "sequence": 27,
    "scenario_id": "scenario-466-runaway_inventory",
    "agent_id": "agent-runaway_inventory",
    "order_id": "scenario-466-runaway_inventory-agent-runaway_inventory-27",
    "action": "new",
    "side": "buy",
    "price": 65519.02746,
    "quantity": 0.064,
    "remaining_quantity": 0.064
  },
  {
    "event_id": "f8b35e540b423ef7036f231120200e14009059ffb2190c606c9bc313e6401648",
    "schema_version": "1.0.0",
    "event_type": "agent_order",
    "source": "synthetic_agent",
    "symbol": "BTCUSDT",
    "exchange": "binance_usdm",
    "timestamp": "2024-05-01T00:00:01.960000Z",
    "sequence": 28,
    "scenario_id": "scenario-466-runaway_inventory",
    "agent_id": "agent-runaway_inventory",
    "order_id": "scenario-466-runaway_inventory-agent-runaway_inventory-28",
    "action": "new",
    "side": "buy",
    "price": 65520.99144,
    "quantity": 0.066,
    "remaining_quantity": 0.066
  },
  {
    "event_id": "40c19f09b626e84df58b30b04de94a185c6cca5fb64aff55a92211dee30f59a9",
    "schema_version": "1.0.0",
    "event_type": "agent_order",
    "source": "synthetic_agent",
    "symbol": "BTCUSDT",
    "exchange": "binance_usdm",
    "timestamp": "2024-05-01T00:00:02.030000Z",
    "sequence": 29,
    "scenario_id": "scenario-466-runaway_inventory",
    "agent_id": "agent-runaway_inventory",
    "order_id": "scenario-466-runaway_inventory-agent-runaway_inventory-29",
    "action": "new",
    "side": "buy",
    "price": 65522.95542,
    "quantity": 0.068,
    "remaining_quantity": 0.068
  }
]