[
  {
    "event_id": "fd57abe8201637b1d5ba73206bd9799616823f104cf5bb419801291ccb9ee684",
    "schema_version": "1.0.0",
    "event_type": "agent_order",
    "source": "synthetic_agent",
    "symbol": "BTCUSDT",
    "exchange": "binance_usdm",
    "timestamp": "2024-05-01T00:00:00Z",
    "sequence": 0,
    "scenario_id": "scenario-240-passive_market_maker",
    "agent_id": "agent-passive_market_maker",
    "order_id": "scenario-240-passive_market_maker-agent-passive_market_maker-0",
    "action": "new",
    "side": "buy",
    "price": 65174.76,
    "quantity": 0.01,
    "remaining_quantity": 0.01
  },
  {
    "event_id": "3a47e8d79e795fc2abccdcc7d95647120f30f481cc3f6158ad291ce3af5509a8",
    "schema_version": "1.0.0",
    "event_type": "agent_order",
    "source": "synthetic_agent",
    "symbol": "BTCUSDT",
    "exchange": "binance_usdm",
    "timestamp": "2024-05-01T00:00:00.100000Z",
    "sequence": 1,
    "scenario_id": "scenario-240-passive_market_maker",
    "agent_id": "agent-passive_market_maker",
    "order_id": "scenario-240-passive_market_maker-agent-passive_market_maker-1",
    "action": "new",
    "side": "sell",
    "price": 65305.23999999999,
    "quantity": 0.01,
    "remaining_quantity": 0.01
  },
  {
    "event_id": "7259c8900d463e093c218e329ac8008384b013e8ac9cb67433ca70e78494770c",
    "schema_version": "1.0.0",
    "event_type": "agent_order",
    "source": "synthetic_agent",
    "symbol": "BTCUSDT",
    "exchange": "binance_usdm",
    "timestamp": "2024-05-01T00:00:00.200000Z",
    "sequence": 2,
    "scenario_id": "scenario-240-passive_market_maker",
    "agent_id": "agent-passive_market_maker",
    "order_id": "scenario-240-passive_market_maker-agent-passive_market_maker-2",
    "action": "new",
    "side": "buy",
    "price": 65174.76,
    "quantity": 0.01,
    "remaining_quantity": 0.01
  },
  {
    "event_id": "8ec93f50415ba71a48ee422d428e9a03e2ebd584b1bcf0c21633279ce12a2bc7",
    "schema_version": "1.0.0",
    "event_type": "agent_order",
    "source": "synthetic_agent",
    "symbol": "BTCUSDT",
    "exchange": "binance_usdm",
    "timestamp": "2024-05-01T00:00:00.300000Z",
    "sequence": 3,
    "scenario_id": "scenario-240-passive_market_maker",
    "agent_id": "agent-passive_market_maker",
    "order_id": "scenario-240-passive_market_maker-agent-passive_market_maker-3",
    "action": "new",
    "side": "sell",
    "price": 65305.23999999999,
    "quantity": 0.01,
    "remaining_quantity": 0.01
  },
  {
    "event_id": "51b650d62403e0ce10c998711c4547ce5da507dd27dc7eac01e351e95103d355",
    "schema_version": "1.0.0",
    "event_type": "agent_order",
    "source": "synthetic_agent",
    "symbol": "BTCUSDT",
    "exchange": "binance_usdm",
    "timestamp": "2024-05-01T00:00:00.400000Z",
    "sequence": 4,
    "scenario_id": "scenario-240-passive_market_maker",
    "agent_id": "agent-passive_market_maker",
    "order_id": "scenario-240-passive_market_maker-agent-passive_market_maker-4",
    "action": "new",
    "side": "buy",
    "price": 65174.76,
    "quantity": 0.01,
    "remaining_quantity": 0.01
  },
  {
    "event_id": "ff14f76ea95c9dc5783f1116329d6972e77ad36776d0d15698ca383744c27f52",
    "schema_version": "1.0.0",
    "event_type": "agent_order",
    "source": "synthetic_agent",
    "symbol": "BTCUSDT",
    "exchange": "binance_usdm",
    "timestamp": "2024-05-01T00:00:00.500000Z",
    "sequence": 5,
    "scenario_id": "scenario-240-passive_market_maker",
    "agent_id": "agent-passive_market_maker",
    "order_id": "scenario-240-passive_market_maker-agent-passive_market_maker-5",
    "action": "new",
    "side": "sell",
    "price": 65305.23999999999,
    "quantity": 0.01,
    "remaining_quantity": 0.01
  },
  {
    "event_id": "7add9622f98675791f17fec1059a5865af0487393250f57a6e19d3395fef8f36",
    "schema_version": "1.0.0",
    "event_type": "agent_order",
    "source": "synthetic_agent",
    "symbol": "BTCUSDT",
    "exchange": "binance_usdm",
    "timestamp": "2024-05-01T00:00:00.600000Z",
    "sequence": 6,
    "scenario_id": "scenario-240-passive_market_maker",
    "agent_id": "agent-passive_market_maker",
    "order_id": "scenario-240-passive_market_maker-agent-passive_market_maker-6",
    "action": "new",
    "side": "buy",
    "price": 65174.76,
    "quantity": 0.01,
    "remaining_quantity": 0.01
  },
  {
    "event_id": "d6e025821a46cacc4b6b06f383ff77669167711d7a4d06365df85394793ad0bd",
    "schema_version": "1.0.0",
    "event_type": "agent_order",
    "source": "synthetic_agent",
    "symbol": "BTCUSDT",
    "exchange": "binance_usdm",
    "timestamp": "2024-05-01T00:00:00.700000Z",
    "sequence": 7,
    "scenario_id": "scenario-240-passive_market_maker",
    "agent_id": "agent-passive_market_maker",
    "order_id": "scenario-240-passive_market_maker-agent-passive_market_maker-7",
    "action": "new",
    "side": "sell",
    "price": 65305.23999999999,
    "quantity": 0.01,
    "remaining_quantity": 0.01
  },
  {
    "event_id": "3ecf06ac1cf65b4e14160ca1fe3ceecd51b946397190f681edd2a634d01bf853",
    "schema_version": "1.0.0",
    "event_type": "agent_order",
    "source": "synthetic_agent",
    "symbol": "BTCUSDT",
    "exchange": "binance_usdm",
    "timestamp": "2024-05-01T00:00:00.800000Z",
    "sequence": 8,
    "scenario_id": "scenario-240-passive_market_maker",
    "agent_id": "agent-passive_market_maker",
    "order_id": "scenario-240-passive_market_maker-agent-passive_market_maker-8",
    "action": "new",
    "side": "buy",
    "price": 65174.76,
    "quantity": 0.01,
    "remaining_quantity": 0.01
  },
  {
    "event_id": "b8c24344d66886a4622d1718debe081c8942957306f71c1f0dfa87b7008ece60",
    "schema_version": "1.0.0",
    "event_type": "agent_order",
    "source": "synthetic_agent",
    "symbol": "BTCUSDT",
    "exchange": "binance_usdm",
    "timestamp": "2024-05-01T00:00:00.900000Z",
    "sequence": 9,
    "scenario_id": "scenario-240-passive_market_maker",
    "agent_id": "agent-passive_market_maker",
    "order_id": "scenario-240-passive_market_maker-agent-passive_market_maker-9",
    "action": "new",
    "side": "sell",
    "price": 65305.23999999999,
    "quantity": 0.01,
    "remaining_quantity": 0.01
  },
  {
    "event_id": "25c9782903ddd30d236dc8540b741d7325fcb954458397dffac06cda857c34cd",
    "schema_version": "1.0.0",
    "event_type": "agent_order",
    "source": "synthetic_agent",
    "symbol": "BTCUSDT",
    "exchange": "binance_usdm",
    "timestamp": "2024-05-01T00:00:01Z",
    "sequence": 10,
    "scenario_id": "scenario-240-passive_market_maker",
    "agent_id": "agent-passive_market_maker",
    "order_id": "scenario-240-passive_market_maker-agent-passive_market_maker-10",
    "action": "new",
    "side": "buy",
    "price": 65174.76,
    "quantity": 0.01,
    "remaining_quantity": 0.01
  },
  {
    "event_id": "64761972ac6d2491a385f859473d10efcfeb041cffc6c29dad8f05fb364fce76",
    "schema_version": "1.0.0",
    "event_type": "agent_order",
    "source": "synthetic_agent",
    "symbol": "BTCUSDT",
    "exchange": "binance_usdm",
    "timestamp": "2024-05-01T00:00:01.100000Z",
    "sequence": 11,
    "scenario_id": "scenario-240-passive_market_maker",
    "agent_id": "agent-passive_market_maker",
    "order_id": "scenario-240-passive_market_maker-agent-passive_market_maker-11",
    "action": "new",
    "side": "sell",
    "price": 65305.23999999999,
    "quantity": 0.01,
    "remaining_quantity": 0.01
  },
  {
    "event_id": "74eb4066afd915d74056b75befe7fa240d033139b4808b07e25bfb74cb8e601e",
    "schema_version": "1.0.0",
    "event_type": "agent_order",
    "source": "synthetic_agent",
    "symbol": "BTCUSDT",
    "exchange": "binance_usdm",
    "timestamp": "2024-05-01T00:00:01.200000Z",
    "sequence": 12,
    "scenario_id": "scenario-240-passive_market_maker",
    "agent_id": "agent-passive_market_maker",
    "order_id": "scenario-240-passive_market_maker-agent-passive_market_maker-12",
    "action": "new",
    "side": "buy",
    "price": 65174.76,
    "quantity": 0.01,
    "remaining_quantity": 0.01
  },
  {
    "event_id": "c7c3008e3919c0aea0f595e45fef8bcc319081024c492b09ffce245efb0be96a",
    "schema_version": "1.0.0",
    "event_type": "agent_order",
    "source": "synthetic_agent",
    "symbol": "BTCUSDT",
    "exchange": "binance_usdm",
    "timestamp": "2024-05-01T00:00:01.300000Z",
    "sequence": 13,
    "scenario_id": "scenario-240-passive_market_maker",
    "agent_id": "agent-passive_market_maker",
    "order_id": "scenario-240-passive_market_maker-agent-passive_market_maker-13",
    "action": "new",
    "side": "sell",
    "price": 65305.23999999999,
    "quantity": 0.01,
    "remaining_quantity": 0.01
  },
  {
    "event_id": "157395448cc5101ba053b1a6f70aa618df7ec697d6071e6887a080751c029e0c",
    "schema_version": "1.0.0",
    "event_type": "agent_order",
    "source": "synthetic_agent",
    "symbol": "BTCUSDT",
    "exchange": "binance_usdm",
    "timestamp": "2024-05-01T00:00:01.400000Z",
    "sequence": 14,
    "scenario_id": "scenario-240-passive_market_maker",
    "agent_id": "agent-passive_market_maker",
    "order_id": "scenario-240-passive_market_maker-agent-passive_market_maker-14",
    "action": "new",
    "side": "buy",
    "price": 65174.76,
    "quantity": 0.01,
    "remaining_quantity": 0.01
  },
  {
    "event_id": "a61d924cc0cc2f4cfa24e4036ddf3cfde2fa24482a967b2b784f971a25f00405",
    "schema_version": "1.0.0",
    "event_type": "agent_order",
    "source": "synthetic_agent",
    "symbol": "BTCUSDT",
    "exchange": "binance_usdm",
    "timestamp": "2024-05-01T00:00:01.500000Z",
    "sequence": 15,
    "scenario_id": "scenario-240-passive_market_maker",
    "agent_id": "agent-passive_market_maker",
    "order_id": "scenario-240-passive_market_maker-agent-passive_market_maker-15",
    "action": "new",
    "side": "sell",
    "price": 65305.23999999999,
    "quantity": 0.01,
    "remaining_quantity": 0.01
  },
  {
    "event_id": "49a079b202cd1dbe82c32e09f78b8b75e9d760a9ddc024fe5e2bd7e2bcb24b92",
    "schema_version": "1.0.0",
    "event_type": "agent_order",
    "source": "synthetic_agent",
    "symbol": "BTCUSDT",
    "exchange": "binance_usdm",
    "timestamp": "2024-05-01T00:00:01.600000Z",
    "sequence": 16,
    "scenario_id": "scenario-240-passive_market_maker",
    "agent_id": "agent-passive_market_maker",
    "order_id": "scenario-240-passive_market_maker-agent-passive_market_maker-16",
    "action": "new",
    "side": "buy",
    "price": 65174.76,
    "quantity": 0.01,
    "remaining_quantity": 0.01
  },
  {
    "event_id": "4c799613894c2286158523d40ae4b8dd4961809c3eeff0e6027c84931c5cd0b6",
    "schema_version": "1.0.0",
    "event_type": "agent_order",
    "source": "synthetic_agent",
    "symbol": "BTCUSDT",
    "exchange": "binance_usdm",
    "timestamp": "2024-05-01T00:00:01.700000Z",
    "sequence": 17,
    "scenario_id": "scenario-240-passive_market_maker",
    "agent_id": "agent-passive_market_maker",
    "order_id": "scenario-240-passive_market_maker-agent-passive_market_maker-17",
    "action": "new",
    "side": "sell",
    "price": 65305.23999999999,
    "quantity": 0.01,
    "remaining_quantity": 0.01
  },
  {
    "event_id": "c5c97074bfac9bbb09caaacfd7b28b678620446ec8f286ee46ca59a184ecb0c4",
    "schema_version": "1.0.0",
    "event_type": "agent_order",
    "source": "synthetic_agent",
    "symbol": "BTCUSDT",
    "exchange": "binance_usdm",
    "timestamp": "2024-05-01T00:00:01.800000Z",
    "sequence": 18,
    "scenario_id": "scenario-240-passive_market_maker",
    "agent_id": "agent-passive_market_maker",
    "order_id": "scenario-240-passive_market_maker-agent-passive_market_maker-18",
    "action": "new",
    "side": "buy",
    "price": 65174.76,
    "quantity": 0.01,
    "remaining_quantity": 0.01
  },
  {
    "event_id": "55467af66e69a2c1ea465007f62c79be1babcbb58802f4ca9de48a602c11475b",
    "schema_version": "1.0.0",
    "event_type": "agent_order",
    "source": "synthetic_agent",
    "symbol": "BTCUSDT",
    "exchange": "binance_usdm",
    "timestamp": "2024-05-01T00:00:01.900000Z",
    "sequence": 19,
    "scenario_id": "scenario-240-passive_market_maker",
    "agent_id": "agent-passive_market_maker",
    "order_id": "scenario-240-passive_market_maker-agent-passive_market_maker-19",
    "action": "new",
    "side": "sell",
    "price": 65305.23999999999,
    "quantity": 0.01,
    "remaining_quantity": 0.01
  },
  {
    "event_id": "387ccbc2eb2eefa02a9fd4114deca0032508ddc4031d1f6d83068cf4caca977e",
    "schema_version": "1.0.0",
    "event_type": "agent_order",
    "source": "synthetic_agent",
    "symbol": "BTCUSDT",
    "exchange": "binance_usdm",
    "timestamp": "2024-05-01T00:00:02Z",
    "sequence": 20,
    "scenario_id": "scenario-240-passive_market_maker",
    "agent_id": "agent-passive_market_maker",
    "order_id": "scenario-240-passive_market_maker-agent-passive_market_maker-20",
    "action": "new",
    "side": "buy",
    "price": 65174.76,
    "quantity": 0.01,
    "remaining_quantity": 0.01
  },
  {
    "event_id": "dee4fcd8c4c2fac6a260d101389dbaad80ae6e12f7b700a2c41e6d15df85b12c",
    "schema_version": "1.0.0",
    "event_type": "agent_order",
    "source": "synthetic_agent",
    "symbol": "BTCUSDT",
    "exchange": "binance_usdm",
    "timestamp": "2024-05-01T00:00:02.100000Z",
    "sequence": 21,
    "scenario_id": "scenario-240-passive_market_maker",
    "agent_id": "agent-passive_market_maker",
    "order_id": "scenario-240-passive_market_maker-agent-passive_market_maker-21",
    "action": "new",
    "side": "sell",
    "price": 65305.23999999999,
    "quantity": 0.01,
    "remaining_quantity": 0.01
  },
  {
    "event_id": "c0632fffe3ffbec85916f4abc92b3d41374ad1e93c24d123cd06bc91aff43459",
    "schema_version": "1.0.0",
    "event_type": "agent_order",
    "source": "synthetic_agent",
    "symbol": "BTCUSDT",
    "exchange": "binance_usdm",
    "timestamp": "2024-05-01T00:00:02.200000Z",
    "sequence": 22,
    "scenario_id": "scenario-240-passive_market_maker",
    "agent_id": "agent-passive_market_maker",
    "order_id": "scenario-240-passive_market_maker-agent-passive_market_maker-22",
    "action": "new",
    "side": "buy",
    "price": 65174.76,
    "quantity": 0.01,
    "remaining_quantity": 0.01
  },
  {
    "event_id": "51dfe108970fd6c1212004ba1241c6828a804efcbf137738bcf81469fc5d7a2b",
    "schema_version": "1.0.0",
    "event_type": "agent_order",
    "source": "synthetic_agent",
    "symbol": "BTCUSDT",
    "exchange": "binance_usdm",
    "timestamp": "2024-05-01T00:00:02.300000Z",
    "sequence": 23,
    "scenario_id": "scenario-240-passive_market_maker",
    "agent_id": "agent-passive_market_maker",
    "order_id": "scenario-240-passive_market_maker-agent-passive_market_maker-23",
    "action": "new",
    "side": "sell",
    "price": 65305.23999999999,
    "quantity": 0.01,
    "remaining_quantity": 0.01
  },
  {
    "event_id": "e18bc16df99e1c73d6e08993a2a19e3bcccd991ec2b6c87d5d843cc204c3d98a",
    "schema_version": "1.0.0",
    "event_type": "agent_order",
    "source": "synthetic_agent",
    "symbol": "BTCUSDT",
    "exchange": "binance_usdm",
    "timestamp": "2024-05-01T00:00:02.400000Z",
    "sequence": 24,
    "scenario_id": "scenario-240-passive_market_maker",
    "agent_id": "agent-passive_market_maker",
    "order_id": "scenario-240-passive_market_maker-agent-passive_market_maker-24",
    "action": "new",
    "side": "buy",
    "price": 65174.76,
    "quantity": 0.01,
    "remaining_quantity": 0.01
  },
  {
    "event_id": "647d27e4132a2986224a47337e1184cdee216f3bd2b31b8ec97a7a431b7dd1cc",
    "schema_version": "1.0.0",
    "event_type": "agent_order",
    "source": "synthetic_agent",
    "symbol": "BTCUSDT",
    "exchange": "binance_usdm",
    "timestamp": "2024-05-01T00:00:02.500000Z",
    "sequence": 25,
    "scenario_id": "scenario-240-passive_market_maker",
    "agent_id": "agent-passive_market_maker",
    "order_id": "scenario-240-passive_market_maker-agent-passive_market_maker-25",
    "action": "new",
    "side": "sell",
    "price": 65305.23999999999,
    "quantity": 0.01,
    "remaining_quantity": 0.01
  },
  {
    "event_id": "888ab66b64553d71fb646b32c4f999f66782e4a5fcf2d2b48f34481a30ed6dec",
    "schema_version": "1.0.0",
    "event_type": "agent_order",
    "source": "synthetic_agent",
    "symbol": "BTCUSDT",
    "exchange": "binance_usdm",
    "timestamp": "2024-05-01T00:00:02.600000Z",
    "sequence": 26,
    "scenario_id": "scenario-240-passive_market_maker",
    "agent_id": "agent-passive_market_maker",
    "order_id": "scenario-240-passive_market_maker-agent-passive_market_maker-26",
    "action": "new",
    "side": "buy",
    "price": 65174.76,
    "quantity": 0.01,
    "remaining_quantity": 0.01
  },
  {
    "event_id": "cef879a52c55c8132735b2639e01a59f7c54cb44d25ae789eefb87b47cd79b4b",
    "schema_version": "1.0.0",
    "event_type": "agent_order",
    "source": "synthetic_agent",
    "symbol": "BTCUSDT",
    "exchange": "binance_usdm",
    "timestamp": "2024-05-01T00:00:02.700000Z",
    "sequence": 27,
    "scenario_id": "scenario-240-passive_market_maker",
    "agent_id": "agent-passive_market_maker",
    "order_id": "scenario-240-passive_market_maker-agent-passive_market_maker-27",
    "action": "new",
    "side": "sell",
    "price": 65305.23999999999,
    "quantity": 0.01,
    "remaining_quantity": 0.01
  },
  {
    "event_id": "6ac5dce878e5efd19a164f6e68cea7180bc0eb8a9cb4c5e473e662fabb6dee63",
    "schema_version": "1.0.0",
    "event_type": "agent_order",
    "source": "synthetic_agent",
    "symbol": "BTCUSDT",
    "exchange": "binance_usdm",
    "timestamp": "2024-05-01T00:00:02.800000Z",
    "sequence": 28,
    "scenario_id": "scenario-240-passive_market_maker",
    "agent_id": "agent-passive_market_maker",
    "order_id": "scenario-240-passive_market_maker-agent-passive_market_maker-28",
    "action": "new",
    "side": "buy",
    "price": 65174.76,
    "quantity": 0.01,
    "remaining_quantity": 0.01
  },
  {
    "event_id": "b41de92b04f994f0e43d79f29a2e9b87546a56ba25c43c0dbc1525b832fcaab6",
    "schema_version": "1.0.0",
    "event_type": "agent_order",
    "source": "synthetic_agent",
    "symbol": "BTCUSDT",
    "exchange": "binance_usdm",
    "timestamp": "2024-05-01T00:00:02.900000Z",
    "sequence": 29,
    "scenario_id": "scenario-240-passive_market_maker",
    "agent_id": "agent-passive_market_maker",
    "order_id": "scenario-240-passive_market_maker-agent-passive_market_maker-29",
    "action": "new",
    "side": "sell",
    "price": 65305.23999999999,
    "quantity": 0.01,
    "remaining_quantity": 0.01
  }
]