[
  {
    "event_id": "64bcc1137ed824c0d77087772763b523c6170d0d8b112299fd333c6ff6401249",
    "schema_version": "1.0.0",
    "event_type": "agent_order",
    "source": "synthetic_agent",
    "symbol": "BTCUSDT",
    "exchange": "binance_usdm",
    "timestamp": "2024-05-01T00:00:00Z",
    "sequence": 0,
    "scenario_id": "scenario-140-latency_edge",
    "agent_id": "agent-latency_edge",
    "order_id": "scenario-140-latency_edge-agent-latency_edge-0",
    "action": "new",
    "side": "buy",
    "price": 65179.083999999995,
    "quantity": 0.006,
    "remaining_quantity": 0.006
  },
  {
    "event_id": "39457c593ca07e103d05f922ef7f9b81eef00b6b7c5d500ff9abf1f54af1f23a",
    "schema_version": "1.0.0",
    "event_type": "agent_order",
    "source": "synthetic_agent",
    "symbol": "BTCUSDT",
    "exchange": "binance_usdm",
    "timestamp": "2024-05-01T00:00:00.008000Z",
    "sequence": 1,
    "scenario_id": "scenario-140-latency_edge",
    "agent_id": "agent-latency_edge",
    "order_id": "scenario-140-latency_edge-agent-latency_edge-1",
    "action": "new",
    "side": "buy",
    "price": 65179.083999999995,
    "quantity": 0.006,
    "remaining_quantity": 0.006
  },
  {
    "event_id": "3214660921d02d562330c1385c8ff58f9bde9bcee4ad4c71f3fb1e279b0d5d6b",
    "schema_version": "1.0.0",
    "event_type": "agent_order",
    "source": "synthetic_agent",
    "symbol": "BTCUSDT",
    "exchange": "binance_usdm",
    "timestamp": "2024-05-01T00:00:00.016000Z",
    "sequence": 2,
    "scenario_id": "scenario-140-latency_edge",
    "agent_id": "agent-latency_edge",
    "order_id": "scenario-140-latency_edge-agent-latency_edge-2",
    "action": "new",
    "side": "sell",
    "price": 65100.916,
    "quantity": 0.006,
    "remaining_quantity": 0.006
  },
  {
    "event_id": "670ce708ffd87e06e8a470e99a254099f5151e864da118dc210ca6d9817bac01",
    "schema_version": "1.0.0",
    "event_type": "agent_order",
    "source": "synthetic_agent",
    "symbol": "BTCUSDT",
    "exchange": "binance_usdm",
    "timestamp": "2024-05-01T00:00:00.024000Z",
    "sequence": 3,
    "scenario_id": "scenario-140-latency_edge",
    "agent_id": "agent-latency_edge",
    "order_id": "scenario-140-latency_edge-agent-latency_edge-3",
    "action": "new",
    "side": "sell",
    "price": 65100.916,
    "quantity": 0.006,
    "remaining_quantity": 0.006
  },
  {
    "event_id": "420ce8258616385feeeaaa4130e0010526b094af7a51030df01f3ff828a200f6",
    "schema_version": "1.0.0",
    "event_type": "agent_order",
    "source": "synthetic_agent",
    "symbol": "BTCUSDT",
    "exchange": "binance_usdm",
    "timestamp": "2024-05-01T00:00:00.032000Z",
    "sequence": 4,
    "scenario_id": "scenario-140-latency_edge",
    "agent_id": "agent-latency_edge",
    "order_id": "scenario-140-latency_edge-agent-latency_edge-4",
    "action": "new",
    "side": "buy",
    "price": 65179.083999999995,
    "quantity": 0.006,
    "remaining_quantity": 0.006
  },
  {
    "event_id": "1bf17fb59ec77dabd082ff9735159e95b3cd5c7656d627ad4f8ed7041554408c",
    "schema_version": "1.0.0",
    "event_type": "agent_order",
    "source": "synthetic_agent",
    "symbol": "BTCUSDT",
    "exchange": "binance_usdm",
    "timestamp": "2024-05-01T00:00:00.040000Z",
    "sequence": 5,
    "scenario_id": "scenario-140-latency_edge",
    "agent_id": "agent-latency_edge",
    "order_id": "scenario-140-latency_edge-agent-latency_edge-5",
    "action": "new",
    "side": "buy",
    "price": 65179.083999999995,
    "quantity": 0.006,
    "remaining_quantity": 0.006
  },
  {
    "event_id": "ec8c3b659da7adfde9a4ada2541bd587d7eca5e2ff2157db73f7f55a93ca1c11",
    "schema_version": "1.0.0",
    "event_type": "agent_order",
    "source": "synthetic_agent",
    "symbol": "BTCUSDT",
    "exchange": "binance_usdm",
    "timestamp": "2024-05-01T00:00:00.048000Z",
    "sequence": 6,
    "scenario_id": "scenario-140-latency_edge",
    "agent_id": "agent-latency_edge",
    "order_id": "scenario-140-latency_edge-agent-latency_edge-6",
    "action": "new",
    "side": "sell",
    "price": 65100.916,
    "quantity": 0.006,
    "remaining_quantity": 0.006
  },
  {
    "event_id": "9a60b8808f3f4ca1823be8add38430b10a36988921737d075b39a2b6ac5c41c2",
    "schema_version": "1.0.0",
    "event_type": "agent_order",
    "source": "synthetic_agent",
    "symbol": "BTCUSDT",
    "exchange": "binance_usdm",
    "timestamp": "2024-05-01T00:00:00.056000Z",
    "sequence": 7,
    "scenario_id": "scenario-140-latency_edge",
    "agent_id": "agent-latency_edge",
    "order_id": "scenario-140-latency_edge-agent-latency_edge-7",
    "action": "new",
    "side": "sell",
    "price": 65100.916,
    "quantity": 0.006,
    "remaining_quantity": 0.006
  },
  {
    "event_id": "77dd4e1a97a5fd9fd6c9be8d3d477e15ce03e4ca38f86c341072ebe04a851bca",
    "schema_version": "1.0.0",
    "event_type": "agent_order",
    "source": "synthetic_agent",
    "symbol": "BTCUSDT",
    "exchange": "binance_usdm",
    "timestamp": "2024-05-01T00:00:00.064000Z",
    "sequence": 8,
    "scenario_id": "scenario-140-latency_edge",
    "agent_id": "agent-latency_edge",
    "order_id": "scenario-140-latency_edge-agent-latency_edge-8",
    "action": "new",
    "side": "buy",
    "price": 65179.083999999995,
    "quantity": 0.006,
    "remaining_quantity": 0.006
  },
  {
    "event_id": "55a97e0b730239febca501d67d2ca979082573623936a803a24e8c47fce641ae",
    "schema_version": "1.0.0",
    "event_type": "agent_order",
    "source": "synthetic_agent",
    "symbol": "BTCUSDT",
    "exchange": "binance_usdm",
    "timestamp": "2024-05-01T00:00:00.072000Z",
    "sequence": 9,
    "scenario_id": "scenario-140-latency_edge",
    "agent_id": "agent-latency_edge",
    "order_id": "scenario-140-latency_edge-agent-latency_edge-9",
    "action": "new",
    "side": "buy",
    "price": 65179.083999999995,
    "quantity": 0.006,
    "remaining_quantity": 0.006
  },
  {
    "event_id": "7de36888aa327cd920be3a230eb02f070d5c248c2e4a3c168bcaf79bec5b1226",
    "schema_version": "1.0.0",
    "event_type": "agent_order",
    "source": "synthetic_agent",
    "symbol": "BTCUSDT",
    "exchange": "binance_usdm",
    "timestamp": "2024-05-01T00:00:00.080000Z",
    "sequence": 10,
    "scenario_id": "scenario-140-latency_edge",
    "agent_id": "agent-latency_edge",
    "order_id": "scenario-140-latency_edge-agent-latency_edge-10",
    "action": "new",
    "side": "sell",
    "price": 65100.916,
    "quantity": 0.006,
    "remaining_quantity": 0.006
  },
  {
    "event_id": "d50a232d216d72f5ab1e33e9f8b8c07da28d8ba6a46e765a36978bece6a0e816",
    "schema_version": "1.0.0",
    "event_type": "agent_order",
    "source": "synthetic_agent",
    "symbol": "BTCUSDT",
    "exchange": "binance_usdm",
    "timestamp": "2024-05-01T00:00:00.088000Z",
    "sequence": 11,
    "scenario_id": "scenario-140-latency_edge",
    "agent_id": "agent-latency_edge",
    "order_id": "scenario-140-latency_edge-agent-latency_edge-11",
    "action": "new",
    "side": "sell",
    "price": 65100.916,
    "quantity": 0.006,
    "remaining_quantity": 0.006
  },
  {
    "event_id": "3834803ca9bc9ebbeda5d7ea443679d07ef0a4d005a6bb18bc13b2bdc0c1e4dc",
    "schema_version": "1.0.0",
    "event_type": "agent_order",
    "source": "synthetic_agent",
    "symbol": "BTCUSDT",
    "exchange": "binance_usdm",
    "timestamp": "2024-05-01T00:00:00.096000Z",
    "sequence": 12,
    "scenario_id": "scenario-140-latency_edge",
    "agent_id": "agent-latency_edge",
    "order_id": "scenario-140-latency_edge-agent-latency_edge-12",
    "action": "new",
    "side": "buy",
    "price": 65179.083999999995,
    "quantity": 0.006,
    "remaining_quantity": 0.006
  },
  {
    "event_id": "f03078a2e292701fe25e6a7bb5d394581375c0da4ccd2abd8a114a724254eb63",
    "schema_version": "1.0.0",
    "event_type": "agent_order",
    "source": "synthetic_agent",
    "symbol": "BTCUSDT",
    "exchange": "binance_usdm",
    "timestamp": "2024-05-01T00:00:00.104000Z",
    "sequence": 13,
    "scenario_id": "scenario-140-latency_edge",
    "agent_id": "agent-latency_edge",
    "order_id": "scenario-140-latency_edge-agent-latency_edge-13",
    "action": "new",
    "side": "buy",
    "price": 65179.083999999995,
    "quantity": 0.006,
    "remaining_quantity": 0.006
  },
  {
    "event_id": "8935198f0e4f5e48aad00a98aac252748451dba25540a3f30eba3dd69ee3dd0c",
    "schema_version": "1.0.0",
    "event_type": "agent_order",
    "source": "synthetic_agent",
    "symbol": "BTCUSDT",
    "exchange": "binance_usdm",
    "timestamp": "2024-05-01T00:00:00.112000Z",
    "sequence": 14,
    "scenario_id": "scenario-140-latency_edge",
    "agent_id": "agent-latency_edge",
    "order_id": "scenario-140-latency_edge-agent-latency_edge-14",
    "action": "new",
    "side": "sell",
    "price": 65100.916,
    "quantity": 0.006,
    "remaining_quantity": 0.006
  },
  {
    "event_id": "1134b6aea0050216e13b84b2cdc65484a5894a70be36013dc25fdf54da25858e",
    "schema_version": "1.0.0",
    "event_type": "agent_order",
    "source": "synthetic_agent",
    "symbol": "BTCUSDT",
    "exchange": "binance_usdm",
    "timestamp": "2024-05-01T00:00:00.120000Z",
    "sequence": 15,
    "scenario_id": "scenario-140-latency_edge",
    "agent_id": "agent-latency_edge",
    "order_id": "scenario-140-latency_edge-agent-latency_edge-15",
    "action": "new",
    "side": "sell",
    "price": 65100.916,
    "quantity": 0.006,
    "remaining_quantity": 0.006
  },
  {
    "event_id": "9a80c2be4e82401795bbf00845accc908a4e44506333f2a37d001dfa03b487a2",
    "schema_version": "1.0.0",
    "event_type": "agent_order",
    "source": "synthetic_agent",
    "symbol": "BTCUSDT",
    "exchange": "binance_usdm",
    "timestamp": "2024-05-01T00:00:00.128000Z",
    "sequence": 16,
    "scenario_id": "scenario-140-latency_edge",
    "agent_id": "agent-latency_edge",
    "order_id": "scenario-140-latency_edge-agent-latency_edge-16",
    "action": "new",
    "side": "buy",
    "price": 65179.083999999995,
    "quantity": 0.006,
    "remaining_quantity": 0.006
  },
  {
    "event_id": "6e04d86655e877c0c91dc6a75dc8bca1bbd333877046bcde4d07ca97e4c00700",
    "schema_version": "1.0.0",
    "event_type": "agent_order",
    "source": "synthetic_agent",
    "symbol": "BTCUSDT",
    "exchange": "binance_usdm",
    "timestamp": "2024-05-01T00:00:00.136000Z",
    "sequence": 17,
    "scenario_id": "scenario-140-latency_edge",
    "agent_id": "agent-latency_edge",
    "order_id": "scenario-140-latency_edge-agent-latency_edge-17",
    "action": "new",
    "side": "buy",
    "price": 65179.083999999995,
    "quantity": 0.006,
    "remaining_quantity": 0.006
  },
  {
    "event_id": "e509bd7f8f12536d39757c69e3d4407999b952aea36ce13738926d1278ec82e6",
    "schema_version": "1.0.0",
    "event_type": "agent_order",
    "source": "synthetic_agent",
    "symbol": "BTCUSDT",
    "exchange": "binance_usdm",
    "timestamp": "2024-05-01T00:00:00.144000Z",
    "sequence": 18,
    "scenario_id": "scenario-140-latency_edge",
    "agent_id": "agent-latency_edge",
    "order_id": "scenario-140-latency_edge-agent-latency_edge-18",
    "action": "new",
    "side": "sell",
    "price": 65100.916,
    "quantity": 0.006,
    "remaining_quantity": 0.006
  },
  {
    "event_id": "661733abdf51d2f9cb5f91f43f3793c80dedcec6d98296703dc61e6a6807a50f",
    "schema_version": "1.0.0",
    "event_type": "agent_order",
    "source": "synthetic_agent",
    "symbol": "BTCUSDT",
    "exchange": "binance_usdm",
    "timestamp": "2024-05-01T00:00:00.152000Z",
    "sequence": 19,
    "scenario_id": "scenario-140-latency_edge",
    "agent_id": "agent-latency_edge",
    "order_id": "scenario-140-latency_edge-agent-latency_edge-19",
    "action": "new",
    "side": "sell",
    "price": 65100.916,
    "quantity": 0.006,
    "remaining_quantity": 0.006
  },
  {
    "event_id": "9d4e69971a2574c6333009f86f005fb03260bd3d079a8a93314daac8c546bb35",
    "schema_version": "1.0.0",
    "event_type": "agent_order",
    "source": "synthetic_agent",
    "symbol": "BTCUSDT",
    "exchange": "binance_usdm",
    "timestamp": "2024-05-01T00:00:00.160000Z",
    "sequence": 20,
    "scenario_id": "scenario-140-latency_edge",
    "agent_id": "agent-latency_edge",
    "order_id": "scenario-140-latency_edge-agent-latency_edge-20",
    "action": "new",
    "side": "buy",
    "price": 65179.083999999995,
    "quantity": 0.006,
    "remaining_quantity": 0.006
  },
  {
    "event_id": "a7f3aa94e15407ec31d6c00ed5ddbd5f6baf274641590dbe1c59879b1789a327",
    "schema_version": "1.0.0",
    "event_type": "agent_order",
    "source": "synthetic_agent",
    "symbol": "BTCUSDT",
    "exchange": "binance_usdm",
    "timestamp": "2024-05-01T00:00:00.168000Z",
    "sequence": 21,
    "scenario_id": "scenario-140-latency_edge",
    "agent_id": "agent-latency_edge",
    "order_id": "scenario-140-latency_edge-agent-latency_edge-21",
    "action": "new",
    "side": "buy",
    "price": 65179.083999999995,
    "quantity": 0.006,
    "remaining_quantity": 0.006
  },
  {
    "event_id": "d0cf02aac5d0367d5e5bfb11e5df788131e70c3977cc783c1fce7354f39ed566",
    "schema_version": "1.0.0",
    "event_type": "agent_order",
    "source": "synthetic_agent",
    "symbol": "BTCUSDT",
    "exchange": "binance_usdm",
    "timestamp": "2024-05-01T00:00:00.176000Z",
    "sequence": 22,
    "scenario_id": "scenario-140-latency_edge",
    "agent_id": "agent-latency_edge",
    "order_id": "scenario-140-latency_edge-agent-latency_edge-22",
    "action": "new",
    "side": "sell",
    "price": 65100.916,
    "quantity": 0.006,
    "remaining_quantity": 0.006
  },
  {
    "event_id": "dbea3fe8d7d0c8c9473c41821d1791479482965560194de636ac5e06e15692c9",
    "schema_version": "1.0.0",
    "event_type": "agent_order",
    "source": "synthetic_agent",
    "symbol": "BTCUSDT",
    "exchange": "binance_usdm",
    "timestamp": "2024-05-01T00:00:00.184000Z",
    "sequence": 23,
    "scenario_id": "scenario-140-latency_edge",
    "agent_id": "agent-latency_edge",
    "order_id": "scenario-140-latency_edge-agent-latency_edge-23",
    "action": "new",
    "side": "sell",
    "price": 65100.916,
    "quantity": 0.006,
    "remaining_quantity": 0.006
  },
  {
    "event_id": "04b8a7ef995a2e7b356f6413e80075072f697b76eff0a181b357c206e3900f60",
    "schema_version": "1.0.0",
    "event_type": "agent_order",
    "source": "synthetic_agent",
    "symbol": "BTCUSDT",
    "exchange": "binance_usdm",
    "timestamp": "2024-05-01T00:00:00.192000Z",
    "sequence": 24,
    "scenario_id": "scenario-140-latency_edge",
    "agent_id": "agent-latency_edge",
    "order_id": "scenario-140-latency_edge-agent-latency_edge-24",
    "action": "new",
    "side": "buy",
    "price": 65179.083999999995,
    "quantity": 0.006,
    "remaining_quantity": 0.006
  },
  {
    "event_id": "3bbcb939bcc9b252a27ec749f3c320a2e9be65fceb5f61d196607cb354831d0f",
    "schema_version": "1.0.0",
    "event_type": "agent_order",
    "source": "synthetic_agent",
    "symbol": "BTCUSDT",
    "exchange": "binance_usdm",
    "timestamp": "2024-05-01T00:00:00.200000Z",
    "sequence": 25,
    "scenario_id": "scenario-140-latency_edge",
    "agent_id": "agent-latency_edge",
    "order_id": "scenario-140-latency_edge-agent-latency_edge-25",
    "action": "new",
    "side": "buy",
    "price": 65179.083999999995,
    "quantity": 0.006,
    "remaining_quantity": 0.006
  },
  {
    "event_id": "df318e3b3c7209293d549d5d7db759cf9c02e6b0bcc15a6d9e48a102cb0cedc2",
    "schema_version": "1.0.0",
    "event_type": "agent_order",
    "source": "synthetic_agent",
    "symbol": "BTCUSDT",
    "exchange": "binance_usdm",
    "timestamp": "2024-05-01T00:00:00.208000Z",
    "sequence": 26,
    "scenario_id": "scenario-140-latency_edge",
    "agent_id": "agent-latency_edge",
    "order_id": "scenario-140-latency_edge-agent-latency_edge-26",
    "action": "new",
    "side": "sell",
    "price": 65100.916,
    "quantity": 0.006,
    "remaining_quantity": 0.006
  },
  {
    "event_id": "0a495bf162e727b66555f9f4069d23ddf065d8add944a5b89cba2e56b0a4ce5e",
    "schema_version": "1.0.0",
    "event_type": "agent_order",
    "source": "synthetic_agent",
    "symbol": "BTCUSDT",
    "exchange": "binance_usdm",
    "timestamp": "2024-05-01T00:00:00.216000Z",
    "sequence": 27,
    "scenario_id": "scenario-140-latency_edge",
    "agent_id": "agent-latency_edge",
    "order_id": "scenario-140-latency_edge-agent-latency_edge-27",
    "action": "new",
    "side": "sell",
    "price": 65100.916,
    "quantity": 0.006,
    "remaining_quantity": 0.006
  },
  {
    "event_id": "81093338eecedb30cd99f1bbb15e0072f69aac112529576b4abcc046a25c1fa9",
    "schema_version": "1.0.0",
    "event_type": "agent_order",
    "source": "synthetic_agent",
    "symbol": "BTCUSDT",
    "exchange": "binance_usdm",
    "timestamp": "2024-05-01T00:00:00.224000Z",
    "sequence": 28,
    "scenario_id": "scenario-140-latency_edge",
    "agent_id": "agent-latency_edge",
    "order_id": "scenario-140-latency_edge-agent-latency_edge-28",
    "action": "new",
    "side": "buy",
    "price": 65179.083999999995,
    "quantity": 0.006,
    "remaining_quantity": 0.006
  },
  {
    "event_id": "ae4c68a35456b5b1c7cbadcf6d3abcb64ea9dc3fb922b732b1d5478214c19330",
    "schema_version": "1.0.0",
    "event_type": "agent_order",
    "source": "synthetic_agent",
    "symbol": "BTCUSDT",
    "exchange": "binance_usdm",
    "timestamp": "2024-05-01T00:00:00.232000Z",
    "sequence": 29,
    "scenario_id": "scenario-140-latency_edge",
    "agent_id": "agent-latency_edge",
    "order_id": "scenario-140-latency_edge-agent-latency_edge-29",
    "action": "new",
    "side": "buy",
    "price": 65179.083999999995,
    "quantity": 0.006,
    "remaining_quantity": 0.006
  }
]