[
  {
    "event_id": "fd17500ef0dc7e2c8799679f74c9629456db561256ce236ed0166fb03dbf418b",
    "schema_version": "1.0.0",
    "event_type": "agent_order",
    "source": "synthetic_agent",
    "symbol": "BTCUSDT",
    "exchange": "binance_usdm",
    "timestamp": "2024-05-01T00:00:00Z",
    "sequence": 0,
    "scenario_id": "scenario-568-quote_stuffing",
    "agent_id": "agent-quote_stuffing",
    "order_id": "scenario-568-quote_stuffing-agent-quote_stuffing-0",
    "action": "new",
    "side": "buy",
    "price": 65561.4432,
    "quantity": 0.001,
    "remaining_quantity": 0.001
  },
  {
    "event_id": "174b3a12c864c96305298e37abd30648ee70387171758e46e76b0b3b50d70ec1",
    "schema_version": "1.0.0",
    "event_type": "agent_order",
    "source": "synthetic_agent",
    "symbol": "BTCUSDT",
    "exchange": "binance_usdm",
    "timestamp": "2024-05-01T00:00:00.005000Z",
    "sequence": 1,
    "scenario_id": "scenario-568-quote_stuffing",
    "agent_id": "agent-quote_stuffing",
    "order_id": "scenario-568-quote_stuffing-agent-quote_stuffing-1",
    "action": "new",
    "side": "sell",
    "price": 65574.5568,
    "quantity": 0.001,
    "remaining_quantity": 0.001
  },
  {
    "event_id": "baa7138ac507e4eaee5234cd6bd214f3bf7eeacc25bba80170a1239219aaecf9",
    "schema_version": "1.0.0",
    "event_type": "agent_order",
    "source": "synthetic_agent",
    "symbol": "BTCUSDT",
    "exchange": "binance_usdm",
    "timestamp": "2024-05-01T00:00:00.010000Z",
    "sequence": 2,
    "scenario_id": "scenario-568-quote_stuffing",
    "agent_id": "agent-quote_stuffing",
    "order_id": "scenario-568-quote_stuffing-agent-quote_stuffing-2",
    "action": "new",
    "side": "buy",
    "price": 65561.4432,
    "quantity": 0.001,
    "remaining_quantity": 0.001
  },
  {
    "event_id": "ff79bb0bc1575b1d7c7203b41cef22346368fbfa2ead2a72361055052f31edeb",
    "schema_version": "1.0.0",
    "event_type": "agent_order",
    "source": "synthetic_agent",
    "symbol": "BTCUSDT",
    "exchange": "binance_usdm",
    "timestamp": "2024-05-01T00:00:00.015000Z",
    "sequence": 3,
    "scenario_id": "scenario-568-quote_stuffing",
    "agent_id": "agent-quote_stuffing",
    "order_id": "scenario-568-quote_stuffing-agent-quote_stuffing-3",
    "action": "new",
    "side": "sell",
    "price": 65574.5568,
    "quantity": 0.001,
    "remaining_quantity": 0.001
  },
  {
    "event_id": "7652c5312816b1f94fadc1022dcd39fedcdf7957a8a24647d4f1607fb50c8294",
    "schema_version": "1.0.0",
    "event_type": "agent_order",
    "source": "synthetic_agent",
    "symbol": "BTCUSDT",
    "exchange": "binance_usdm",
    "timestamp": "2024-05-01T00:00:00.020000Z",
    "sequence": 4,
    "scenario_id": "scenario-568-quote_stuffing",
    "agent_id": "agent-quote_stuffing",
    "order_id": "scenario-568-quote_stuffing-agent-quote_stuffing-4",
    "action": "new",
    "side": "buy",
    "price": 65561.4432,
    "quantity": 0.001,
    "remaining_quantity": 0.001
  },
  {
    "event_id": "ec6c0a6e249eeec5a81c070b0a1d0a41b09081d4f637e2624323669bfcb3ac24",
    "schema_version": "1.0.0",
    "event_type": "agent_order",
    "source": "synthetic_agent",
    "symbol": "BTCUSDT",
    "exchange": "binance_usdm",
    "timestamp": "2024-05-01T00:00:00.025000Z",
    "sequence": 5,
    "scenario_id": "scenario-568-quote_stuffing",
    "agent_id": "agent-quote_stuffing",
    "order_id": "scenario-568-quote_stuffing-agent-quote_stuffing-5",
    "action": "new",
    "side": "sell",
    "price": 65574.5568,
    "quantity": 0.001,
    "remaining_quantity": 0.001
  },
  {
    "event_id": "bc8066d6275a717bea7e8c2f33056936abf42ad07194645eef9125c515583236",
    "schema_version": "1.0.0",
    "event_type": "agent_order",
    "source": "synthetic_agent",
    "symbol": "BTCUSDT",
    "exchange": "binance_usdm",
    "timestamp": "2024-05-01T00:00:00.030000Z",
    "sequence": 6,
    "scenario_id": "scenario-568-quote_stuffing",
    "agent_id": "agent-quote_stuffing",
    "order_id": "scenario-568-quote_stuffing-agent-quote_stuffing-6",
    "action": "new",
    "side": "buy",
    "price": 65561.4432,
    "quantity": 0.001,
    "remaining_quantity": 0.001
  },
  {
    "event_id": "41233e155840026ab888bfb4ac1b484c7ecc580bb0db99e9c177682f2394efc1",
    "schema_version": "1.0.0",
    "event_type": "agent_order",
    "source": "synthetic_agent",
    "symbol": "BTCUSDT",
    "exchange": "binance_usdm",
    "timestamp": "2024-05-01T00:00:00.035000Z",
    "sequence": 7,
    "scenario_id": "scenario-568-quote_stuffing",
    "agent_id": "agent-quote_stuffing",
    "order_id": "scenario-568-quote_stuffing-agent-quote_stuffing-7",
    "action": "new",
    "side": "sell",
    "price": 65574.5568,
    "quantity": 0.001,
    "remaining_quantity": 0.001
  },
  {
    "event_id": "145e216f501d3e92ddba121408df9fd977891fa67cf9d1444b0ccbd1ae634513",
    "schema_version": "1.0.0",
    "event_type": "agent_order",
    "source": "synthetic_agent",
    "symbol": "BTCUSDT",
    "exchange": "binance_usdm",
    "timestamp": "2024-05-01T00:00:00.040000Z",
    "sequence": 8,
    "scenario_id": "scenario-568-quote_stuffing",
    "agent_id": "agent-quote_stuffing",
    "order_id": "scenario-568-quote_stuffing-agent-quote_stuffing-8",
    "action": "new",
    "side": "buy",
    "price": 65561.4432,
    "quantity": 0.001,
    "remaining_quantity": 0.001
  },
  {
    "event_id": "4baddc4e33162227b014fd22049a3478d25515987c54260aaff411674df47b99",
    "schema_version": "1.0.0",
    "event_type": "agent_order",
    "source": "synthetic_agent",
    "symbol": "BTCUSDT",
    "exchange": "binance_usdm",
    "timestamp": "2024-05-01T00:00:00.045000Z",
    "sequence": 9,
    "scenario_id": "scenario-568-quote_stuffing",
    "agent_id": "agent-quote_stuffing",
    "order_id": "scenario-568-quote_stuffing-agent-quote_stuffing-9",
    "action": "new",
    "side": "sell",
    "price": 65574.5568,
    "quantity": 0.001,
    "remaining_quantity": 0.001
  },
  {
    "event_id": "221e756cd3fbfdf8b32d309f1f12a628526708d00be99f30c2f6f68920585887",
    "schema_version": "1.0.0",
    "event_type": "agent_order",
    "source": "synthetic_agent",
    "symbol": "BTCUSDT",
    "exchange": "binance_usdm",
    "timestamp": "2024-05-01T00:00:00.050000Z",
    "sequence": 10,
    "scenario_id": "scenario-568-quote_stuffing",
    "agent_id": "agent-quote_stuffing",
    "order_id": "scenario-568-quote_stuffing-agent-quote_stuffing-10",
    "action": "new",
    "side": "buy",
    "price": 65561.4432,
    "quantity": 0.001,
    "remaining_quantity": 0.001
  },
  {
    "event_id": "45e7772ce4a710e2e38cae363906d6508b11c64f31aec5be13d6b204b8cc9d45",
    "schema_version": "1.0.0",
    "event_type": "agent_order",
    "source": "synthetic_agent",
    "symbol": "BTCUSDT",
    "exchange": "binance_usdm",
    "timestamp": "2024-05-01T00:00:00.055000Z",
    "sequence": 11,
    "scenario_id": "scenario-568-quote_stuffing",
    "agent_id": "agent-quote_stuffing",
    "order_id": "scenario-568-quote_stuffing-agent-quote_stuffing-11",
    "action": "new",
    "side": "sell",
    "price": 65574.5568,
    "quantity": 0.001,
    "remaining_quantity": 0.001
  },
  {
    "event_id": "31aa6803bcce791eaf87b850a61b973d795de04de3cc58930a559adc2b2e218f",
    "schema_version": "1.0.0",
    "event_type": "agent_order",
    "source": "synthetic_agent",
    "symbol": "BTCUSDT",
    "exchange": "binance_usdm",
    "timestamp": "2024-05-01T00:00:00.060000Z",
    "sequence": 12,
    "scenario_id": "scenario-568-quote_stuffing",
    "agent_id": "agent-quote_stuffing",
    "order_id": "scenario-568-quote_stuffing-agent-quote_stuffing-12",
    "action": "new",
    "side": "buy",
    "price": 65561.4432,
    "quantity": 0.001,
    "remaining_quantity": 0.001
  },
  {
    "event_id": "39a8d7fcf7807cd645fa592ca7471d6d567d8c2535afefce252ca69f7568befe",
    "schema_version": "1.0.0",
    "event_type": "agent_order",
    "source": "synthetic_agent",
    "symbol": "BTCUSDT",
    "exchange": "binance_usdm",
    "timestamp": "2024-05-01T00:00:00.065000Z",
    "sequence": 13,
    "scenario_id": "scenario-568-quote_stuffing",
    "agent_id": "agent-quote_stuffing",
    "order_id": "scenario-568-quote_stuffing-agent-quote_stuffing-13",
    "action": "new",
    "side": "sell",
    "price": 65574.5568,
    "quantity": 0.001,
    "remaining_quantity": 0.001
  },
  {
    "event_id": "d5e5249f2c27d36ba0b03ac719b6f6373652e3d15c01f259b874fbf7932f2ab5",
    "schema_version": "1.0.0",
    "event_type": "agent_order",
    "source": "synthetic_agent",
    "symbol": "BTCUSDT",
    "exchange": "binance_usdm",
    "timestamp": "2024-05-01T00:00:00.070000Z",
    "sequence": 14,
    "scenario_id": "scenario-568-quote_stuffing",
    "agent_id": "agent-quote_stuffing",
    "order_id": "scenario-568-quote_stuffing-agent-quote_stuffing-14",
    "action": "new",
    "side": "buy",
    "price": 65561.4432,
    "quantity": 0.001,
    "remaining_quantity": 0.001
  },
  {
    "event_id": "a68dc5526ead63271ed2fb6d08129f2f7e5750bda21bc533e0658b020c62f9ca",
    "schema_version": "1.0.0",
    "event_type": "agent_order",
    "source": "synthetic_agent",
    "symbol": "BTCUSDT",
    "exchange": "binance_usdm",
    "timestamp": "2024-05-01T00:00:00.075000Z",
    "sequence": 15,
    "scenario_id": "scenario-568-quote_stuffing",
    "agent_id": "agent-quote_stuffing",
    "order_id": "scenario-568-quote_stuffing-agent-quote_stuffing-15",
    "action": "new",
    "side": "sell",
    "price": 65574.5568,
    "quantity": 0.001,
    "remaining_quantity": 0.001
  },
  {
    "event_id": "dccbd43ab506c22b0285901aee6ef21eaba9fa7eb7c5b727acc2e7b11f4c4420",
    "schema_version": "1.0.0",
    "event_type": "agent_order",
    "source": "synthetic_agent",
    "symbol": "BTCUSDT",
    "exchange": "binance_usdm",
    "timestamp": "2024-05-01T00:00:00.080000Z",
    "sequence": 16,
    "scenario_id": "scenario-568-quote_stuffing",
    "agent_id": "agent-quote_stuffing",
    "order_id": "scenario-568-quote_stuffing-agent-quote_stuffing-16",
    "action": "new",
    "side": "buy",
    "price": 65561.4432,
    "quantity": 0.001,
    "remaining_quantity": 0.001
  },
  {
    "event_id": "7782935d77cb53373c45272c7b4531fd56e8af646b6e4dab206e428bf253b4fc",
    "schema_version": "1.0.0",
    "event_type": "agent_order",
    "source": "synthetic_agent",
    "symbol": "BTCUSDT",
    "exchange": "binance_usdm",
    "timestamp": "2024-05-01T00:00:00.085000Z",
    "sequence": 17,
    "scenario_id": "scenario-568-quote_stuffing",
    "agent_id": "agent-quote_stuffing",
    "order_id": "scenario-568-quote_stuffing-agent-quote_stuffing-17",
    "action": "new",
    "side": "sell",
    "price": 65574.5568,
    "quantity": 0.001,
    "remaining_quantity": 0.001
  },
  {
    "event_id": "3664eb925f87eedb154c99195c61e8ffb225ff05bd089cc675baad20505934d0",
    "schema_version": "1.0.0",
    "event_type": "agent_order",
    "source": "synthetic_agent",
    "symbol": "BTCUSDT",
    "exchange": "binance_usdm",
    "timestamp": "2024-05-01T00:00:00.090000Z",
    "sequence": 18,
    "scenario_id": "scenario-568-quote_stuffing",
    "agent_id": "agent-quote_stuffing",
    "order_id": "scenario-568-quote_stuffing-agent-quote_stuffing-18",
    "action": "new",
    "side": "buy",
    "price": 65561.4432,
    "quantity": 0.001,
    "remaining_quantity": 0.001
  },
  {
    "event_id": "8e26753f8833fb47460b47fc21632f865c00d172a00ac01a67663248c16d740c",
    "schema_version": "1.0.0",
    "event_type": "agent_order",
    "source": "synthetic_agent",
    "symbol": "BTCUSDT",
    "exchange": "binance_usdm",
    "timestamp": "2024-05-01T00:00:00.095000Z",
    "sequence": 19,
    "scenario_id": "scenario-568-quote_stuffing",
    "agent_id": "agent-quote_stuffing",
    "order_id": "scenario-568-quote_stuffing-agent-quote_stuffing-19",
    "action": "new",
    "side": "sell",
    "price": 65574.5568,
    "quantity": 0.001,
    "remaining_quantity": 0.001
  },
  {
    "event_id": "257f5cf35ee95aeee5049289b6a06d820c6278813f99d39f1bbadb1b69662bd7",
    "schema_version": "1.0.0",
    "event_type": "agent_order",
    "source": "synthetic_agent",
    "symbol": "BTCUSDT",
    "exchange": "binance_usdm",
    "timestamp": "2024-05-01T00:00:00.100000Z",
    "sequence": 20,
    "scenario_id": "scenario-568-quote_stuffing",
    "agent_id": "agent-quote_stuffing",
    "order_id": "scenario-568-quote_stuffing-agent-quote_stuffing-20",
    "action": "new",
    "side": "buy",
    "price": 65561.4432,
    "quantity": 0.001,
    "remaining_quantity": 0.001
  },
  {
    "event_id": "aa5f29755f4fab6590288f6596055fb9eb17f8903b8a2c38a7ea193cebcbaa06",
    "schema_version": "1.0.0",
    "event_type": "agent_order",
    "source": "synthetic_agent",
    "symbol": "BTCUSDT",
    "exchange": "binance_usdm",
    "timestamp": "2024-05-01T00:00:00.105000Z",
    "sequence": 21,
    "scenario_id": "scenario-568-quote_stuffing",
    "agent_id": "agent-quote_stuffing",
    "order_id": "scenario-568-quote_stuffing-agent-quote_stuffing-21",
    "action": "new",
    "side": "sell",
    "price": 65574.5568,
    "quantity": 0.001,
    "remaining_quantity": 0.001
  },
  {
    "event_id": "7fec005037410b14e60611b22391670808dabc1a7e1048bd44b8402550895c19",
    "schema_version": "1.0.0",
    "event_type": "agent_order",
    "source": "synthetic_agent",
    "symbol": "BTCUSDT",
    "exchange": "binance_usdm",
    "timestamp": "2024-05-01T00:00:00.110000Z",
    "sequence": 22,
    "scenario_id": "scenario-568-quote_stuffing",
    "agent_id": "agent-quote_stuffing",
    "order_id": "scenario-568-quote_stuffing-agent-quote_stuffing-22",
    "action": "new",
    "side": "buy",
    "price": 65561.4432,
    "quantity": 0.001,
    "remaining_quantity": 0.001
  },
  {
    "event_id": "384e83f6ad37426beedeec0a140c9faa2dbe5304cdb2c34231281bc5db4871f6",
    "schema_version": "1.0.0",
    "event_type": "agent_order",
    "source": "synthetic_agent",
    "symbol": "BTCUSDT",
    "exchange": "binance_usdm",
    "timestamp": "2024-05-01T00:00:00.115000Z",
    "sequence": 23,
    "scenario_id": "scenario-568-quote_stuffing",
    "agent_id": "agent-quote_stuffing",
    "order_id": "scenario-568-quote_stuffing-agent-quote_stuffing-23",
    "action": "new",
    "side": "sell",
    "price": 65574.5568,
    "quantity": 0.001,
    "remaining_quantity": 0.001
  },
  {
    "event_id": "d62cd91811cfef5acb7b3ef148f454c63163d77b3baa479e110d7386ad6efc23",
    "schema_version": "1.0.0",
    "event_type": "agent_order",
    "source": "synthetic_agent",
    "symbol": "BTCUSDT",
    "exchange": "binance_usdm",
    "timestamp": "2024-05-01T00:00:00.120000Z",
    "sequence": 24,
    "scenario_id": "scenario-568-quote_stuffing",
    "agent_id": "agent-quote_stuffing",
    "order_id": "scenario-568-quote_stuffing-agent-quote_stuffing-24",
    "action": "new",
    "side": "buy",
    "price": 65561.4432,
    "quantity": 0.001,
    "remaining_quantity": 0.001
  },
  {
    "event_id": "ef34868e261a7b1bfcaa1fb55a14f7bf1f9eb04273710f0dc412d66232f82c2a",
    "schema_version": "1.0.0",
    "event_type": "agent_order",
    "source": "synthetic_agent",
    "symbol": "BTCUSDT",
    "exchange": "binance_usdm",
    "timestamp": "2024-05-01T00:00:00.125000Z",
    "sequence": 25,
    "scenario_id": "scenario-568-quote_stuffing",
    "agent_id": "agent-quote_stuffing",
    "order_id": "scenario-568-quote_stuffing-agent-quote_stuffing-25",
    "action": "new",
    "side": "sell",
    "price": 65574.5568,
    "quantity": 0.001,
    "remaining_quantity": 0.001
  },
  {
    "event_id": "4d730a6d64fc01da59786e5709c80cfc259ed7c6d8269af70560ec19706c001c",
    "schema_version": "1.0.0",
    "event_type": "agent_order",
    "source": "synthetic_agent",
    "symbol": "BTCUSDT",
    "exchange": "binance_usdm",
    "timestamp": "2024-05-01T00:00:00.130000Z",
    "sequence": 26,
    "scenario_id": "scenario-568-quote_stuffing",
    "agent_id": "agent-quote_stuffing",
    "order_id": "scenario-568-quote_stuffing-agent-quote_stuffing-26",
    "action": "new",
    "side": "buy",
    "price": 65561.4432,
    "quantity": 0.001,
    "remaining_quantity": 0.001
  },
  {
    "event_id": "cbe4f326b8eaadcd7537c9318678fee375e418ddd6c7fd376acad10b7a2722dc",
    "schema_version": "1.0.0",
    "event_type": "agent_order",
    "source": "synthetic_agent",
    "symbol": "BTCUSDT",
    "exchange": "binance_usdm",
    "timestamp": "2024-05-01T00:00:00.135000Z",
    "sequence": 27,
    "scenario_id": "scenario-568-quote_stuffing",
    "agent_id": "agent-quote_stuffing",
    "order_id": "scenario-568-quote_stuffing-agent-quote_stuffing-27",
    "action": "new",
    "side": "sell",
    "price": 65574.5568,
    "quantity": 0.001,
    "remaining_quantity": 0.001
  },
  {
    "event_id": "99a568b29359f19909715dd67a158064459a0a352c9e1d8791bbb77e913982c2",
    "schema_version": "1.0.0",
    "event_type": "agent_order",
    "source": "synthetic_agent",
    "symbol": "BTCUSDT",
    "exchange": "binance_usdm",
    "timestamp": "2024-05-01T00:00:00.140000Z",
    "sequence": 28,
    "scenario_id": "scenario-568-quote_stuffing",
    "agent_id": "agent-quote_stuffing",
    "order_id": "scenario-568-quote_stuffing-agent-quote_stuffing-28",
    "action": "new",
    "side": "buy",
    "price": 65561.4432,
    "quantity": 0.001,
    "remaining_quantity": 0.001
  },
  {
    "event_id": "3b35e49d1e08c7d2cf62db0c57a0b9145e3e7da6745bb6aa447ad0615e8d8509",
    "schema_version": "1.0.0",
    "event_type": "agent_order",
    "source": "synthetic_agent",
    "symbol": "BTCUSDT",
    "exchange": "binance_usdm",
    "timestamp": "2024-05-01T00:00:00.145000Z",
    "sequence": 29,
    "scenario_id": "scenario-568-quote_stuffing",
    "agent_id": "agent-quote_stuffing",
    "order_id": "scenario-568-quote_stuffing-agent-quote_stuffing-29",
    "action": "new",
    "side": "sell",
    "price": 65574.5568,
    "quantity": 0.001,
    "remaining_quantity": 0.001
  }
]