[
  {
    "event_id": "eb69501127705a7bc2551c2f77cec5ec5b49d8214491e5b34c4ac83115f560e9",
    "schema_version": "1.0.0",
    "event_type": "agent_order",
    "source": "synthetic_agent",
    "symbol": "BTCUSDT",
    "exchange": "binance_usdm",
    "timestamp": "2024-05-01T00:00:00Z",
    "sequence": 0,
    "scenario_id": "scenario-188-latency_edge",
    "agent_id": "agent-latency_edge",
    "order_id": "scenario-188-latency_edge-agent-latency_edge-0",
    "action": "new",
    "side": "buy",
    "price": 65227.112799999995,
    "quantity": 0.006,
    "remaining_quantity": 0.006
  },
  {
    "event_id": "267769dbda31de1efa67947fe6ab4c207e4071948085719eee93ec782b5eae57",
    "schema_version": "1.0.0",
    "event_type": "agent_order",
    "source": "synthetic_agent",
    "symbol": "BTCUSDT",
    "exchange": "binance_usdm",
    "timestamp": "2024-05-01T00:00:00.008000Z",
    "sequence": 1,
    "scenario_id": "scenario-188-latency_edge",
    "agent_id": "agent-latency_edge",
    "order_id": "scenario-188-latency_edge-agent-latency_edge-1",
    "action": "new",
    "side": "buy",
    "price": 65227.112799999995,
    "quantity": 0.006,
    "remaining_quantity": 0.006
  },
  {
    "event_id": "e1e681bf9718f3719654b4402429424d8980c05149ec4b571f79fb710c348ec4",
    "schema_version": "1.0.0",
    "event_type": "agent_order",
    "source": "synthetic_agent",
    "symbol": "BTCUSDT",
    "exchange": "binance_usdm",
    "timestamp": "2024-05-01T00:00:00.016000Z",
    "sequence": 2,
    "scenario_id": "scenario-188-latency_edge",
    "agent_id": "agent-latency_edge",
    "order_id": "scenario-188-latency_edge-agent-latency_edge-2",
    "action": "new",
    "side": "sell",
    "price": 65148.8872,
    "quantity": 0.006,
    "remaining_quantity": 0.006
  },
  {
    "event_id": "3c936284c97c548aebb88214b41206930b0199bfb9097f67502391ff8e6c6776",
    "schema_version": "1.0.0",
    "event_type": "agent_order",
    "source": "synthetic_agent",
    "symbol": "BTCUSDT",
    "exchange": "binance_usdm",
    "timestamp": "2024-05-01T00:00:00.024000Z",
    "sequence": 3,
    "scenario_id": "scenario-188-latency_edge",
    "agent_id": "agent-latency_edge",
    "order_id": "scenario-188-latency_edge-agent-latency_edge-3",
    "action": "new",
    "side": "sell",
    "price": 65148.8872,
    "quantity": 0.006,
    "remaining_quantity": 0.006
  },
  {
    "event_id": "6da42c7193e335d7aa0823890519e3f5a1e211b19fc68fa33d73af83b1a61c51",
    "schema_version": "1.0.0",
    "event_type": "agent_order",
    "source": "synthetic_agent",
    "symbol": "BTCUSDT",
    "exchange": "binance_usdm",
    "timestamp": "2024-05-01T00:00:00.032000Z",
    "sequence": 4,
    "scenario_id": "scenario-188-latency_edge",
    "agent_id": "agent-latency_edge",
    "order_id": "scenario-188-latency_edge-agent-latency_edge-4",
    "action": "new",
    "side": "buy",
    "price": 65227.112799999995,
    "quantity": 0.006,
    "remaining_quantity": 0.006
  },
  {
    "event_id": "b10cd2fa27ce8ced8f8271a9085015db4b6aab6a965d93eb697984e880ba9c5d",
    "schema_version": "1.0.0",
    "event_type": "agent_order",
    "source": "synthetic_agent",
    "symbol": "BTCUSDT",
    "exchange": "binance_usdm",
    "timestamp": "2024-05-01T00:00:00.040000Z",
    "sequence": 5,
    "scenario_id": "scenario-188-latency_edge",
    "agent_id": "agent-latency_edge",
    "order_id": "scenario-188-latency_edge-agent-latency_edge-5",
    "action": "new",
    "side": "buy",
    "price": 65227.112799999995,
    "quantity": 0.006,
    "remaining_quantity": 0.006
  },
  {
    "event_id": "65470563d8851dc2c3eb3f40192e04891d855729c8bf3f46873b42e1de4765a3",
    "schema_version": "1.0.0",
    "event_type": "agent_order",
    "source": "synthetic_agent",
    "symbol": "BTCUSDT",
    "exchange": "binance_usdm",
    "timestamp": "2024-05-01T00:00:00.048000Z",
    "sequence": 6,
    "scenario_id": "scenario-188-latency_edge",
    "agent_id": "agent-latency_edge",
    "order_id": "scenario-188-latency_edge-agent-latency_edge-6",
    "action": "new",
    "side": "sell",
    "price": 65148.8872,
    "quantity": 0.006,
    "remaining_quantity": 0.006
  },
  {
    "event_id": "a8776b36cb1101f3b77b5508f0a05f4973b809fb6c2361a3ca33cdcb575c9be7",
    "schema_version": "1.0.0",
    "event_type": "agent_order",
    "source": "synthetic_agent",
    "symbol": "BTCUSDT",
    "exchange": "binance_usdm",
    "timestamp": "2024-05-01T00:00:00.056000Z",
    "sequence": 7,
    "scenario_id": "scenario-188-latency_edge",
    "agent_id": "agent-latency_edge",
    "order_id": "scenario-188-latency_edge-agent-latency_edge-7",
    "action": "new",
    "side": "sell",
    "price": 65148.8872,
    "quantity": 0.006,
    "remaining_quantity": 0.006
  },
  {
    "event_id": "98b8ca0bfe805a62eedbcc115429397338604381f2bf4a5e8b25afcaa4e5c406",
    "schema_version": "1.0.0",
    "event_type": "agent_order",
    "source": "synthetic_agent",
    "symbol": "BTCUSDT",
    "exchange": "binance_usdm",
    "timestamp": "2024-05-01T00:00:00.064000Z",
    "sequence": 8,
    "scenario_id": "scenario-188-latency_edge",
    "agent_id": "agent-latency_edge",
    "order_id": "scenario-188-latency_edge-agent-latency_edge-8",
    "action": "new",
    "side": "buy",
    "price": 65227.112799999995,
    "quantity": 0.006,
    "remaining_quantity": 0.006
  },
  {
    "event_id": "c880db16315dc76910c80dd84549ea91c840dc69be3e93d54176f3a3b0b0752f",
    "schema_version": "1.0.0",
    "event_type": "agent_order",
    "source": "synthetic_agent",
    "symbol": "BTCUSDT",
    "exchange": "binance_usdm",
    "timestamp": "2024-05-01T00:00:00.072000Z",
    "sequence": 9,
    "scenario_id": "scenario-188-latency_edge",
    "agent_id": "agent-latency_edge",
    "order_id": "scenario-188-latency_edge-agent-latency_edge-9",
    "action": "new",
    "side": "buy",
    "price": 65227.112799999995,
    "quantity": 0.006,
    "remaining_quantity": 0.006
  },
  {
    "event_id": "3e99a54cc835235cb2dc3c33a8430dd08efd1a3a577e07e11bb2e39fa4537971",
    "schema_version": "1.0.0",
    "event_type": "agent_order",
    "source": "synthetic_agent",
    "symbol": "BTCUSDT",
    "exchange": "binance_usdm",
    "timestamp": "2024-05-01T00:00:00.080000Z",
    "sequence": 10,
    "scenario_id": "scenario-188-latency_edge",
    "agent_id": "agent-latency_edge",
    "order_id": "scenario-188-latency_edge-agent-latency_edge-10",
    "action": "new",
    "side": "sell",
    "price": 65148.8872,
    "quantity": 0.006,
    "remaining_quantity": 0.006
  },
  {
    "event_id": "fc4f12ba60437b7b58635d1f8485e900e0160e1b119e3520abe6eb5d7ded093a",
    "schema_version": "1.0.0",
    "event_type": "agent_order",
    "source": "synthetic_agent",
    "symbol": "BTCUSDT",
    "exchange": "binance_usdm",
    "timestamp": "2024-05-01T00:00:00.088000Z",
    "sequence": 11,
    "scenario_id": "scenario-188-latency_edge",
    "agent_id": "agent-latency_edge",
    "order_id": "scenario-188-latency_edge-agent-latency_edge-11",
    "action": "new",
    "side": "sell",
    "price": 65148.8872,
    "quantity": 0.006,
    "remaining_quantity": 0.006
  },
  {
    "event_id": "08cca1c6055df7e45a42da06ad569d525b4675bfb258ecd190b2ad418bc85432",
    "schema_version": "1.0.0",
    "event_type": "agent_order",
    "source": "synthetic_agent",
    "symbol": "BTCUSDT",
    "exchange": "binance_usdm",
    "timestamp": "2024-05-01T00:00:00.096000Z",
    "sequence": 12,
    "scenario_id": "scenario-188-latency_edge",
    "agent_id": "agent-latency_edge",
    "order_id": "scenario-188-latency_edge-agent-latency_edge-12",
    "action": "new",
    "side": "buy",
    "price": 65227.112799999995,
    "quantity": 0.006,
    "remaining_quantity": 0.006
  },
  {
    "event_id": "aeb8979a3d7138dbc21ef16dc9c7ca1de92f121b198040690b9758f1d060df2a",
    "schema_version": "1.0.0",
    "event_type": "agent_order",
    "source": "synthetic_agent",
    "symbol": "BTCUSDT",
    "exchange": "binance_usdm",
    "timestamp": "2024-05-01T00:00:00.104000Z",
    "sequence": 13,
    "scenario_id": "scenario-188-latency_edge",
    "agent_id": "agent-latency_edge",
    "order_id": "scenario-188-latency_edge-agent-latency_edge-13",
    "action": "new",
    "side": "buy",
    "price": 65227.112799999995,
    "quantity": 0.006,
    "remaining_quantity": 0.006
  },
  {
    "event_id": "08716a0720812e5c1109cb8cee863e8e857871d2c53a353ac1e0f5a9ab8e46e5",
    "schema_version": "1.0.0",
    "event_type": "agent_order",
    "source": "synthetic_agent",
    "symbol": "BTCUSDT",
    "exchange": "binance_usdm",
    "timestamp": "2024-05-01T00:00:00.112000Z",
    "sequence": 14,
    "scenario_id": "scenario-188-latency_edge",
    "agent_id": "agent-latency_edge",
    "order_id": "scenario-188-latency_edge-agent-latency_edge-14",
    "action": "new",
    "side": "sell",
    "price": 65148.8872,
    "quantity": 0.006,
    "remaining_quantity": 0.006
  },
  {
    "event_id": "8a8f2b6531c9d5e494dec40a38182df17c1d5c5cb4688f663a79f508d863733f",
    "schema_version": "1.0.0",
    "event_type": "agent_order",
    "source": "synthetic_agent",
    "symbol": "BTCUSDT",
    "exchange": "binance_usdm",
    "timestamp": "2024-05-01T00:00:00.120000Z",
    "sequence": 15,
    "scenario_id": "scenario-188-latency_edge",
    "agent_id": "agent-latency_edge",
    "order_id": "scenario-188-latency_edge-agent-latency_edge-15",
    "action": "new",
    "side": "sell",
    "price": 65148.8872,
    "quantity": 0.006,
    "remaining_quantity": 0.006
  },
  {
    "event_id": "c71696768cd187474d210feb777c9ed59f5df5e400f2729de0f747250d742058",
    "schema_version": "1.0.0",
    "event_type": "agent_order",
    "source": "synthetic_agent",
    "symbol": "BTCUSDT",
    "exchange": "binance_usdm",
    "timestamp": "2024-05-01T00:00:00.128000Z",
    "sequence": 16,
    "scenario_id": "scenario-188-latency_edge",
    "agent_id": "agent-latency_edge",
    "order_id": "scenario-188-latency_edge-agent-latency_edge-16",
    "action": "new",
    "side": "buy",
    "price": 65227.112799999995,
    "quantity": 0.006,
    "remaining_quantity": 0.006
  },
  {
    "event_id": "d8be759089ee9dd7ee50eed0eac7c2e2b1c727226b7bf7f6ae63b3235e7dcd82",
    "schema_version": "1.0.0",
    "event_type": "agent_order",
    "source": "synthetic_agent",
    "symbol": "BTCUSDT",
    "exchange": "binance_usdm",
    "timestamp": "2024-05-01T00:00:00.136000Z",
    "sequence": 17,
    "scenario_id": "scenario-188-latency_edge",
    "agent_id": "agent-latency_edge",
    "order_id": "scenario-188-latency_edge-agent-latency_edge-17",
    "action": "new",
    "side": "buy",
    "price": 65227.112799999995,
    "quantity": 0.006,
    "remaining_quantity": 0.006
  },
  {
    "event_id": "2aff2bc58f672ccfe46d07d2e78f7ef430ba11c0612c38088dbeb35d220cb4a5",
    "schema_version": "1.0.0",
    "event_type": "agent_order",
    "source": "synthetic_agent",
    "symbol": "BTCUSDT",
    "exchange": "binance_usdm",
    "timestamp": "2024-05-01T00:00:00.144000Z",
    "sequence": 18,
    "scenario_id": "scenario-188-latency_edge",
    "agent_id": "agent-latency_edge",
    "order_id": "scenario-188-latency_edge-agent-latency_edge-18",
    "action": "new",
    "side": "sell",
    "price": 65148.8872,
    "quantity": 0.006,
    "remaining_quantity": 0.006
  },
  {
    "event_id": "28359ebfaa49612eb6e38c65e374d1419367e8b8b59f3c5fe88ed3ef6ba6b500",
    "schema_version": "1.0.0",
    "event_type": "agent_order",
    "source": "synthetic_agent",
    "symbol": "BTCUSDT",
    "exchange": "binance_usdm",
    "timestamp": "2024-05-01T00:00:00.152000Z",
    "sequence": 19,
    "scenario_id": "scenario-188-latency_edge",
    "agent_id": "agent-latency_edge",
    "order_id": "scenario-188-latency_edge-agent-latency_edge-19",
    "action": "new",
    "side": "sell",
    "price": 65148.8872,
    "quantity": 0.006,
    "remaining_quantity": 0.006
  },
  {
    "event_id": "daf5049d30b7559b0ed9530b22e91c42073fd33107ab02e98f58573c118d1d55",
    "schema_version": "1.0.0",
    "event_type": "agent_order",
    "source": "synthetic_agent",
    "symbol": "BTCUSDT",
    "exchange": "binance_usdm",
    "timestamp": "2024-05-01T00:00:00.160000Z",
    "sequence": 20,
    "scenario_id": "scenario-188-latency_edge",
    "agent_id": "agent-latency_edge",
    "order_id": "scenario-188-latency_edge-agent-latency_edge-20",
    "action": "new",
    "side": "buy",
    "price": 65227.112799999995,
    "quantity": 0.006,
    "remaining_quantity": 0.006
  },
  {
    "event_id": "2a273a785d1d6b01d1542b098872193939488c77ee94a10553eb50bd149bd0a4",
    "schema_version": "1.0.0",
    "event_type": "agent_order",
    "source": "synthetic_agent",
    "symbol": "BTCUSDT",
    "exchange": "binance_usdm",
    "timestamp": "2024-05-01T00:00:00.168000Z",
    "sequence": 21,
    "scenario_id": "scenario-188-latency_edge",
    "agent_id": "agent-latency_edge",
    "order_id": "scenario-188-latency_edge-agent-latency_edge-21",
    "action": "new",
    "side": "buy",
    "price": 65227.112799999995,
    "quantity": 0.006,
    "remaining_quantity": 0.006
  },
  {
    "event_id": "92f73e3f8683e83e4cbb09229a4048b447cfaa022e4ca0efb0dcd8858abec796",
    "schema_version": "1.0.0",
    "event_type": "agent_order",
    "source": "synthetic_agent",
    "symbol": "BTCUSDT",
    "exchange": "binance_usdm",
    "timestamp": "2024-05-01T00:00:00.176000Z",
    "sequence": 22,
    "scenario_id": "scenario-188-latency_edge",
    "agent_id": "agent-latency_edge",
    "order_id": "scenario-188-latency_edge-agent-latency_edge-22",
    "action": "new",
    "side": "sell",
    "price": 65148.8872,
    "quantity": 0.006,
    "remaining_quantity": 0.006
  },
  {
    "event_id": "9d8bc13e221b811f7d3718ecf85490a54742c3b9deefbe601766c7a327522601",
    "schema_version": "1.0.0",
    "event_type": "agent_order",
    "source": "synthetic_agent",
    "symbol": "BTCUSDT",
    "exchange": "binance_usdm",
    "timestamp": "2024-05-01T00:00:00.184000Z",
    "sequence": 23,
    "scenario_id": "scenario-188-latency_edge",
    "agent_id": "agent-latency_edge",
    "order_id": "scenario-188-latency_edge-agent-latency_edge-23",
    "action": "new",
    "side": "sell",
    "price": 65148.8872,
    "quantity": 0.006,
    "remaining_quantity": 0.006
  },
  {
    "event_id": "4f762a22314bc7251447d83621f199930caa3a208f459ad47f498f50dd60d4c5",
    "schema_version": "1.0.0",
    "event_type": "agent_order",
    "source": "synthetic_agent",
    "symbol": "BTCUSDT",
    "exchange": "binance_usdm",
    "timestamp": "2024-05-01T00:00:00.192000Z",
    "sequence": 24,
    "scenario_id": "scenario-188-latency_edge",
    "agent_id": "agent-latency_edge",
    "order_id": "scenario-188-latency_edge-agent-latency_edge-24",
    "action": "new",
    "side": "buy",
    "price": 65227.112799999995,
    "quantity": 0.006,
    "remaining_quantity": 0.006
  },
  {
    "event_id": "28f7858b290633985f832c0fab122e94fe1bc2bd38f4a5e4b9cec507c5eb5ae2",
    "schema_version": "1.0.0",
    "event_type": "agent_order",
    "source": "synthetic_agent",
    "symbol": "BTCUSDT",
    "exchange": "binance_usdm",
    "timestamp": "2024-05-01T00:00:00.200000Z",
    "sequence": 25,
    "scenario_id": "scenario-188-latency_edge",
    "agent_id": "agent-latency_edge",
    "order_id": "scenario-188-latency_edge-agent-latency_edge-25",
    "action": "new",
    "side": "buy",
    "price": 65227.112799999995,
    "quantity": 0.006,
    "remaining_quantity": 0.006
  },
  {
    "event_id": "9ad3d214ded666a21a910a1e56582802c74a8261e0b724087e62021551095c99",
    "schema_version": "1.0.0",
    "event_type": "agent_order",
    "source": "synthetic_agent",
    "symbol": "BTCUSDT",
    "exchange": "binance_usdm",
    "timestamp": "2024-05-01T00:00:00.208000Z",
    "sequence": 26,
    "scenario_id": "scenario-188-latency_edge",
    "agent_id": "agent-latency_edge",
    "order_id": "scenario-188-latency_edge-agent-latency_edge-26",
    "action": "new",
    "side": "sell",
    "price": 65148.8872,
    "quantity": 0.006,
    "remaining_quantity": 0.006
  },
  {
    "event_id": "7a6553c6fd8ac849144b72df6a5f393dbba47851f5eb28dcb65044db620c987f",
    "schema_version": "1.0.0",
    "event_type": "agent_order",
    "source": "synthetic_agent",
    "symbol": "BTCUSDT",
    "exchange": "binance_usdm",
    "timestamp": "2024-05-01T00:00:00.216000Z",
    "sequence": 27,
    "scenario_id": "scenario-188-latency_edge",
    "agent_id": "agent-latency_edge",
    "order_id": "scenario-188-latency_edge-agent-latency_edge-27",
    "action": "new",
    "side": "sell",
    "price": 65148.8872,
    "quantity": 0.006,
    "remaining_quantity": 0.006
  },
  {
    "event_id": "5201ca8cc73534a200c1b2250185593760b9819a3f2a7ff47e2f5a1b1b1091cd",
    "schema_version": "1.0.0",
    "event_type": "agent_order",
    "source": "synthetic_agent",
    "symbol": "BTCUSDT",
    "exchange": "binance_usdm",
    "timestamp": "2024-05-01T00:00:00.224000Z",
    "sequence": 28,
    "scenario_id": "scenario-188-latency_edge",
    "agent_id": "agent-latency_edge",
    "order_id": "scenario-188-latency_edge-agent-latency_edge-28",
    "action": "new",
    "side": "buy",
    "price": 65227.112799999995,
    "quantity": 0.006,
    "remaining_quantity": 0.006
  },
  {
    "event_id": "1cebcdf82ee3142b1fe58082e59528b743c5007f585b9bdb3933892c49309514",
    "schema_version": "1.0.0",
    "event_type": "agent_order",
    "source": "synthetic_agent",
    "symbol": "BTCUSDT",
    "exchange": "binance_usdm",
    "timestamp": "2024-05-01T00:00:00.232000Z",
    "sequence": 29,
    "scenario_id": "scenario-188-latency_edge",
    "agent_id": "agent-latency_edge",
    "order_id": "scenario-188-latency_edge-agent-latency_edge-29",
    "action": "new",
    "side": "buy",
    "price": 65227.112799999995,
    "quantity": 0.006,
    "remaining_quantity": 0.006
  }
]