[
  {
    "event_id": "cbe9bc340fe9231364e1eecbf870e550a11d11410f730d66a6b7a40f86589f2f",
    "schema_version": "1.0.0",
    "event_type": "agent_order",
    "source": "synthetic_agent",
    "symbol": "BTCUSDT",
    "exchange": "binance_usdm",
    "timestamp": "2024-05-01T00:00:00Z",
    "sequence": 0,
    "scenario_id": "scenario-274-runaway_inventory",
    "agent_id": "agent-runaway_inventory",
    "order_id": "scenario-274-runaway_inventory-agent-runaway_inventory-0",
    "action": "new",
    "side": "buy",
    "price": 65274.0,
    "quantity": 0.01,
    "remaining_quantity": 0.01
  },
  {
    "event_id": "1eb45252ce218bed4f35860ccb0f195ebd82bd02b2708226c9a88d57be0f5011",
    "schema_version": "1.0.0",
    "event_type": "agent_order",
    "source": "synthetic_agent",
    "symbol": "BTCUSDT",
    "exchange": "binance_usdm",
    "timestamp": "2024-05-01T00:00:00.070000Z",
    "sequence": 1,
    "scenario_id": "scenario-274-runaway_inventory",
    "agent_id": "agent-runaway_inventory",
    "order_id": "scenario-274-runaway_inventory-agent-runaway_inventory-1",
    "action": "new",
    "side": "buy",
    "price": 65275.95822,
    "quantity": 0.012,
    "remaining_quantity": 0.012
  },
  {
    "event_id": "9058f479e47a2e923f010e7c6e7372d772aca0bda679227f05432115422bff47",
    "schema_version": "1.0.0",
    "event_type": "agent_order",
    "source": "synthetic_agent",
    "symbol": "BTCUSDT",
    "exchange": "binance_usdm",
    "timestamp": "2024-05-01T00:00:00.140000Z",
    "sequence": 2,
    "scenario_id": "scenario-274-runaway_inventory",
    "agent_id": "agent-runaway_inventory",
    "order_id": "scenario-274-runaway_inventory-agent-runaway_inventory-2",
    "action": "new",
    "side": "buy",
    "price": 65277.91643999999,
    "quantity": 0.014,
    "remaining_quantity": 0.014
  },
  {
    "event_id": "024154eea0a2b289b7dff7210d309a7777cc182cc64b2ad6c0b4bf42206335a0",
    "schema_version": "1.0.0",
    "event_type": "agent_order",
    "source": "synthetic_agent",
    "symbol": "BTCUSDT",
    "exchange": "binance_usdm",
    "timestamp": "2024-05-01T00:00:00.210000Z",
    "sequence": 3,
    "scenario_id": "scenario-274-runaway_inventory",
    "agent_id": "agent-runaway_inventory",
    "order_id": "scenario-274-runaway_inventory-agent-runaway_inventory-3",
    "action": "new",
    "side": "buy",
    "price": 65279.874659999994,
    "quantity": 0.016,
    "remaining_quantity": 0.016
  },
  {
    "event_id": "9d0f3c551f0dc499df8096d27d016da77ce5ec9cc47dea7c8cda614727bd8bc7",
    "schema_version": "1.0.0",
    "event_type": "agent_order",
    "source": "synthetic_agent",
    "symbol": "BTCUSDT",
    "exchange": "binance_usdm",
    "timestamp": "2024-05-01T00:00:00.280000Z",
    "sequence": 4,
    "scenario_id": "scenario-274-runaway_inventory",
    "agent_id": "agent-runaway_inventory",
    "order_id": "scenario-274-runaway_inventory-agent-runaway_inventory-4",
    "action": "new",
    "side": "buy",
    "price": 65281.832879999994,
    "quantity": 0.018000000000000002,
    "remaining_quantity": 0.018000000000000002
  },
  {
    "event_id": "161d13dfe318affcb3b23dd644a6ea456bd98c7917be74bfcc72304c01346a0f",
    "schema_version": "1.0.0",
    "event_type": "agent_order",
    "source": "synthetic_agent",
    "symbol": "BTCUSDT",
    "exchange": "binance_usdm",
    "timestamp": "2024-05-01T00:00:00.350000Z",
    "sequence": 5,
    "scenario_id": "scenario-274-runaway_inventory",
    "agent_id": "agent-runaway_inventory",
    "order_id": "scenario-274-runaway_inventory-agent-runaway_inventory-5",
    "action": "new",
    "side": "buy",
    "price": 65283.79110000001,
    "quantity": 0.02,
    "remaining_quantity": 0.02
  },
  {
    "event_id": "e38abe8d351afda3c8ec463181e6b11edfa1d6595c399c5e3074a950b31595d8",
    "schema_version": "1.0.0",
    "event_type": "agent_order",
    "source": "synthetic_agent",
    "symbol": "BTCUSDT",
    "exchange": "binance_usdm",
    "timestamp": "2024-05-01T00:00:00.420000Z",
    "sequence": 6,
    "scenario_id": "scenario-274-runaway_inventory",
    "agent_id": "agent-runaway_inventory",
    "order_id": "scenario-274-runaway_inventory-agent-runaway_inventory-6",
    "action": "new",
    "side": "buy",
    "price": 65285.74932,
    "quantity": 0.022,
    "remaining_quantity": 0.022
  },
  {
    "event_id": "cbb831c54f91e1184f2ef2a2ff8fe0b1cf653103ba31c35335208cbb791bdb78",
    "schema_version": "1.0.0",
    "event_type": "agent_order",
    "source": "synthetic_agent",
    "symbol": "BTCUSDT",
    "exchange": "binance_usdm",
    "timestamp": "2024-05-01T00:00:00.490000Z",
    "sequence": 7,
    "scenario_id": "scenario-274-runaway_inventory",
    "agent_id": "agent-runaway_inventory",
    "order_id": "scenario-274-runaway_inventory-agent-runaway_inventory-7",
    "action": "new",
    "side": "buy",
    "price": 65287.70754,
    "quantity": 0.024,
    "remaining_quantity": 0.024
  },
  {
    "event_id": "76309f377844c8ddda6eb415a94abf67857b9ac8dc3f1d35dc31350c246e94a2",
    "schema_version": "1.0.0",
    "event_type": "agent_order",
    "source": "synthetic_agent",
    "symbol": "BTCUSDT",
    "exchange": "binance_usdm",
    "timestamp": "2024-05-01T00:00:00.560000Z",
    "sequence": 8,
    "scenario_id": "scenario-274-runaway_inventory",
    "agent_id": "agent-runaway_inventory",
    "order_id": "scenario-274-runaway_inventory-agent-runaway_inventory-8",
    "action": "new",
    "side": "buy",
    "price": 65289.66576,
    "quantity": 0.026000000000000002,
    "remaining_quantity": 0.026000000000000002
  },
  {
    "event_id": "c43b1b889420e5fe8144bc5a395adf022fd74c87d81b19bc7d9115d9f30ba771",
    "schema_version": "1.0.0",
    "event_type": "agent_order",
    "source": "synthetic_agent",
    "symbol": "BTCUSDT",
    "exchange": "binance_usdm",
    "timestamp": "2024-05-01T00:00:00.630000Z",
    "sequence": 9,
    "scenario_id": "scenario-274-runaway_inventory",
    "agent_id": "agent-runaway_inventory",
    "order_id": "scenario-274-runaway_inventory-agent-runaway_inventory-9",
    "action": "new",
    "side": "buy",
    "price": 65291.62398,
    "quantity": 0.028000000000000004,
    "remaining_quantity": 0.028000000000000004
  },
  {
    "event_id": "f2262fbeaab122afb65125e30075d157c3db16cb086271373cbb007709369db7",
    "schema_version": "1.0.0",
    "event_type": "agent_order",
    "source": "synthetic_agent",
    "symbol": "BTCUSDT",
    "exchange": "binance_usdm",
    "timestamp": "2024-05-01T00:00:00.700000Z",
    "sequence": 10,
    "scenario_id": "scenario-274-runaway_inventory",
    "agent_id": "agent-runaway_inventory",
    "order_id": "scenario-274-runaway_inventory-agent-runaway_inventory-10",
    "action": "new",
    "side": "buy",
    "price": 65293.5822,
    "quantity": 0.03,
    "remaining_quantity": 0.03
  },
  {
    "event_id": "feafb01f86753e0422a596ff3cb8ad9968545a7589040231733e2f0d90f37fec",
    "schema_version": "1.0.0",
    "event_type": "agent_order",
    "source": "synthetic_agent",
    "symbol": "BTCUSDT",
    "exchange": "binance_usdm",
    "timestamp": "2024-05-01T00:00:00.770000Z",
    "sequence": 11,
    "scenario_id": "scenario-274-runaway_inventory",
    "agent_id": "agent-runaway_inventory",
    "order_id": "scenario-274-runaway_inventory-agent-runaway_inventory-11",
    "action": "new",
    "side": "buy",
    "price": 65295.54042,
    "quantity": 0.032,
    "remaining_quantity": 0.032
  },
  {
    "event_id": "da0bbea5fa63497e1cc30b81f6b4305e920e3fb6f2be4122d296c09f6dc2f58e",
    "schema_version": "1.0.0",
    "event_type": "agent_order",
    "source": "synthetic_agent",
    "symbol": "BTCUSDT",
    "exchange": "binance_usdm",
    "timestamp": "2024-05-01T00:00:00.840000Z",
    "sequence": 12,
    "scenario_id": "scenario-274-runaway_inventory",
    "agent_id": "agent-runaway_inventory",
    "order_id": "scenario-274-runaway_inventory-agent-runaway_inventory-12",
    "action": "new",
    "side": "buy",
    "price": 65297.49864,
    "quantity": 0.034,
    "remaining_quantity": 0.034
  },
  {
    "event_id": "281a1f3a0ab08985300d45300ca7ade2ebf8af6d7bea3dfdd9982cdaaf610d4a",
    "schema_version": "1.0.0",
    "event_type": "agent_order",
    "source": "synthetic_agent",
    "symbol": "BTCUSDT",
    "exchange": "binance_usdm",
    "timestamp": "2024-05-01T00:00:00.910000Z",
    "sequence": 13,
    "scenario_id": "scenario-274-runaway_inventory",
    "agent_id": "agent-runaway_inventory",
    "order_id": "scenario-274-runaway_inventory-agent-runaway_inventory-13",
    "action": "new",
    "side": "buy",
    "price": 65299.45685999999,
    "quantity": 0.036000000000000004,
    "remaining_quantity": 0.036000000000000004
  },
  {
    "event_id": "858488d7fe3500e7772f75ecc435f6176823a096773f6e8e10d9fcffe9b5a094",
    "schema_version": "1.0.0",
    "event_type": "agent_order",
    "source": "synthetic_agent",
    "symbol": "BTCUSDT",
    "exchange": "binance_usdm",
    "timestamp": "2024-05-01T00:00:00.980000Z",
    "sequence": 14,
    "scenario_id": "scenario-274-runaway_inventory",
    "agent_id": "agent-runaway_inventory",
    "order_id": "scenario-274-runaway_inventory-agent-runaway_inventory-14",
    "action": "new",
    "side": "buy",
    "price": 65301.415080000006,
    "quantity": 0.038,
    "remaining_quantity": 0.038
  },
  {
    "event_id": "3961eec8904c3e79408ce0a1f3d3710f33f0b427238ba43601608a1dbe37fca6",
    "schema_version": "1.0.0",
    "event_type": "agent_order",
    "source": "synthetic_agent",
    "symbol": "BTCUSDT",
    "exchange": "binance_usdm",
    "timestamp": "2024-05-01T00:00:01.050000Z",
    "sequence": 15,
    "scenario_id": "scenario-274-runaway_inventory",
    "agent_id": "agent-runaway_inventory",
    "order_id": "scenario-274-runaway_inventory-agent-runaway_inventory-15",
    "action": "new",
    "side": "buy",
    "price": 65303.37330000001,
    "quantity": 0.04,
    "remaining_quantity": 0.04
  },
  {
    "event_id": "dd88037713226ede4bdbb325c9ad15368189e8f7c7c318b542d0e91722f408e9",
    "schema_version": "1.0.0",
    "event_type": "agent_order",
    "source": "synthetic_agent",
    "symbol": "BTCUSDT",
    "exchange": "binance_usdm",
    "timestamp": "2024-05-01T00:00:01.120000Z",
    "sequence": 16,
    "scenario_id": "scenario-274-runaway_inventory",
    "agent_id": "agent-runaway_inventory",
    "order_id": "scenario-274-runaway_inventory-agent-runaway_inventory-16",
    "action": "new",
    "side": "buy",
    "price": 65305.33152,
    "quantity": 0.042,
    "remaining_quantity": 0.042
  },
  {
    "event_id": "188c745736398bbc976c40d56fce5c103c3ed23894db76928f2d0a1a5926da50",
    "schema_version": "1.0.0",
    "event_type": "agent_order",
    "source": "synthetic_agent",
    "symbol": "BTCUSDT",
    "exchange": "binance_usdm",
    "timestamp": "2024-05-01T00:00:01.190000Z",
    "sequence": 17,
    "scenario_id": "scenario-274-runaway_inventory",
    "agent_id": "agent-runaway_inventory",
    "order_id": "scenario-274-runaway_inventory-agent-runaway_inventory-17",
    "action": "new",
    "side": "buy",
    "price": 65307.28974,
    "quantity": 0.044000000000000004,
    "remaining_quantity": 0.044000000000000004
  },
  {
    "event_id": "f095414494c852f443ccc22c482d881eb645329f7cf2e85a4c089bb8a80937dc",
    "schema_version": "1.0.0",
    "event_type": "agent_order",
    "source": "synthetic_agent",
    "symbol": "BTCUSDT",
    "exchange": "binance_usdm",
    "timestamp": "2024-05-01T00:00:01.260000Z",
    "sequence": 18,
    "scenario_id": "scenario-274-runaway_inventory",
    "agent_id": "agent-runaway_inventory",
    "order_id": "scenario-274-runaway_inventory-agent-runaway_inventory-18",
    "action": "new",
    "side": "buy",
    "price": 65309.24796,
    "quantity": 0.046000000000000006,
    "remaining_quantity": 0.046000000000000006
  },
  {
    "event_id": "41d7bd14ec695bdf0b058589382aae51f1a1309b2451774c94371b9fd7dd6d08",
    "schema_version": "1.0.0",
    "event_type": "agent_order",
    "source": "synthetic_agent",
    "symbol": "BTCUSDT",
    "exchange": "binance_usdm",
    "timestamp": "2024-05-01T00:00:01.330000Z",
    "sequence": 19,
    "scenario_id": "scenario-274-runaway_inventory",
    "agent_id": "agent-runaway_inventory",
    "order_id": "scenario-274-runaway_inventory-agent-runaway_inventory-19",
    "action": "new",
    "side": "buy",
    "price": 65311.206179999994,
    "quantity": 0.048,
    "remaining_quantity": 0.048
  },
  {
    "event_id": "bdb029c54258f6fb9f9af31f2f498e1433b381bbd3ef36dce65829810566d32e",
    "schema_version": "1.0.0",
    "event_type": "agent_order",
    "source": "synthetic_agent",
    "symbol": "BTCUSDT",
    "exchange": "binance_usdm",
    "timestamp": "2024-05-01T00:00:01.400000Z",
    "sequence": 20,
    "scenario_id": "scenario-274-runaway_inventory",
    "agent_id": "agent-runaway_inventory",
    "order_id": "scenario-274-runaway_inventory-agent-runaway_inventory-20",
    "action": "new",
    "side": "buy",
    "price": 65313.164399999994,
    "quantity": 0.05,
    "remaining_quantity": 0.05
  },
  {
    "event_id": "4aeab914774adb1937cfc9e598ef15e697ad5cbe78c08e2ce79c01a202a89a11",
    "schema_version": "1.0.0",
    "event_type": "agent_order",
    "source": "synthetic_agent",
    "symbol": "BTCUSDT",
    "exchange": "binance_usdm",
    "timestamp": "2024-05-01T00:00:01.470000Z",
    "sequence": 21,
    "scenario_id": "scenario-274-runaway_inventory",
    "agent_id": "agent-runaway_inventory",
    "order_id": "scenario-274-runaway_inventory-agent-runaway_inventory-21",
    "action": "new",
    "side": "buy",
    "price": 65315.122619999995,
    "quantity": 0.052000000000000005,
    "remaining_quantity": 0.052000000000000005
  },
  {
    "event_id": "ec470e5c7f275f024626d2dbcd16656f2f3e8a10e8a265a4efbee1d5dcdbd304",
    "schema_version": "1.0.0",
    "event_type": "agent_order",
    "source": "synthetic_agent",
    "symbol": "BTCUSDT",
    "exchange": "binance_usdm",
    "timestamp": "2024-05-01T00:00:01.540000Z",
    "sequence": 22,
    "scenario_id": "scenario-274-runaway_inventory",
    "agent_id": "agent-runaway_inventory",
    "order_id": "scenario-274-runaway_inventory-agent-runaway_inventory-22",
    "action": "new",
    "side": "buy",
    "price": 65317.08084000001,
    "quantity": 0.054,
    "remaining_quantity": 0.054
  },
  {
    "event_id": "132920d83cfdaca2ae3efa5e6555d2d009252e61a1d6478db2f5f3f692541964",
    "schema_version": "1.0.0",
    "event_type": "agent_order",
    "source": "synthetic_agent",
    "symbol": "BTCUSDT",
    "exchange": "binance_usdm",
    "timestamp": "2024-05-01T00:00:01.610000Z",
    "sequence": 23,
    "scenario_id": "scenario-274-runaway_inventory",
    "agent_id": "agent-runaway_inventory",
    "order_id": "scenario-274-runaway_inventory-agent-runaway_inventory-23",
    "action": "new",
    "side": "buy",
    "price": 65319.03906,
    "quantity": 0.056,
    "remaining_quantity": 0.056
  },
  {
    "event_id": "0ac417292de9df266320d2f15c117d05bed3f3d5be382c22e0f542056da9cee7",
    "schema_version": "1.0.0",
    "event_type": "agent_order",
    "source": "synthetic_agent",
    "symbol": "BTCUSDT",
    "exchange": "binance_usdm",
    "timestamp": "2024-05-01T00:00:01.680000Z",
    "sequence": 24,
    "scenario_id": "scenario-274-runaway_inventory",
    "agent_id": "agent-runaway_inventory",
    "order_id": "scenario-274-runaway_inventory-agent-runaway_inventory-24",
    "action": "new",
    "side": "buy",
    "price": 65320.99728,
    "quantity": 0.058,
    "remaining_quantity": 0.058
  },
  {
    "event_id": "d05c14c2a5927cb0f971519f730eaf97c68f6333a9e8530b16efd9e6bd368854",
    "schema_version": "1.0.0",
    "event_type": "agent_order",
    "source": "synthetic_agent",
    "symbol": "BTCUSDT",
    "exchange": "binance_usdm",
    "timestamp": "2024-05-01T00:00:01.750000Z",
    "sequence": 25,
    "scenario_id": "scenario-274-runaway_inventory",
    "agent_id": "agent-runaway_inventory",
    "order_id": "scenario-274-runaway_inventory-agent-runaway_inventory-25",
    "action": "new",
    "side": "buy",
    "price": 65322.955500000004,
    "quantity": 0.060000000000000005,
    "remaining_quantity": 0.060000000000000005
  },
  {
    "event_id": "9796165bad0be368ceffe329c964d90208a5ad5c7925d794c23230c3905305a3",
    "schema_version": "1.0.0",
    "event_type": "agent_order",
    "source": "synthetic_agent",
    "symbol": "BTCUSDT",
    "exchange": "binance_usdm",
    "timestamp": "2024-05-01T00:00:01.820000Z",
    "sequence": 26,
    "scenario_id": "scenario-274-runaway_inventory",
    "agent_id": "agent-runaway_inventory",
    "order_id": "scenario-274-runaway_inventory-agent-runaway_inventory-26",
    "action": "new",
    "side": "buy",
    "price": 65324.91372,
    "quantity": 0.062000000000000006,
    "remaining_quantity": 0.062000000000000006
  },
  {
    "event_id": "89aee150b4cb5b212bc808323a630fd280c1448fb0832bfc170ea4387b9ebcca",
    "schema_version": "1.0.0",
    "event_type": "agent_order",
    "source": "synthetic_agent",
    "symbol": "BTCUSDT",
    "exchange": "binance_usdm",
    "timestamp": "2024-05-01T00:00:01.890000Z",
    "sequence": 27,
    "scenario_id": "scenario-274-runaway_inventory",
    "agent_id": "agent-runaway_inventory",
    "order_id": "scenario-274-runaway_inventory-agent-runaway_inventory-27",
    "action": "new",
    "side": "buy",
    "price": 65326.87194,
    "quantity": 0.064,
    "remaining_quantity": 0.064
  },
  {
    "event_id": "7841459c634cd47f17ca7e9837488d653a41883b4483ce9d13679beed2665369",
    "schema_version": "1.0.0",
    "event_type": "agent_order",
    "source": "synthetic_agent",
    "symbol": "BTCUSDT",
    "exchange": "binance_usdm",
    "timestamp": "2024-05-01T00:00:01.960000Z",
    "sequence": 28,
    "scenario_id": "scenario-274-runaway_inventory",
    "agent_id": "agent-runaway_inventory",
    "order_id": "scenario-274-runaway_inventory-agent-runaway_inventory-28",
    "action": "new",
    "side": "buy",
    "price": 65328.83016,
    "quantity": 0.066,
    "remaining_quantity": 0.066
  },
  {
    "event_id": "af0033ecf158d313b25d58e6701afa5b6eadc0f84d97e5e5ccd8c06fc99fc0c4",
    "schema_version": "1.0.0",
    "event_type": "agent_order",
    "source": "synthetic_agent",
    "symbol": "BTCUSDT",
    "exchange": "binance_usdm",
    "timestamp": "2024-05-01T00:00:02.030000Z",
    "sequence": 29,
    "scenario_id": "scenario-274-runaway_inventory",
    "agent_id": "agent-runaway_inventory",
    "order_id": "scenario-274-runaway_inventory-agent-runaway_inventory-29",
    "action": "new",
    "side": "buy",
    "price": 65330.78838,
    "quantity": 0.068,
    "remaining_quantity": 0.068
  }
]