[
  {
    "event_id": "81b00730c4fde8d1992eeba9d34d233b0d540d81c93678e0ce39c4d232eeafdc",
    "schema_version": "1.0.0",
    "event_type": "agent_order",
    "source": "synthetic_agent",
    "symbol": "BTCUSDT",
    "exchange": "binance_usdm",
    "timestamp": "2024-05-01T00:00:00Z",
    "sequence": 0,
    "scenario_id": "scenario-376-quote_stuffing",
    "agent_id": "agent-quote_stuffing",
    "order_id": "scenario-376-quote_stuffing-agent-quote_stuffing-0",
    "action": "new",
    "side": "buy",
    "price": 65369.462400000004,
    "quantity": 0.001,
    "remaining_quantity": 0.001
  },
  {
    "event_id": "fdeefa6b193216e0d4ccfc7e2ff31d710565160409d3ae624e906d85a9c71d99",
    "schema_version": "1.0.0",
    "event_type": "agent_order",
    "source": "synthetic_agent",
    "symbol": "BTCUSDT",
    "exchange": "binance_usdm",
    "timestamp": "2024-05-01T00:00:00.005000Z",
    "sequence": 1,
    "scenario_id": "scenario-376-quote_stuffing",
    "agent_id": "agent-quote_stuffing",
    "order_id": "scenario-376-quote_stuffing-agent-quote_stuffing-1",
    "action": "new",
    "side": "sell",
    "price": 65382.537599999996,
    "quantity": 0.001,
    "remaining_quantity": 0.001
  },
  {
    "event_id": "60d56e6ec6989f71b6ee56e2373b3c970310529cad79791de6bae7d61ed55e63",
    "schema_version": "1.0.0",
    "event_type": "agent_order",
    "source": "synthetic_agent",
    "symbol": "BTCUSDT",
    "exchange": "binance_usdm",
    "timestamp": "2024-05-01T00:00:00.010000Z",
    "sequence": 2,
    "scenario_id": "scenario-376-quote_stuffing",
    "agent_id": "agent-quote_stuffing",
    "order_id": "scenario-376-quote_stuffing-agent-quote_stuffing-2",
    "action": "new",
    "side": "buy",
    "price": 65369.462400000004,
    "quantity": 0.001,
    "remaining_quantity": 0.001
  },
  {
    "event_id": "585eb7a9526d3dbacd2aedde6d3da22e4d973d9ba3a1f1158ea980a43a80789a",
    "schema_version": "1.0.0",
    "event_type": "agent_order",
    "source": "synthetic_agent",
    "symbol": "BTCUSDT",
    "exchange": "binance_usdm",
    "timestamp": "2024-05-01T00:00:00.015000Z",
    "sequence": 3,
    "scenario_id": "scenario-376-quote_stuffing",
    "agent_id": "agent-quote_stuffing",
    "order_id": "scenario-376-quote_stuffing-agent-quote_stuffing-3",
    "action": "new",
    "side": "sell",
    "price": 65382.537599999996,
    "quantity": 0.001,
    "remaining_quantity": 0.001
  },
  {
    "event_id": "9aabd356d241bd163e6117e64034705df4c0c6c3484ada015c6f1c3d51fe9ab4",
    "schema_version": "1.0.0",
    "event_type": "agent_order",
    "source": "synthetic_agent",
    "symbol": "BTCUSDT",
    "exchange": "binance_usdm",
    "timestamp": "2024-05-01T00:00:00.020000Z",
    "sequence": 4,
    "scenario_id": "scenario-376-quote_stuffing",
    "agent_id": "agent-quote_stuffing",
    "order_id": "scenario-376-quote_stuffing-agent-quote_stuffing-4",
    "action": "new",
    "side": "buy",
    "price": 65369.462400000004,
    "quantity": 0.001,
    "remaining_quantity": 0.001
  },
  {
    "event_id": "f573f32f238efd96726c43cce39dd44aaec6a42f3c39379c27bb422cbb009fa0",
    "schema_version": "1.0.0",
    "event_type": "agent_order",
    "source": "synthetic_agent",
    "symbol": "BTCUSDT",
    "exchange": "binance_usdm",
    "timestamp": "2024-05-01T00:00:00.025000Z",
    "sequence": 5,
    "scenario_id": "scenario-376-quote_stuffing",
    "agent_id": "agent-quote_stuffing",
    "order_id": "scenario-376-quote_stuffing-agent-quote_stuffing-5",
    "action": "new",
    "side": "sell",
    "price": 65382.537599999996,
    "quantity": 0.001,
    "remaining_quantity": 0.001
  },
  {
    "event_id": "c49fd5bca34833c82e668d2fbbac3a5b7d600827de7908a420ae027c6ff82d2e",
    "schema_version": "1.0.0",
    "event_type": "agent_order",
    "source": "synthetic_agent",
    "symbol": "BTCUSDT",
    "exchange": "binance_usdm",
    "timestamp": "2024-05-01T00:00:00.030000Z",
    "sequence": 6,
    "scenario_id": "scenario-376-quote_stuffing",
    "agent_id": "agent-quote_stuffing",
    "order_id": "scenario-376-quote_stuffing-agent-quote_stuffing-6",
    "action": "new",
    "side": "buy",
    "price": 65369.462400000004,
    "quantity": 0.001,
    "remaining_quantity": 0.001
  },
  {
    "event_id": "bd94cd4038e30f14e98be0376e56d02760fcce51ec2e6bf2b7c56c7b53602ace",
    "schema_version": "1.0.0",
    "event_type": "agent_order",
    "source": "synthetic_agent",
    "symbol": "BTCUSDT",
    "exchange": "binance_usdm",
    "timestamp": "2024-05-01T00:00:00.035000Z",
    "sequence": 7,
    "scenario_id": "scenario-376-quote_stuffing",
    "agent_id": "agent-quote_stuffing",
    "order_id": "scenario-376-quote_stuffing-agent-quote_stuffing-7",
    "action": "new",
    "side": "sell",
    "price": 65382.537599999996,
    "quantity": 0.001,
    "remaining_quantity": 0.001
  },
  {
    "event_id": "4fe264f9d1cd21fca8ea61ac0821139f6f8ebd36d8c97e30fabe1af6fd84accf",
    "schema_version": "1.0.0",
    "event_type": "agent_order",
    "source": "synthetic_agent",
    "symbol": "BTCUSDT",
    "exchange": "binance_usdm",
    "timestamp": "2024-05-01T00:00:00.040000Z",
    "sequence": 8,
    "scenario_id": "scenario-376-quote_stuffing",
    "agent_id": "agent-quote_stuffing",
    "order_id": "scenario-376-quote_stuffing-agent-quote_stuffing-8",
    "action": "new",
    "side": "buy",
    "price": 65369.462400000004,
    "quantity": 0.001,
    "remaining_quantity": 0.001
  },
  {
    "event_id": "80cfb9ad96b985c8c28b0af69ba79baab02ef3029e24894c91e82aa9909f50b7",
    "schema_version": "1.0.0",
    "event_type": "agent_order",
    "source": "synthetic_agent",
    "symbol": "BTCUSDT",
    "exchange": "binance_usdm",
    "timestamp": "2024-05-01T00:00:00.045000Z",
    "sequence": 9,
    "scenario_id": "scenario-376-quote_stuffing",
    "agent_id": "agent-quote_stuffing",
    "order_id": "scenario-376-quote_stuffing-agent-quote_stuffing-9",
    "action": "new",
    "side": "sell",
    "price": 65382.537599999996,
    "quantity": 0.001,
    "remaining_quantity": 0.001
  },
  {
    "event_id": "34146fc9a6b3daeca232bf7467a336b950b5bbd836b9a84c55e47acb70b7f6a9",
    "schema_version": "1.0.0",
    "event_type": "agent_order",
    "source": "synthetic_agent",
    "symbol": "BTCUSDT",
    "exchange": "binance_usdm",
    "timestamp": "2024-05-01T00:00:00.050000Z",
    "sequence": 10,
    "scenario_id": "scenario-376-quote_stuffing",
    "agent_id": "agent-quote_stuffing",
    "order_id": "scenario-376-quote_stuffing-agent-quote_stuffing-10",
    "action": "new",
    "side": "buy",
    "price": 65369.462400000004,
    "quantity": 0.001,
    "remaining_quantity": 0.001
  },
  {
    "event_id": "e19e8052e8668cbeb3ab4b1cd0f7a42a9793ac1e41b3fe852a741cb7717cedc2",
    "schema_version": "1.0.0",
    "event_type": "agent_order",
    "source": "synthetic_agent",
    "symbol": "BTCUSDT",
    "exchange": "binance_usdm",
    "timestamp": "2024-05-01T00:00:00.055000Z",
    "sequence": 11,
    "scenario_id": "scenario-376-quote_stuffing",
    "agent_id": "agent-quote_stuffing",
    "order_id": "scenario-376-quote_stuffing-agent-quote_stuffing-11",
    "action": "new",
    "side": "sell",
    "price": 65382.537599999996,
    "quantity": 0.001,
    "remaining_quantity": 0.001
  },
  {
    "event_id": "5fac887872406712f7ca2d5ee6e94f3c4d0b2cf80f5a1043fcbed384187c762c",
    "schema_version": "1.0.0",
    "event_type": "agent_order",
    "source": "synthetic_agent",
    "symbol": "BTCUSDT",
    "exchange": "binance_usdm",
    "timestamp": "2024-05-01T00:00:00.060000Z",
    "sequence": 12,
    "scenario_id": "scenario-376-quote_stuffing",
    "agent_id": "agent-quote_stuffing",
    "order_id": "scenario-376-quote_stuffing-agent-quote_stuffing-12",
    "action": "new",
    "side": "buy",
    "price": 65369.462400000004,
    "quantity": 0.001,
    "remaining_quantity": 0.001
  },
  {
    "event_id": "3b679224baf5e2fed9ae1214b846accd9912f9a6c978e2cadb3a1ce2f21ced14",
    "schema_version": "1.0.0",
    "event_type": "agent_order",
    "source": "synthetic_agent",
    "symbol": "BTCUSDT",
    "exchange": "binance_usdm",
    "timestamp": "2024-05-01T00:00:00.065000Z",
    "sequence": 13,
    "scenario_id": "scenario-376-quote_stuffing",
    "agent_id": "agent-quote_stuffing",
    "order_id": "scenario-376-quote_stuffing-agent-quote_stuffing-13",
    "action": "new",
    "side": "sell",
    "price": 65382.537599999996,
    "quantity": 0.001,
    "remaining_quantity": 0.001
  },
  {
    "event_id": "fe04da984bfb3f08520c9d9058cff6dcebe7013a8c04b8a7c36076d4b8528318",
    "schema_version": "1.0.0",
    "event_type": "agent_order",
    "source": "synthetic_agent",
    "symbol": "BTCUSDT",
    "exchange": "binance_usdm",
    "timestamp": "2024-05-01T00:00:00.070000Z",
    "sequence": 14,
    "scenario_id": "scenario-376-quote_stuffing",
    "agent_id": "agent-quote_stuffing",
    "order_id": "scenario-376-quote_stuffing-agent-quote_stuffing-14",
    "action": "new",
    "side": "buy",
    "price": 65369.462400000004,
    "quantity": 0.001,
    "remaining_quantity": 0.001
  },
  {
    "event_id": "c4f0f78e62d097b231c77a61ab84ca7c610fcdc545455b501a0fa9656704738b",
    "schema_version": "1.0.0",
    "event_type": "agent_order",
    "source": "synthetic_agent",
    "symbol": "BTCUSDT",
    "exchange": "binance_usdm",
    "timestamp": "2024-05-01T00:00:00.075000Z",
    "sequence": 15,
    "scenario_id": "scenario-376-quote_stuffing",
    "agent_id": "agent-quote_stuffing",
    "order_id": "scenario-376-quote_stuffing-agent-quote_stuffing-15",
    "action": "new",
    "side": "sell",
    "price": 65382.537599999996,
    "quantity": 0.001,
    "remaining_quantity": 0.001
  },
  {
    "event_id": "6bda1bf7abc438fac0722114bafd0f5831f63104b1ad775eccd1d57b0572233f",
    "schema_version": "1.0.0",
    "event_type": "agent_order",
    "source": "synthetic_agent",
    "symbol": "BTCUSDT",
    "exchange": "binance_usdm",
    "timestamp": "2024-05-01T00:00:00.080000Z",
    "sequence": 16,
    "scenario_id": "scenario-376-quote_stuffing",
    "agent_id": "agent-quote_stuffing",
    "order_id": "scenario-376-quote_stuffing-agent-quote_stuffing-16",
    "action": "new",
    "side": "buy",
    "price": 65369.462400000004,
    "quantity": 0.001,
    "remaining_quantity": 0.001
  },
  {
    "event_id": "e9eeb6c80ba439e321143dbc3d6de0208eb4c3d783e495bbbd2ee920e998fa4d",
    "schema_version": "1.0.0",
    "event_type": "agent_order",
    "source": "synthetic_agent",
    "symbol": "BTCUSDT",
    "exchange": "binance_usdm",
    "timestamp": "2024-05-01T00:00:00.085000Z",
    "sequence": 17,
    "scenario_id": "scenario-376-quote_stuffing",
    "agent_id": "agent-quote_stuffing",
    "order_id": "scenario-376-quote_stuffing-agent-quote_stuffing-17",
    "action": "new",
    "side": "sell",
    "price": 65382.537599999996,
    "quantity": 0.001,
    "remaining_quantity": 0.001
  },
  {
    "event_id": "55b48b9cd43b269e15d70bd45235fc98a8460176dcd2c9165b21e1485e0f353d",
    "schema_version": "1.0.0",
    "event_type": "agent_order",
    "source": "synthetic_agent",
    "symbol": "BTCUSDT",
    "exchange": "binance_usdm",
    "timestamp": "2024-05-01T00:00:00.090000Z",
    "sequence": 18,
    "scenario_id": "scenario-376-quote_stuffing",
    "agent_id": "agent-quote_stuffing",
    "order_id": "scenario-376-quote_stuffing-agent-quote_stuffing-18",
    "action": "new",
    "side": "buy",
    "price": 65369.462400000004,
    "quantity": 0.001,
    "remaining_quantity": 0.001
  },
  {
    "event_id": "94f4923d48180bf114b87f2a7a0217cef2017cbac3882f0a0cdb44c92bec244c",
    "schema_version": "1.0.0",
    "event_type": "agent_order",
    "source": "synthetic_agent",
    "symbol": "BTCUSDT",
    "exchange": "binance_usdm",
    "timestamp": "2024-05-01T00:00:00.095000Z",
    "sequence": 19,
    "scenario_id": "scenario-376-quote_stuffing",
    "agent_id": "agent-quote_stuffing",
    "order_id": "scenario-376-quote_stuffing-agent-quote_stuffing-19",
    "action": "new",
    "side": "sell",
    "price": 65382.537599999996,
    "quantity": 0.001,
    "remaining_quantity": 0.001
  },
  {
    "event_id": "31f43cfc98b1a9c21356d67ec47a5420d9d16f07859ed3befe4b524f0b7a2343",
    "schema_version": "1.0.0",
    "event_type": "agent_order",
    "source": "synthetic_agent",
    "symbol": "BTCUSDT",
    "exchange": "binance_usdm",
    "timestamp": "2024-05-01T00:00:00.100000Z",
    "sequence": 20,
    "scenario_id": "scenario-376-quote_stuffing",
    "agent_id": "agent-quote_stuffing",
    "order_id": "scenario-376-quote_stuffing-agent-quote_stuffing-20",
    "action": "new",
    "side": "buy",
    "price": 65369.462400000004,
    "quantity": 0.001,
    "remaining_quantity": 0.001
  },
  {
    "event_id": "46da7a5f6ecfc7c3d237068f2f8295ab8c96a292a7a0a8eaa99e780d459a89a5",
    "schema_version": "1.0.0",
    "event_type": "agent_order",
    "source": "synthetic_agent",
    "symbol": "BTCUSDT",
    "exchange": "binance_usdm",
    "timestamp": "2024-05-01T00:00:00.105000Z",
    "sequence": 21,
    "scenario_id": "scenario-376-quote_stuffing",
    "agent_id": "agent-quote_stuffing",
    "order_id": "scenario-376-quote_stuffing-agent-quote_stuffing-21",
    "action": "new",
    "side": "sell",
    "price": 65382.537599999996,
    "quantity": 0.001,
    "remaining_quantity": 0.001
  },
  {
    "event_id": "693d9744d78343783ba77b7b5b7b57e3697c8f124224c595ce8ced0a362e3cfb",
    "schema_version": "1.0.0",
    "event_type": "agent_order",
    "source": "synthetic_agent",
    "symbol": "BTCUSDT",
    "exchange": "binance_usdm",
    "timestamp": "2024-05-01T00:00:00.110000Z",
    "sequence": 22,
    "scenario_id": "scenario-376-quote_stuffing",
    "agent_id": "agent-quote_stuffing",
    "order_id": "scenario-376-quote_stuffing-agent-quote_stuffing-22",
    "action": "new",
    "side": "buy",
    "price": 65369.462400000004,
    "quantity": 0.001,
    "remaining_quantity": 0.001
  },
  {
    "event_id": "e0c973e02e47bf660fe7d29b4b8c0c488bbc9652cc77ace59d6736a35f7a5eb2",
    "schema_version": "1.0.0",
    "event_type": "agent_order",
    "source": "synthetic_agent",
    "symbol": "BTCUSDT",
    "exchange": "binance_usdm",
    "timestamp": "2024-05-01T00:00:00.115000Z",
    "sequence": 23,
    "scenario_id": "scenario-376-quote_stuffing",
    "agent_id": "agent-quote_stuffing",
    "order_id": "scenario-376-quote_stuffing-agent-quote_stuffing-23",
    "action": "new",
    "side": "sell",
    "price": 65382.537599999996,
    "quantity": 0.001,
    "remaining_quantity": 0.001
  },
  {
    "event_id": "e91cdc7d2bbff4dd880c52b6cc2ef195250558363c1bb3a6d9176625ef942d4d",
    "schema_version": "1.0.0",
    "event_type": "agent_order",
    "source": "synthetic_agent",
    "symbol": "BTCUSDT",
    "exchange": "binance_usdm",
    "timestamp": "2024-05-01T00:00:00.120000Z",
    "sequence": 24,
    "scenario_id": "scenario-376-quote_stuffing",
    "agent_id": "agent-quote_stuffing",
    "order_id": "scenario-376-quote_stuffing-agent-quote_stuffing-24",
    "action": "new",
    "side": "buy",
    "price": 65369.462400000004,
    "quantity": 0.001,
    "remaining_quantity": 0.001
  },
  {
    "event_id": "1641f03cb2ea3d72f401d7539817a89daad9bfdc780fc4a7f197f5ae055b8ec3",
    "schema_version": "1.0.0",
    "event_type": "agent_order",
    "source": "synthetic_agent",
    "symbol": "BTCUSDT",
    "exchange": "binance_usdm",
    "timestamp": "2024-05-01T00:00:00.125000Z",
    "sequence": 25,
    "scenario_id": "scenario-376-quote_stuffing",
    "agent_id": "agent-quote_stuffing",
    "order_id": "scenario-376-quote_stuffing-agent-quote_stuffing-25",
    "action": "new",
    "side": "sell",
    "price": 65382.537599999996,
    "quantity": 0.001,
    "remaining_quantity": 0.001
  },
  {
    "event_id": "6e57a68b5192f0f05eba5c1451931e686e5ac00805ad1fe92fcfb98ac2e675f1",
    "schema_version": "1.0.0",
    "event_type": "agent_order",
    "source": "synthetic_agent",
    "symbol": "BTCUSDT",
    "exchange": "binance_usdm",
    "timestamp": "2024-05-01T00:00:00.130000Z",
    "sequence": 26,
    "scenario_id": "scenario-376-quote_stuffing",
    "agent_id": "agent-quote_stuffing",
    "order_id": "scenario-376-quote_stuffing-agent-quote_stuffing-26",
    "action": "new",
    "side": "buy",
    "price": 65369.462400000004,
    "quantity": 0.001,
    "remaining_quantity": 0.001
  },
  {
    "event_id": "40da2152f1c9f7756760878e4adfc6b048873bdf8a1750ee34ceee1ca9dc3be0",
    "schema_version": "1.0.0",
    "event_type": "agent_order",
    "source": "synthetic_agent",
    "symbol": "BTCUSDT",
    "exchange": "binance_usdm",
    "timestamp": "2024-05-01T00:00:00.135000Z",
    "sequence": 27,
    "scenario_id": "scenario-376-quote_stuffing",
    "agent_id": "agent-quote_stuffing",
    "order_id": "scenario-376-quote_stuffing-agent-quote_stuffing-27",
    "action": "new",
    "side": "sell",
    "price": 65382.537599999996,
    "quantity": 0.001,
    "remaining_quantity": 0.001
  },
  {
    "event_id": "b3eddbb07b731670896c332dbc5b719eabcae9310bdd1f303f53ca8e93a97900",
    "schema_version": "1.0.0",
    "event_type": "agent_order",
    "source": "synthetic_agent",
    "symbol": "BTCUSDT",
    "exchange": "binance_usdm",
    "timestamp": "2024-05-01T00:00:00.140000Z",
    "sequence": 28,
    "scenario_id": "scenario-376-quote_stuffing",
    "agent_id": "agent-quote_stuffing",
    "order_id": "scenario-376-quote_stuffing-agent-quote_stuffing-28",
    "action": "new",
    "side": "buy",
    "price": 65369.462400000004,
    "quantity": 0.001,
    "remaining_quantity": 0.001
  },
  {
    "event_id": "4e84d136ea67ba9641118b345a6e1a8d7ec2a114088fc5281a6cecd578aa46d3",
    "schema_version": "1.0.0",
    "event_type": "agent_order",
    "source": "synthetic_agent",
    "symbol": "BTCUSDT",
    "exchange": "binance_usdm",
    "timestamp": "2024-05-01T00:00:00.145000Z",
    "sequence": 29,
    "scenario_id": "scenario-376-quote_stuffing",
    "agent_id": "agent-quote_stuffing",
    "order_id": "scenario-376-quote_stuffing-agent-quote_stuffing-29",
    "action": "new",
    "side": "sell",
    "price": 65382.537599999996,
    "quantity": 0.001,
    "remaining_quantity": 0.001
  }
]