[
  {
    "event_id": "3f812b701e58c54f2e2e56ce820a7109741286eac261dc6733503f58e02a4ef8",
    "schema_version": "1.0.0",
    "event_type": "agent_order",
    "source": "synthetic_agent",
    "symbol": "BTCUSDT",
    "exchange": "binance_usdm",
    "timestamp": "2024-05-01T00:00:00Z",
    "sequence": 0,
    "scenario_id": "scenario-267-spoofing_layering",
    "agent_id": "agent-spoofing_layering",
    "order_id": "scenario-267-spoofing_layering-agent-spoofing_layering-0",
    "action": "new",
    "side": "sell",
    "price": 65299.633499999996,
    "quantity": 0.5,
    "remaining_quantity": 0.5
  },
  {
    "event_id": "67019a1107a5ef636ba78e2006a6209029a66956243900ddc673428ae5e22422",
    "schema_version": "1.0.0",
    "event_type": "agent_order",
    "source": "synthetic_agent",
    "symbol": "BTCUSDT",
    "exchange": "binance_usdm",
    "timestamp": "2024-05-01T00:00:00.050000Z",
    "sequence": 1,
    "scenario_id": "scenario-267-spoofing_layering",
    "agent_id": "agent-spoofing_layering",
    "order_id": "scenario-267-spoofing_layering-agent-spoofing_layering-1",
    "action": "new",
    "side": "sell",
    "price": 65300.28617,
    "quantity": 0.5,
    "remaining_quantity": 0.5
  },
  {
    "event_id": "64b56f20c8059d32d0627e6170b8eaa15913c4fb70306b02d4cbfd485576261d",
    "schema_version": "1.0.0",
    "event_type": "agent_order",
    "source": "synthetic_agent",
    "symbol": "BTCUSDT",
    "exchange": "binance_usdm",
    "timestamp": "2024-05-01T00:00:00.100000Z",
    "sequence": 2,
    "scenario_id": "scenario-267-spoofing_layering",
    "agent_id": "agent-spoofing_layering",
    "order_id": "scenario-267-spoofing_layering-agent-spoofing_layering-2",
    "action": "new",
    "side": "sell",
    "price": 65300.93883999999,
    "quantity": 0.5,
    "remaining_quantity": 0.5
  },
  {
    "event_id": "11e625a10bf9ac0c3bd6094efd88cc1aaf66c6bb9353b118987fb8ff98f9cecf",
    "schema_version": "1.0.0",
    "event_type": "agent_order",
    "source": "synthetic_agent",
    "symbol": "BTCUSDT",
    "exchange": "binance_usdm",
    "timestamp": "2024-05-01T00:00:00.150000Z",
    "sequence": 3,
    "scenario_id": "scenario-267-spoofing_layering",
    "agent_id": "agent-spoofing_layering",
    "order_id": "scenario-267-spoofing_layering-agent-spoofing_layering-3",
    "action": "new",
    "side": "sell",
    "price": 65301.59150999999,
    "quantity": 0.5,
    "remaining_quantity": 0.5
  },
  {
    "event_id": "911b2ef265ab9a371ecfaadab2ac1acf4296be9385e138fce7b66804d64d3b0f",
    "schema_version": "1.0.0",
    "event_type": "agent_order",
    "source": "synthetic_agent",
    "symbol": "BTCUSDT",
    "exchange": "binance_usdm",
    "timestamp": "2024-05-01T00:00:00.200000Z",
    "sequence": 4,
    "scenario_id": "scenario-267-spoofing_layering",
    "agent_id": "agent-spoofing_layering",
    "order_id": "scenario-267-spoofing_layering-agent-spoofing_layering-4",
    "action": "new",
    "side": "sell",
    "price": 65302.24418,
    "quantity": 0.5,
    "remaining_quantity": 0.5
  },
  {
    "event_id": "660e501916d12db677adcaeb08aceadf472572dddad800d44671494ff8115e07",
    "schema_version": "1.0.0",
    "event_type": "agent_order",
    "source": "synthetic_agent",
    "symbol": "BTCUSDT",
    "exchange": "binance_usdm",
    "timestamp": "2024-05-01T00:00:00.250000Z",
    "sequence": 5,
    "scenario_id": "scenario-267-spoofing_layering",
    "agent_id": "agent-spoofing_layering",
    "order_id": "scenario-267-spoofing_layering-agent-spoofing_layering-5",
    "action": "new",
    "side": "sell",
    "price": 65302.896850000005,
    "quantity": 0.5,
    "remaining_quantity": 0.5
  },
  {
    "event_id": "2a6f383512cc7ea12b5d3597d890acb4478a44699afffe7ecf5eea37a4b44544",
    "schema_version": "1.0.0",
    "event_type": "agent_order",
    "source": "synthetic_agent",
    "symbol": "BTCUSDT",
    "exchange": "binance_usdm",
    "timestamp": "2024-05-01T00:00:00.300000Z",
    "sequence": 6,
    "scenario_id": "scenario-267-spoofing_layering",
    "agent_id": "agent-spoofing_layering",
    "order_id": "scenario-267-spoofing_layering-agent-spoofing_layering-6",
    "action": "new",
    "side": "sell",
    "price": 65303.54951999999,
    "quantity": 0.5,
    "remaining_quantity": 0.5
  },
  {
    "event_id": "da4c5247ebc28617827e06a7e3973e1ee4e9487d8ad15b28920395344e012741",
    "schema_version": "1.0.0",
    "event_type": "agent_order",
    "source": "synthetic_agent",
    "symbol": "BTCUSDT",
    "exchange": "binance_usdm",
    "timestamp": "2024-05-01T00:00:00.350000Z",
    "sequence": 7,
    "scenario_id": "scenario-267-spoofing_layering",
    "agent_id": "agent-spoofing_layering",
    "order_id": "scenario-267-spoofing_layering-agent-spoofing_layering-7",
    "action": "new",
    "side": "sell",
    "price": 65304.202189999996,
    "quantity": 0.5,
    "remaining_quantity": 0.5
  },
  {
    "event_id": "1688750f0e0843537d5d8f9e21328b5fd61c8c910508872505ff3504c981eddf",
    "schema_version": "1.0.0",
    "event_type": "agent_order",
    "source": "synthetic_agent",
    "symbol": "BTCUSDT",
    "exchange": "binance_usdm",
    "timestamp": "2024-05-01T00:00:00.400000Z",
    "sequence": 8,
    "scenario_id": "scenario-267-spoofing_layering",
    "agent_id": "agent-spoofing_layering",
    "order_id": "scenario-267-spoofing_layering-agent-spoofing_layering-8",
    "action": "new",
    "side": "sell",
    "price": 65304.85486,
    "quantity": 0.5,
    "remaining_quantity": 0.5
  },
  {
    "event_id": "f1befd61c2ac7e2011a366c4828d14a9b5a43fe4f8a141bd1410d63eefd4f49b",
    "schema_version": "1.0.0",
    "event_type": "agent_order",
    "source": "synthetic_agent",
    "symbol": "BTCUSDT",
    "exchange": "binance_usdm",
    "timestamp": "2024-05-01T00:00:00.450000Z",
    "sequence": 9,
    "scenario_id": "scenario-267-spoofing_layering",
    "agent_id": "agent-spoofing_layering",
    "order_id": "scenario-267-spoofing_layering-agent-spoofing_layering-9",
    "action": "new",
    "side": "sell",
    "price": 65305.50752999999,
    "quantity": 0.5,
    "remaining_quantity": 0.5
  },
  {
    "event_id": "160c43b233453b401776618ff17444d9a32893ffe58bddfcf5dec3be7cd6e2a9",
    "schema_version": "1.0.0",
    "event_type": "agent_order",
    "source": "synthetic_agent",
    "symbol": "BTCUSDT",
    "exchange": "binance_usdm",
    "timestamp": "2024-05-01T00:00:00.500000Z",
    "sequence": 10,
    "scenario_id": "scenario-267-spoofing_layering",
    "agent_id": "agent-spoofing_layering",
    "order_id": "scenario-267-spoofing_layering-agent-spoofing_layering-10",
    "action": "new",
    "side": "sell",
    "price": 65306.1602,
    "quantity": 0.5,
    "remaining_quantity": 0.5
  },
  {
    "event_id": "1ea4946cc0efca30ef766bd6e4ee4fa7f2afa40cf6c0ddc426b73a273318f1bc",
    "schema_version": "1.0.0",
    "event_type": "agent_order",
    "source": "synthetic_agent",
    "symbol": "BTCUSDT",
    "exchange": "binance_usdm",
    "timestamp": "2024-05-01T00:00:00.550000Z",
    "sequence": 11,
    "scenario_id": "scenario-267-spoofing_layering",
    "agent_id": "agent-spoofing_layering",
    "order_id": "scenario-267-spoofing_layering-agent-spoofing_layering-11",
    "action": "new",
    "side": "sell",
    "price": 65306.81287,
    "quantity": 0.5,
    "remaining_quantity": 0.5
  },
  {
    "event_id": "9f10f3980a73fd89b175a89f76e0c9581f540bac454f3f9efef4203d8b5a364f",
    "schema_version": "1.0.0",
    "event_type": "agent_order",
    "source": "synthetic_agent",
    "symbol": "BTCUSDT",
    "exchange": "binance_usdm",
    "timestamp": "2024-05-01T00:00:00.600000Z",
    "sequence": 12,
    "scenario_id": "scenario-267-spoofing_layering",
    "agent_id": "agent-spoofing_layering",
    "order_id": "scenario-267-spoofing_layering-agent-spoofing_layering-12",
    "action": "new",
    "side": "sell",
    "price": 65307.46553999999,
    "quantity": 0.5,
    "remaining_quantity": 0.5
  },
  {
    "event_id": "1fd9a5ef3dbdd932caf8b386c9a8bf57f6144301dcf0674383f12580eaefe6dd",
    "schema_version": "1.0.0",
    "event_type": "agent_order",
    "source": "synthetic_agent",
    "symbol": "BTCUSDT",
    "exchange": "binance_usdm",
    "timestamp": "2024-05-01T00:00:00.650000Z",
    "sequence": 13,
    "scenario_id": "scenario-267-spoofing_layering",
    "agent_id": "agent-spoofing_layering",
    "order_id": "scenario-267-spoofing_layering-agent-spoofing_layering-13",
    "action": "new",
    "side": "sell",
    "price": 65308.11820999999,
    "quantity": 0.5,
    "remaining_quantity": 0.5
  },
  {
    "event_id": "f16ff0222d6eec56f5e2b74a86fcc45b243df4aae85aac0aaf2e72f1fea9c10f",
    "schema_version": "1.0.0",
    "event_type": "agent_order",
    "source": "synthetic_agent",
    "symbol": "BTCUSDT",
    "exchange": "binance_usdm",
    "timestamp": "2024-05-01T00:00:00.700000Z",
    "sequence": 14,
    "scenario_id": "scenario-267-spoofing_layering",
    "agent_id": "agent-spoofing_layering",
    "order_id": "scenario-267-spoofing_layering-agent-spoofing_layering-14",
    "action": "new",
    "side": "sell",
    "price": 65308.77088,
    "quantity": 0.5,
    "remaining_quantity": 0.5
  },
  {
    "event_id": "e7e882a314cce255e4e7c6e53fe8ba86e6f524df78a9004246ff1abbe4eca1fe",
    "schema_version": "1.0.0",
    "event_type": "agent_order",
    "source": "synthetic_agent",
    "symbol": "BTCUSDT",
    "exchange": "binance_usdm",
    "timestamp": "2024-05-01T00:00:00.750000Z",
    "sequence": 15,
    "scenario_id": "scenario-267-spoofing_layering",
    "agent_id": "agent-spoofing_layering",
    "order_id": "scenario-267-spoofing_layering-agent-spoofing_layering-15",
    "action": "new",
    "side": "sell",
    "price": 65309.42355,
    "quantity": 0.5,
    "remaining_quantity": 0.5
  },
  {
    "event_id": "2072a8aa8efbb61aec08ac1c0e4c0ea8f2bcb98618ae9dbd397544ec3d1fc4fa",
    "schema_version": "1.0.0",
    "event_type": "agent_order",
    "source": "synthetic_agent",
    "symbol": "BTCUSDT",
    "exchange": "binance_usdm",
    "timestamp": "2024-05-01T00:00:00.800000Z",
    "sequence": 16,
    "scenario_id": "scenario-267-spoofing_layering",
    "agent_id": "agent-spoofing_layering",
    "order_id": "scenario-267-spoofing_layering-agent-spoofing_layering-16",
    "action": "new",
    "side": "sell",
    "price": 65310.076219999995,
    "quantity": 0.5,
    "remaining_quantity": 0.5
  },
  {
    "event_id": "4330d43e4aee233e70ceff3725825255268180cc8b874cd18e0571d95169c895",
    "schema_version": "1.0.0",
    "event_type": "agent_order",
    "source": "synthetic_agent",
    "symbol": "BTCUSDT",
    "exchange": "binance_usdm",
    "timestamp": "2024-05-01T00:00:00.850000Z",
    "sequence": 17,
    "scenario_id": "scenario-267-spoofing_layering",
    "agent_id": "agent-spoofing_layering",
    "order_id": "scenario-267-spoofing_layering-agent-spoofing_layering-17",
    "action": "new",
    "side": "sell",
    "price": 65310.72889,
    "quantity": 0.5,
    "remaining_quantity": 0.5
  },
  {
    "event_id": "efef70ec5dc09eade41c99aead54080e51bc357a545d6c7084e563b4b1c7898f",
    "schema_version": "1.0.0",
    "event_type": "agent_order",
    "source": "synthetic_agent",
    "symbol": "BTCUSDT",
    "exchange": "binance_usdm",
    "timestamp": "2024-05-01T00:00:00.900000Z",
    "sequence": 18,
    "scenario_id": "scenario-267-spoofing_layering",
    "agent_id": "agent-spoofing_layering",
    "order_id": "scenario-267-spoofing_layering-agent-spoofing_layering-18",
    "action": "new",
    "side": "sell",
    "price": 65311.38156,
    "quantity": 0.5,
    "remaining_quantity": 0.5
  },
  {
    "event_id": "8516e79afb05358e179d290731e87f272d95cb72271037d731ce210f6ec75d78",
    "schema_version": "1.0.0",
    "event_type": "agent_order",
    "source": "synthetic_agent",
    "symbol": "BTCUSDT",
    "exchange": "binance_usdm",
    "timestamp": "2024-05-01T00:00:00.950000Z",
    "sequence": 19,
    "scenario_id": "scenario-267-spoofing_layering",
    "agent_id": "agent-spoofing_layering",
    "order_id": "scenario-267-spoofing_layering-agent-spoofing_layering-19",
    "action": "new",
    "side": "sell",
    "price": 65312.03422999999,
    "quantity": 0.5,
    "remaining_quantity": 0.5
  },
  {
    "event_id": "fc3d16a51bdd710c2e65d097978c179b4c3a150213312ed9b85236468d6f2d40",
    "schema_version": "1.0.0",
    "event_type": "agent_order",
    "source": "synthetic_agent",
    "symbol": "BTCUSDT",
    "exchange": "binance_usdm",
    "timestamp": "2024-05-01T00:00:01Z",
    "sequence": 20,
    "scenario_id": "scenario-267-spoofing_layering",
    "agent_id": "agent-spoofing_layering",
    "order_id": "scenario-267-spoofing_layering-agent-spoofing_layering-20",
    "action": "new",
    "side": "sell",
    "price": 65312.68689999999,
    "quantity": 0.5,
    "remaining_quantity": 0.5
  },
  {
    "event_id": "d737ffd01c20eb3799c35f7efb3d179d8aa7e961e64ae0b140858ecbc8a2df1e",
    "schema_version": "1.0.0",
    "event_type": "agent_order",
    "source": "synthetic_agent",
    "symbol": "BTCUSDT",
    "exchange": "binance_usdm",
    "timestamp": "2024-05-01T00:00:01.050000Z",
    "sequence": 21,
    "scenario_id": "scenario-267-spoofing_layering",
    "agent_id": "agent-spoofing_layering",
    "order_id": "scenario-267-spoofing_layering-agent-spoofing_layering-21",
    "action": "new",
    "side": "sell",
    "price": 65313.33957,
    "quantity": 0.5,
    "remaining_quantity": 0.5
  },
  {
    "event_id": "99c151a09df696f3c94b0c6c8910327e9d99226c1bbb81b32c2340f42e29c563",
    "schema_version": "1.0.0",
    "event_type": "agent_order",
    "source": "synthetic_agent",
    "symbol": "BTCUSDT",
    "exchange": "binance_usdm",
    "timestamp": "2024-05-01T00:00:01.100000Z",
    "sequence": 22,
    "scenario_id": "scenario-267-spoofing_layering",
    "agent_id": "agent-spoofing_layering",
    "order_id": "scenario-267-spoofing_layering-agent-spoofing_layering-22",
    "action": "new",
    "side": "sell",
    "price": 65313.99224000001,
    "quantity": 0.5,
    "remaining_quantity": 0.5
  },
  {
    "event_id": "f6c044ddd9f880afb335a1f5912b4b87d95f044abdd0a5c992db147d3272f5cb",
    "schema_version": "1.0.0",
    "event_type": "agent_order",
    "source": "synthetic_agent",
    "symbol": "BTCUSDT",
    "exchange": "binance_usdm",
    "timestamp": "2024-05-01T00:00:01.150000Z",
    "sequence": 23,
    "scenario_id": "scenario-267-spoofing_layering",
    "agent_id": "agent-spoofing_layering",
    "order_id": "scenario-267-spoofing_layering-agent-spoofing_layering-23",
    "action": "new",
    "side": "sell",
    "price": 65314.644909999995,
    "quantity": 0.5,
    "remaining_quantity": 0.5
  },
  {
    "event_id": "95b976f6df38f66cfa3da9dd3a2d49d94d66ce49b75b32a5a06f5f869fe22a16",
    "schema_version": "1.0.0",
    "event_type": "agent_order",
    "source": "synthetic_agent",
    "symbol": "BTCUSDT",
    "exchange": "binance_usdm",
    "timestamp": "2024-05-01T00:00:01.200000Z",
    "sequence": 24,
    "scenario_id": "scenario-267-spoofing_layering",
    "agent_id": "agent-spoofing_layering",
    "order_id": "scenario-267-spoofing_layering-agent-spoofing_layering-24",
    "action": "new",
    "side": "sell",
    "price": 65315.29758,
    "quantity": 0.5,
    "remaining_quantity": 0.5
  },
  {
    "event_id": "d2f7aa690fdf4a44cf01424bdd8cd5f63c28f5dda107b76f6835f155c715f6c6",
    "schema_version": "1.0.0",
    "event_type": "agent_order",
    "source": "synthetic_agent",
    "symbol": "BTCUSDT",
    "exchange": "binance_usdm",
    "timestamp": "2024-05-01T00:00:01.250000Z",
    "sequence": 25,
    "scenario_id": "scenario-267-spoofing_layering",
    "agent_id": "agent-spoofing_layering",
    "order_id": "scenario-267-spoofing_layering-agent-spoofing_layering-25",
    "action": "new",
    "side": "sell",
    "price": 65315.95025,
    "quantity": 0.5,
    "remaining_quantity": 0.5
  },
  {
    "event_id": "73cabf1e2d428eb43d7ea584c354bf4224091d3a6d7adebceddadd6837459b72",
    "schema_version": "1.0.0",
    "event_type": "agent_order",
    "source": "synthetic_agent",
    "symbol": "BTCUSDT",
    "exchange": "binance_usdm",
    "timestamp": "2024-05-01T00:00:01.300000Z",
    "sequence": 26,
    "scenario_id": "scenario-267-spoofing_layering",
    "agent_id": "agent-spoofing_layering",
    "order_id": "scenario-267-spoofing_layering-agent-spoofing_layering-26",
    "action": "new",
    "side": "sell",
    "price": 65316.60291999999,
    "quantity": 0.5,
    "remaining_quantity": 0.5
  },
  {
    "event_id": "3f24846ab2c000c0ecdcda6a9e5c720f513f51893f5deefc082d2ed88cde5f75",
    "schema_version": "1.0.0",
    "event_type": "agent_order",
    "source": "synthetic_agent",
    "symbol": "BTCUSDT",
    "exchange": "binance_usdm",
    "timestamp": "2024-05-01T00:00:01.350000Z",
    "sequence": 27,
    "scenario_id": "scenario-267-spoofing_layering",
    "agent_id": "agent-spoofing_layering",
    "order_id": "scenario-267-spoofing_layering-agent-spoofing_layering-27",
    "action": "new",
    "side": "sell",
    "price": 65317.25558999999,
    "quantity": 0.5,
    "remaining_quantity": 0.5
  },
  {
    "event_id": "b97538b40daa4a40e0c9813ded003ce3f4bb68561a43d05d41f74ab0de4d3b3a",
    "schema_version": "1.0.0",
    "event_type": "agent_order",
    "source": "synthetic_agent",
    "symbol": "BTCUSDT",
    "exchange": "binance_usdm",
    "timestamp": "2024-05-01T00:00:01.400000Z",
    "sequence": 28,
    "scenario_id": "scenario-267-spoofing_layering",
    "agent_id": "agent-spoofing_layering",
    "order_id": "scenario-267-spoofing_layering-agent-spoofing_layering-28",
    "action": "new",
    "side": "sell",
    "price": 65317.908260000004,
    "quantity": 0.5,
    "remaining_quantity": 0.5
  },
  {
    "event_id": "776c7e1a615c0e84b124545af9712fdf8dc9eb93907b5f03235c2b69c8c43f59",
    "schema_version": "1.0.0",
    "event_type": "agent_order",
    "source": "synthetic_agent",
    "symbol": "BTCUSDT",
    "exchange": "binance_usdm",
    "timestamp": "2024-05-01T00:00:01.450000Z",
    "sequence": 29,
    "scenario_id": "scenario-267-spoofing_layering",
    "agent_id": "agent-spoofing_layering",
    "order_id": "scenario-267-spoofing_layering-agent-spoofing_layering-29",
    "action": "new",
    "side": "sell",
    "price": 65318.56092999999,
    "quantity": 0.5,
    "remaining_quantity": 0.5
  }
]