[
  {
    "event_id": "8976a0558f913653320da552630d82a567e29111351d2044a04f82239042f0b3",
    "schema_version": "1.0.0",
    "event_type": "agent_order",
    "source": "synthetic_agent",
    "symbol": "BTCUSDT",
    "exchange": "binance_usdm",
    "timestamp": "2024-05-01T00:00:00Z",
    "sequence": 0,
    "scenario_id": "scenario-485-momentum_ignition",
    "agent_id": "agent-momentum_ignition",
    "order_id": "scenario-485-momentum_ignition-agent-momentum_ignition-0",
    "action": "new",
    "side": "buy",
    "price": 65550.48499999999,
    "quantity": 0.08,
    "remaining_quantity": 0.08
  },
  {
    "event_id": "7dffec1e5a8a2aa5accab751c66167605ec186945739b4ebf9eaed5a1794ecbb",
    "schema_version": "1.0.0",
    "event_type": "agent_order",
    "source": "synthetic_agent",
    "symbol": "BTCUSDT",
    "exchange": "binance_usdm",
    "timestamp": "2024-05-01T00:00:00.080000Z",
    "sequence": 1,
    "scenario_id": "scenario-485-momentum_ignition",
    "agent_id": "agent-momentum_ignition",
    "order_id": "scenario-485-momentum_ignition-agent-momentum_ignition-1",
    "action": "new",
    "side": "buy",
    "price": 65551.79469999998,
    "quantity": 0.08,
    "remaining_quantity": 0.08
  },
  {
    "event_id": "251e6c09345e18144ee30b4c40561a9fd4e02ca818e215626e2cbf2a9cfcae55",
    "schema_version": "1.0.0",
    "event_type": "agent_order",
    "source": "synthetic_agent",
    "symbol": "BTCUSDT",
    "exchange": "binance_usdm",
    "timestamp": "2024-05-01T00:00:00.160000Z",
    "sequence": 2,
    "scenario_id": "scenario-485-momentum_ignition",
    "agent_id": "agent-momentum_ignition",
    "order_id": "scenario-485-momentum_ignition-agent-momentum_ignition-2",
    "action": "new",
    "side": "buy",
    "price": 65553.1044,
    "quantity": 0.08,
    "remaining_quantity": 0.08
  },
  {
    "event_id": "efdc37e1fba30ef0a4c15e7d2ee51cc855d9a8a8af211cf3cc61295150072d26",
    "schema_version": "1.0.0",
    "event_type": "agent_order",
    "source": "synthetic_agent",
    "symbol": "BTCUSDT",
    "exchange": "binance_usdm",
    "timestamp": "2024-05-01T00:00:00.240000Z",
    "sequence": 3,
    "scenario_id": "scenario-485-momentum_ignition",
    "agent_id": "agent-momentum_ignition",
    "order_id": "scenario-485-momentum_ignition-agent-momentum_ignition-3",
    "action": "new",
    "side": "buy",
    "price": 65554.4141,
    "quantity": 0.08,
    "remaining_quantity": 0.08
  },
  {
    "event_id": "fd056834763500a4a7ea7b3f3f54ba12843ff7962b34906da87611afb03de58d",
    "schema_version": "1.0.0",
    "event_type": "agent_order",
    "source": "synthetic_agent",
    "symbol": "BTCUSDT",
    "exchange": "binance_usdm",
    "timestamp": "2024-05-01T00:00:00.320000Z",
    "sequence": 4,
    "scenario_id": "scenario-485-momentum_ignition",
    "agent_id": "agent-momentum_ignition",
    "order_id": "scenario-485-momentum_ignition-agent-momentum_ignition-4",
    "action": "new",
    "side": "buy",
    "price": 65555.72379999999,
    "quantity": 0.08,
    "remaining_quantity": 0.08
  },
  {
    "event_id": "8e46247cfdd726a2ee7b93f9905e6f468de28ddb9d862d8e8a496020415bed63",
    "schema_version": "1.0.0",
    "event_type": "agent_order",
    "source": "synthetic_agent",
    "symbol": "BTCUSDT",
    "exchange": "binance_usdm",
    "timestamp": "2024-05-01T00:00:00.400000Z",
    "sequence": 5,
    "scenario_id": "scenario-485-momentum_ignition",
    "agent_id": "agent-momentum_ignition",
    "order_id": "scenario-485-momentum_ignition-agent-momentum_ignition-5",
    "action": "new",
    "side": "buy",
    "price": 65557.03349999999,
    "quantity": 0.08,
    "remaining_quantity": 0.08
  },
  {
    "event_id": "a520f8f2d05de1a444e6bb6d5ecacf6f5dc37df87333cc05c46dc36132adb68c",
    "schema_version": "1.0.0",
    "event_type": "agent_order",
    "source": "synthetic_agent",
    "symbol": "BTCUSDT",
    "exchange": "binance_usdm",
    "timestamp": "2024-05-01T00:00:00.480000Z",
    "sequence": 6,
    "scenario_id": "scenario-485-momentum_ignition",
    "agent_id": "agent-momentum_ignition",
    "order_id": "scenario-485-momentum_ignition-agent-momentum_ignition-6",
    "action": "new",
    "side": "buy",
    "price": 65558.34319999999,
    "quantity": 0.08,
    "remaining_quantity": 0.08
  },
  {
    "event_id": "34f7b03a196fb712d40140197a4ae9321ae6366a9938aec856a8bf2e95dd24d0",
    "schema_version": "1.0.0",
    "event_type": "agent_order",
    "source": "synthetic_agent",
    "symbol": "BTCUSDT",
    "exchange": "binance_usdm",
    "timestamp": "2024-05-01T00:00:00.560000Z",
    "sequence": 7,
    "scenario_id": "scenario-485-momentum_ignition",
    "agent_id": "agent-momentum_ignition",
    "order_id": "scenario-485-momentum_ignition-agent-momentum_ignition-7",
    "action": "new",
    "side": "buy",
    "price": 65559.6529,
    "quantity": 0.08,
    "remaining_quantity": 0.08
  },
  {
    "event_id": "c5a828b7346b76499de290fa06d3b8c9c3c9e93951a4560a2e77481f2749baf4",
    "schema_version": "1.0.0",
    "event_type": "agent_order",
    "source": "synthetic_agent",
    "symbol": "BTCUSDT",
    "exchange": "binance_usdm",
    "timestamp": "2024-05-01T00:00:00.640000Z",
    "sequence": 8,
    "scenario_id": "scenario-485-momentum_ignition",
    "agent_id": "agent-momentum_ignition",
    "order_id": "scenario-485-momentum_ignition-agent-momentum_ignition-8",
    "action": "new",
    "side": "buy",
    "price": 65560.96259999998,
    "quantity": 0.08,
    "remaining_quantity": 0.08
  },
  {
    "event_id": "df84595cf0ce8f881d9620f2a49876ea7685d4755a5e9006cd5f165f03213b16",
    "schema_version": "1.0.0",
    "event_type": "agent_order",
    "source": "synthetic_agent",
    "symbol": "BTCUSDT",
    "exchange": "binance_usdm",
    "timestamp": "2024-05-01T00:00:00.720000Z",
    "sequence": 9,
    "scenario_id": "scenario-485-momentum_ignition",
    "agent_id": "agent-momentum_ignition",
    "order_id": "scenario-485-momentum_ignition-agent-momentum_ignition-9",
    "action": "new",
    "side": "buy",
    "price": 65562.2723,
    "quantity": 0.08,
    "remaining_quantity": 0.08
  },
  {
    "event_id": "28dfbdc707cfe7e6b2593d02d8c03dae5c6ff6d3a6a8dfb7fee3cb01cf3f634e",
    "schema_version": "1.0.0",
    "event_type": "agent_order",
    "source": "synthetic_agent",
    "symbol": "BTCUSDT",
    "exchange": "binance_usdm",
    "timestamp": "2024-05-01T00:00:00.800000Z",
    "sequence": 10,
    "scenario_id": "scenario-485-momentum_ignition",
    "agent_id": "agent-momentum_ignition",
    "order_id": "scenario-485-momentum_ignition-agent-momentum_ignition-10",
    "action": "new",
    "side": "buy",
    "price": 65563.582,
    "quantity": 0.08,
    "remaining_quantity": 0.08
  },
  {
    "event_id": "050fb7bed03771cb36639d0b5c259f5a6e862973791b84a3786323a7373807de",
    "schema_version": "1.0.0",
    "event_type": "agent_order",
    "source": "synthetic_agent",
    "symbol": "BTCUSDT",
    "exchange": "binance_usdm",
    "timestamp": "2024-05-01T00:00:00.880000Z",
    "sequence": 11,
    "scenario_id": "scenario-485-momentum_ignition",
    "agent_id": "agent-momentum_ignition",
    "order_id": "scenario-485-momentum_ignition-agent-momentum_ignition-11",
    "action": "new",
    "side": "buy",
    "price": 65564.8917,
    "quantity": 0.08,
    "remaining_quantity": 0.08
  },
  {
    "event_id": "1a03de353268f93bc5ef260753864c362faeadd65baf344edde5de7dcf9acc41",
    "schema_version": "1.0.0",
    "event_type": "agent_order",
    "source": "synthetic_agent",
    "symbol": "BTCUSDT",
    "exchange": "binance_usdm",
    "timestamp": "2024-05-01T00:00:00.960000Z",
    "sequence": 12,
    "scenario_id": "scenario-485-momentum_ignition",
    "agent_id": "agent-momentum_ignition",
    "order_id": "scenario-485-momentum_ignition-agent-momentum_ignition-12",
    "action": "new",
    "side": "buy",
    "price": 65566.20139999999,
    "quantity": 0.08,
    "remaining_quantity": 0.08
  },
  {
    "event_id": "2953517a6c766a592c81d3afd050d3487f9825f49b195c0317e1712a9ecf8771",
    "schema_version": "1.0.0",
    "event_type": "agent_order",
    "source": "synthetic_agent",
    "symbol": "BTCUSDT",
    "exchange": "binance_usdm",
    "timestamp": "2024-05-01T00:00:01.040000Z",
    "sequence": 13,
    "scenario_id": "scenario-485-momentum_ignition",
    "agent_id": "agent-momentum_ignition",
    "order_id": "scenario-485-momentum_ignition-agent-momentum_ignition-13",
    "action": "new",
    "side": "buy",
    "price": 65567.51109999999,
    "quantity": 0.08,
    "remaining_quantity": 0.08
  },
  {
    "event_id": "651a1c1291f1e066fbbf6e973d2a2c1f7fc4c7cfa80e0e4032983b5d6f2c4016",
    "schema_version": "1.0.0",
    "event_type": "agent_order",
    "source": "synthetic_agent",
    "symbol": "BTCUSDT",
    "exchange": "binance_usdm",
    "timestamp": "2024-05-01T00:00:01.120000Z",
    "sequence": 14,
    "scenario_id": "scenario-485-momentum_ignition",
    "agent_id": "agent-momentum_ignition",
    "order_id": "scenario-485-momentum_ignition-agent-momentum_ignition-14",
    "action": "new",
    "side": "buy",
    "price": 65568.8208,
    "quantity": 0.08,
    "remaining_quantity": 0.08
  },
  {
    "event_id": "d274846f5a33f67c7417b12349f485ea00083f726657c3daaffa104308a6a09d",
    "schema_version": "1.0.0",
    "event_type": "agent_order",
    "source": "synthetic_agent",
    "symbol": "BTCUSDT",
    "exchange": "binance_usdm",
    "timestamp": "2024-05-01T00:00:01.200000Z",
    "sequence": 15,
    "scenario_id": "scenario-485-momentum_ignition",
    "agent_id": "agent-momentum_ignition",
    "order_id": "scenario-485-momentum_ignition-agent-momentum_ignition-15",
    "action": "new",
    "side": "buy",
    "price": 65570.13049999998,
    "quantity": 0.08,
    "remaining_quantity": 0.08
  },
  {
    "event_id": "834fdb314f433da5994be1f8162a6333193aab7249a17fe35a5951b93e986580",
    "schema_version": "1.0.0",
    "event_type": "agent_order",
    "source": "synthetic_agent",
    "symbol": "BTCUSDT",
    "exchange": "binance_usdm",
    "timestamp": "2024-05-01T00:00:01.280000Z",
    "sequence": 16,
    "scenario_id": "scenario-485-momentum_ignition",
    "agent_id": "agent-momentum_ignition",
    "order_id": "scenario-485-momentum_ignition-agent-momentum_ignition-16",
    "action": "new",
    "side": "buy",
    "price": 65571.4402,
    "quantity": 0.08,
    "remaining_quantity": 0.08
  },
  {
    "event_id": "f196c6bfa36fe6318703a84234f875e8ab369d76a1557e26af3af4023ed45f8b",
    "schema_version": "1.0.0",
    "event_type": "agent_order",
    "source": "synthetic_agent",
    "symbol": "BTCUSDT",
    "exchange": "binance_usdm",
    "timestamp": "2024-05-01T00:00:01.360000Z",
    "sequence": 17,
    "scenario_id": "scenario-485-momentum_ignition",
    "agent_id": "agent-momentum_ignition",
    "order_id": "scenario-485-momentum_ignition-agent-momentum_ignition-17",
    "action": "new",
    "side": "buy",
    "price": 65572.7499,
    "quantity": 0.08,
    "remaining_quantity": 0.08
  },
  {
    "event_id": "7b19d30da05d817e06145fee0f653f5e8d1c47724f4b919640784b1e366525d0",
    "schema_version": "1.0.0",
    "event_type": "agent_order",
    "source": "synthetic_agent",
    "symbol": "BTCUSDT",
    "exchange": "binance_usdm",
    "timestamp": "2024-05-01T00:00:01.440000Z",
    "sequence": 18,
    "scenario_id": "scenario-485-momentum_ignition",
    "agent_id": "agent-momentum_ignition",
    "order_id": "scenario-485-momentum_ignition-agent-momentum_ignition-18",
    "action": "new",
    "side": "buy",
    "price": 65574.0596,
    "quantity": 0.08,
    "remaining_quantity": 0.08
  },
  {
    "event_id": "d999696bfaf0323153799617ddfd18352c88929c34e892e69969d57d64dbd688",
    "schema_version": "1.0.0",
    "event_type": "agent_order",
    "source": "synthetic_agent",
    "symbol": "BTCUSDT",
    "exchange": "binance_usdm",
    "timestamp": "2024-05-01T00:00:01.520000Z",
    "sequence": 19,
    "scenario_id": "scenario-485-momentum_ignition",
    "agent_id": "agent-momentum_ignition",
    "order_id": "scenario-485-momentum_ignition-agent-momentum_ignition-19",
    "action": "new",
    "side": "buy",
    "price": 65575.36929999999,
    "quantity": 0.08,
    "remaining_quantity": 0.08
  },
  {
    "event_id": "61fda627151a56d06fa14d4797ea92754b04bbd3bd1e7ae187741e6beaf6fa6b",
    "schema_version": "1.0.0",
    "event_type": "agent_order",
    "source": "synthetic_agent",
    "symbol": "BTCUSDT",
    "exchange": "binance_usdm",
    "timestamp": "2024-05-01T00:00:01.600000Z",
    "sequence": 20,
    "scenario_id": "scenario-485-momentum_ignition",
    "agent_id": "agent-momentum_ignition",
    "order_id": "scenario-485-momentum_ignition-agent-momentum_ignition-20",
    "action": "new",
    "side": "buy",
    "price": 65576.67899999999,
    "quantity": 0.08,
    "remaining_quantity": 0.08
  },
  {
    "event_id": "0e4942afad7dc39c72d2e6fcc2838495564360f98b838f547da10dc1557951a2",
    "schema_version": "1.0.0",
    "event_type": "agent_order",
    "source": "synthetic_agent",
    "symbol": "BTCUSDT",
    "exchange": "binance_usdm",
    "timestamp": "2024-05-01T00:00:01.680000Z",
    "sequence": 21,
    "scenario_id": "scenario-485-momentum_ignition",
    "agent_id": "agent-momentum_ignition",
    "order_id": "scenario-485-momentum_ignition-agent-momentum_ignition-21",
    "action": "new",
    "side": "buy",
    "price": 65577.9887,
    "quantity": 0.08,
    "remaining_quantity": 0.08
  },
  {
    "event_id": "bcc23f1fb2d2bf91fe23d103c40b4fca2b60a771c1d7140eeeab8bb262fc48f0",
    "schema_version": "1.0.0",
    "event_type": "agent_order",
    "source": "synthetic_agent",
    "symbol": "BTCUSDT",
    "exchange": "binance_usdm",
    "timestamp": "2024-05-01T00:00:01.760000Z",
    "sequence": 22,
    "scenario_id": "scenario-485-momentum_ignition",
    "agent_id": "agent-momentum_ignition",
    "order_id": "scenario-485-momentum_ignition-agent-momentum_ignition-22",
    "action": "new",
    "side": "buy",
    "price": 65579.2984,
    "quantity": 0.08,
    "remaining_quantity": 0.08
  },
  {
    "event_id": "2b3e1575cdfc66a983d0b72337ea1cc79361c61fb2452348919c014a70e7ef7c",
    "schema_version": "1.0.0",
    "event_type": "agent_order",
    "source": "synthetic_agent",
    "symbol": "BTCUSDT",
    "exchange": "binance_usdm",
    "timestamp": "2024-05-01T00:00:01.840000Z",
    "sequence": 23,
    "scenario_id": "scenario-485-momentum_ignition",
    "agent_id": "agent-momentum_ignition",
    "order_id": "scenario-485-momentum_ignition-agent-momentum_ignition-23",
    "action": "new",
    "side": "buy",
    "price": 65580.60809999998,
    "quantity": 0.08,
    "remaining_quantity": 0.08
  },
  {
    "event_id": "a1f694843d1ab80bee0d9886b6b40cd34350aa2c6cd2eee5e05d6fa1bcfb5452",
    "schema_version": "1.0.0",
    "event_type": "agent_order",
    "source": "synthetic_agent",
    "symbol": "BTCUSDT",
    "exchange": "binance_usdm",
    "timestamp": "2024-05-01T00:00:01.920000Z",
    "sequence": 24,
    "scenario_id": "scenario-485-momentum_ignition",
    "agent_id": "agent-momentum_ignition",
    "order_id": "scenario-485-momentum_ignition-agent-momentum_ignition-24",
    "action": "new",
    "side": "buy",
    "price": 65581.9178,
    "quantity": 0.08,
    "remaining_quantity": 0.08
  },
  {
    "event_id": "1e9b865ec4902272f5a8c499e34d72e49475909add26433466783048d34be90c",
    "schema_version": "1.0.0",
    "event_type": "agent_order",
    "source": "synthetic_agent",
    "symbol": "BTCUSDT",
    "exchange": "binance_usdm",
    "timestamp": "2024-05-01T00:00:02Z",
    "sequence": 25,
    "scenario_id": "scenario-485-momentum_ignition",
    "agent_id": "agent-momentum_ignition",
    "order_id": "scenario-485-momentum_ignition-agent-momentum_ignition-25",
    "action": "new",
    "side": "buy",
    "price": 65583.2275,
    "quantity": 0.08,
    "remaining_quantity": 0.08
  },
  {
    "event_id": "57bf580f12110891d6b8199b717a3a7bd478ff1153c96901a64916d864f88a3b",
    "schema_version": "1.0.0",
    "event_type": "agent_order",
    "source": "synthetic_agent",
    "symbol": "BTCUSDT",
    "exchange": "binance_usdm",
    "timestamp": "2024-05-01T00:00:02.080000Z",
    "sequence": 26,
    "scenario_id": "scenario-485-momentum_ignition",
    "agent_id": "agent-momentum_ignition",
    "order_id": "scenario-485-momentum_ignition-agent-momentum_ignition-26",
    "action": "new",
    "side": "buy",
    "price": 65584.53719999999,
    "quantity": 0.08,
    "remaining_quantity": 0.08
  },
  {
    "event_id": "7228912a375c891a42e0e01fc5c538cfc606bc080f862d510b8b059325702e7a",
    "schema_version": "1.0.0",
    "event_type": "agent_order",
    "source": "synthetic_agent",
    "symbol": "BTCUSDT",
    "exchange": "binance_usdm",
    "timestamp": "2024-05-01T00:00:02.160000Z",
    "sequence": 27,
    "scenario_id": "scenario-485-momentum_ignition",
    "agent_id": "agent-momentum_ignition",
    "order_id": "scenario-485-momentum_ignition-agent-momentum_ignition-27",
    "action": "new",
    "side": "buy",
    "price": 65585.84689999999,
    "quantity": 0.08,
    "remaining_quantity": 0.08
  },
  {
    "event_id": "d2c42ed83c6ddabd7f92890aba9ef37d500d73f4eef5da8856e0e479464169b9",
    "schema_version": "1.0.0",
    "event_type": "agent_order",
    "source": "synthetic_agent",
    "symbol": "BTCUSDT",
    "exchange": "binance_usdm",
    "timestamp": "2024-05-01T00:00:02.240000Z",
    "sequence": 28,
    "scenario_id": "scenario-485-momentum_ignition",
    "agent_id": "agent-momentum_ignition",
    "order_id": "scenario-485-momentum_ignition-agent-momentum_ignition-28",
    "action": "new",
    "side": "buy",
    "price": 65587.15659999999,
    "quantity": 0.08,
    "remaining_quantity": 0.08
  },
  {
    "event_id": "8f648c7dd4fdf57c78eb1ac94bb0690aed7e2cd599b44d5cdaff9d65bc648068",
    "schema_version": "1.0.0",
    "event_type": "agent_order",
    "source": "synthetic_agent",
    "symbol": "BTCUSDT",
    "exchange": "binance_usdm",
    "timestamp": "2024-05-01T00:00:02.320000Z",
    "sequence": 29,
    "scenario_id": "scenario-485-momentum_ignition",
    "agent_id": "agent-momentum_ignition",
    "order_id": "scenario-485-momentum_ignition-agent-momentum_ignition-29",
    "action": "new",
    "side": "buy",
    "price": 65588.4663,
    "quantity": 0.08,
    "remaining_quantity": 0.08
  }
]