[
  {
    "event_id": "b603ee3ebd1e3ff5a7f0b20c25941da61b727b146f797a94f8ee131a027a429c",
    "schema_version": "1.0.0",
    "event_type": "agent_order",
    "source": "synthetic_agent",
    "symbol": "BTCUSDT",
    "exchange": "binance_usdm",
    "timestamp": "2024-05-01T00:00:00Z",
    "sequence": 0,
    "scenario_id": "scenario-528-passive_market_maker",
    "agent_id": "agent-passive_market_maker",
    "order_id": "scenario-528-passive_market_maker-agent-passive_market_maker-0",
    "action": "new",
    "side": "buy",
    "price": 65462.472,
    "quantity": 0.01,
    "remaining_quantity": 0.01
  },
  {
    "event_id": "87e09aa230347689d84ec14fc2c95d56aa572419523d1de66a134f785ca55b6f",
    "schema_version": "1.0.0",
    "event_type": "agent_order",
    "source": "synthetic_agent",
    "symbol": "BTCUSDT",
    "exchange": "binance_usdm",
    "timestamp": "2024-05-01T00:00:00.100000Z",
    "sequence": 1,
    "scenario_id": "scenario-528-passive_market_maker",
    "agent_id": "agent-passive_market_maker",
    "order_id": "scenario-528-passive_market_maker-agent-passive_market_maker-1",
    "action": "new",
    "side": "sell",
    "price": 65593.52799999999,
    "quantity": 0.01,
    "remaining_quantity": 0.01
  },
  {
    "event_id": "50958a641da6967a615d3d2d031b7585b6d74a412478ca059d88dd20e568d474",
    "schema_version": "1.0.0",
    "event_type": "agent_order",
    "source": "synthetic_agent",
    "symbol": "BTCUSDT",
    "exchange": "binance_usdm",
    "timestamp": "2024-05-01T00:00:00.200000Z",
    "sequence": 2,
    "scenario_id": "scenario-528-passive_market_maker",
    "agent_id": "agent-passive_market_maker",
    "order_id": "scenario-528-passive_market_maker-agent-passive_market_maker-2",
    "action": "new",
    "side": "buy",
    "price": 65462.472,
    "quantity": 0.01,
    "remaining_quantity": 0.01
  },
  {
    "event_id": "8dcdce4e9a00849ef998184c46a5e42f5e15b44248d4b190086025db27e67f99",
    "schema_version": "1.0.0",
    "event_type": "agent_order",
    "source": "synthetic_agent",
    "symbol": "BTCUSDT",
    "exchange": "binance_usdm",
    "timestamp": "2024-05-01T00:00:00.300000Z",
    "sequence": 3,
    "scenario_id": "scenario-528-passive_market_maker",
    "agent_id": "agent-passive_market_maker",
    "order_id": "scenario-528-passive_market_maker-agent-passive_market_maker-3",
    "action": "new",
    "side": "sell",
    "price": 65593.52799999999,
    "quantity": 0.01,
    "remaining_quantity": 0.01
  },
  {
    "event_id": "475d857f307dea81b129e44addc0f045bdd51671dc57e8582525dbc1b49c2724",
    "schema_version": "1.0.0",
    "event_type": "agent_order",
    "source": "synthetic_agent",
    "symbol": "BTCUSDT",
    "exchange": "binance_usdm",
    "timestamp": "2024-05-01T00:00:00.400000Z",
    "sequence": 4,
    "scenario_id": "scenario-528-passive_market_maker",
    "agent_id": "agent-passive_market_maker",
    "order_id": "scenario-528-passive_market_maker-agent-passive_market_maker-4",
    "action": "new",
    "side": "buy",
    "price": 65462.472,
    "quantity": 0.01,
    "remaining_quantity": 0.01
  },
  {
    "event_id": "befe2b03642a6afdc33ed8f43b63e3d53e6074b400e5315a534fe0fc4004a930",
    "schema_version": "1.0.0",
    "event_type": "agent_order",
    "source": "synthetic_agent",
    "symbol": "BTCUSDT",
    "exchange": "binance_usdm",
    "timestamp": "2024-05-01T00:00:00.500000Z",
    "sequence": 5,
    "scenario_id": "scenario-528-passive_market_maker",
    "agent_id": "agent-passive_market_maker",
    "order_id": "scenario-528-passive_market_maker-agent-passive_market_maker-5",
    "action": "new",
    "side": "sell",
    "price": 65593.52799999999,
    "quantity": 0.01,
    "remaining_quantity": 0.01
  },
  {
    "event_id": "c903a6e77f988f38df13ed3b7d4a4d73ee72861ef78c2800f23f07c363a1073e",
    "schema_version": "1.0.0",
    "event_type": "agent_order",
    "source": "synthetic_agent",
    "symbol": "BTCUSDT",
    "exchange": "binance_usdm",
    "timestamp": "2024-05-01T00:00:00.600000Z",
    "sequence": 6,
    "scenario_id": "scenario-528-passive_market_maker",
    "agent_id": "agent-passive_market_maker",
    "order_id": "scenario-528-passive_market_maker-agent-passive_market_maker-6",
    "action": "new",
    "side": "buy",
    "price": 65462.472,
    "quantity": 0.01,
    "remaining_quantity": 0.01
  },
  {
    "event_id": "7401cc21dac72071b6edd12af551db3fa8b11e562f9970c60013c24f8b147d8a",
    "schema_version": "1.0.0",
    "event_type": "agent_order",
    "source": "synthetic_agent",
    "symbol": "BTCUSDT",
    "exchange": "binance_usdm",
    "timestamp": "2024-05-01T00:00:00.700000Z",
    "sequence": 7,
    "scenario_id": "scenario-528-passive_market_maker",
    "agent_id": "agent-passive_market_maker",
    "order_id": "scenario-528-passive_market_maker-agent-passive_market_maker-7",
    "action": "new",
    "side": "sell",
    "price": 65593.52799999999,
    "quantity": 0.01,
    "remaining_quantity": 0.01
  },
  {
    "event_id": "d056321500618abce5a73acf0fbfec2497e12533ff665299dbd5ebfd149e9cd2",
    "schema_version": "1.0.0",
    "event_type": "agent_order",
    "source": "synthetic_agent",
    "symbol": "BTCUSDT",
    "exchange": "binance_usdm",
    "timestamp": "2024-05-01T00:00:00.800000Z",
    "sequence": 8,
    "scenario_id": "scenario-528-passive_market_maker",
    "agent_id": "agent-passive_market_maker",
    "order_id": "scenario-528-passive_market_maker-agent-passive_market_maker-8",
    "action": "new",
    "side": "buy",
    "price": 65462.472,
    "quantity": 0.01,
    "remaining_quantity": 0.01
  },
  {
    "event_id": "3ea445e5da8dfe54510d7c2312f329353cf326a2b6022c0b3f7294a3778ffd72",
    "schema_version": "1.0.0",
    "event_type": "agent_order",
    "source": "synthetic_agent",
    "symbol": "BTCUSDT",
    "exchange": "binance_usdm",
    "timestamp": "2024-05-01T00:00:00.900000Z",
    "sequence": 9,
    "scenario_id": "scenario-528-passive_market_maker",
    "agent_id": "agent-passive_market_maker",
    "order_id": "scenario-528-passive_market_maker-agent-passive_market_maker-9",
    "action": "new",
    "side": "sell",
    "price": 65593.52799999999,
    "quantity": 0.01,
    "remaining_quantity": 0.01
  },
  {
    "event_id": "292b2e4c1d9ce5543edb0070d3a45e8928479f0d3da8d121453d4eca15ca6ce4",
    "schema_version": "1.0.0",
    "event_type": "agent_order",
    "source": "synthetic_agent",
    "symbol": "BTCUSDT",
    "exchange": "binance_usdm",
    "timestamp": "2024-05-01T00:00:01Z",
    "sequence": 10,
    "scenario_id": "scenario-528-passive_market_maker",
    "agent_id": "agent-passive_market_maker",
    "order_id": "scenario-528-passive_market_maker-agent-passive_market_maker-10",
    "action": "new",
    "side": "buy",
    "price": 65462.472,
    "quantity": 0.01,
    "remaining_quantity": 0.01
  },
  {
    "event_id": "90c3c7de3bf567a3691621f8fc871960c705fc292542615f8c36fbee3a5e589a",
    "schema_version": "1.0.0",
    "event_type": "agent_order",
    "source": "synthetic_agent",
    "symbol": "BTCUSDT",
    "exchange": "binance_usdm",
    "timestamp": "2024-05-01T00:00:01.100000Z",
    "sequence": 11,
    "scenario_id": "scenario-528-passive_market_maker",
    "agent_id": "agent-passive_market_maker",
    "order_id": "scenario-528-passive_market_maker-agent-passive_market_maker-11",
    "action": "new",
    "side": "sell",
    "price": 65593.52799999999,
    "quantity": 0.01,
    "remaining_quantity": 0.01
  },
  {
    "event_id": "00c4ddaf2d931cdd92d2d962352821a2b473f07b81eba15241a86c8c48a0400b",
    "schema_version": "1.0.0",
    "event_type": "agent_order",
    "source": "synthetic_agent",
    "symbol": "BTCUSDT",
    "exchange": "binance_usdm",
    "timestamp": "2024-05-01T00:00:01.200000Z",
    "sequence": 12,
    "scenario_id": "scenario-528-passive_market_maker",
    "agent_id": "agent-passive_market_maker",
    "order_id": "scenario-528-passive_market_maker-agent-passive_market_maker-12",
    "action": "new",
    "side": "buy",
    "price": 65462.472,
    "quantity": 0.01,
    "remaining_quantity": 0.01
  },
  {
    "event_id": "19548189e3e1cdb96ac8f0fb4118eeba73f823d9cd0187bef335aae717659c44",
    "schema_version": "1.0.0",
    "event_type": "agent_order",
    "source": "synthetic_agent",
    "symbol": "BTCUSDT",
    "exchange": "binance_usdm",
    "timestamp": "2024-05-01T00:00:01.300000Z",
    "sequence": 13,
    "scenario_id": "scenario-528-passive_market_maker",
    "agent_id": "agent-passive_market_maker",
    "order_id": "scenario-528-passive_market_maker-agent-passive_market_maker-13",
    "action": "new",
    "side": "sell",
    "price": 65593.52799999999,
    "quantity": 0.01,
    "remaining_quantity": 0.01
  },
  {
    "event_id": "00343dada84ca843c25a01828d1bcc0c7b73fd36e222f9e17799fa43cd38a6f1",
    "schema_version": "1.0.0",
    "event_type": "agent_order",
    "source": "synthetic_agent",
    "symbol": "BTCUSDT",
    "exchange": "binance_usdm",
    "timestamp": "2024-05-01T00:00:01.400000Z",
    "sequence": 14,
    "scenario_id": "scenario-528-passive_market_maker",
    "agent_id": "agent-passive_market_maker",
    "order_id": "scenario-528-passive_market_maker-agent-passive_market_maker-14",
    "action": "new",
    "side": "buy",
    "price": 65462.472,
    "quantity": 0.01,
    "remaining_quantity": 0.01
  },
  {
    "event_id": "7f92d49c7ed46fb71d8e1130367c8d52dafbd15a83cd148e0f765f15d1c84994",
    "schema_version": "1.0.0",
    "event_type": "agent_order",
    "source": "synthetic_agent",
    "symbol": "BTCUSDT",
    "exchange": "binance_usdm",
    "timestamp": "2024-05-01T00:00:01.500000Z",
    "sequence": 15,
    "scenario_id": "scenario-528-passive_market_maker",
    "agent_id": "agent-passive_market_maker",
    "order_id": "scenario-528-passive_market_maker-agent-passive_market_maker-15",
    "action": "new",
    "side": "sell",
    "price": 65593.52799999999,
    "quantity": 0.01,
    "remaining_quantity": 0.01
  },
  {
    "event_id": "f14b353e1a3e95d0514389ead5bac0826b56f443092ee0070f563e435532d646",
    "schema_version": "1.0.0",
    "event_type": "agent_order",
    "source": "synthetic_agent",
    "symbol": "BTCUSDT",
    "exchange": "binance_usdm",
    "timestamp": "2024-05-01T00:00:01.600000Z",
    "sequence": 16,
    "scenario_id": "scenario-528-passive_market_maker",
    "agent_id": "agent-passive_market_maker",
    "order_id": "scenario-528-passive_market_maker-agent-passive_market_maker-16",
    "action": "new",
    "side": "buy",
    "price": 65462.472,
    "quantity": 0.01,
    "remaining_quantity": 0.01
  },
  {
    "event_id": "44ef7294416784e08d1e3c15f10ccd8157b5f7dfabb19d0765ef0872428d4cb8",
    "schema_version": "1.0.0",
    "event_type": "agent_order",
    "source": "synthetic_agent",
    "symbol": "BTCUSDT",
    "exchange": "binance_usdm",
    "timestamp": "2024-05-01T00:00:01.700000Z",
    "sequence": 17,
    "scenario_id": "scenario-528-passive_market_maker",
    "agent_id": "agent-passive_market_maker",
    "order_id": "scenario-528-passive_market_maker-agent-passive_market_maker-17",
    "action": "new",
    "side": "sell",
    "price": 65593.52799999999,
    "quantity": 0.01,
    "remaining_quantity": 0.01
  },
  {
    "event_id": "d95cb89a4859b848047f0c3931e63400813a4f7d442f786749f636f90ce75398",
    "schema_version": "1.0.0",
    "event_type": "agent_order",
    "source": "synthetic_agent",
    "symbol": "BTCUSDT",
    "exchange": "binance_usdm",
    "timestamp": "2024-05-01T00:00:01.800000Z",
    "sequence": 18,
    "scenario_id": "scenario-528-passive_market_maker",
    "agent_id": "agent-passive_market_maker",
    "order_id": "scenario-528-passive_market_maker-agent-passive_market_maker-18",
    "action": "new",
    "side": "buy",
    "price": 65462.472,
    "quantity": 0.01,
    "remaining_quantity": 0.01
  },
  {
    "event_id": "a0ef76513f7f86dac62f0836539cd24e870e5916b0c3fcc61ca657873ee468a5",
    "schema_version": "1.0.0",
    "event_type": "agent_order",
    "source": "synthetic_agent",
    "symbol": "BTCUSDT",
    "exchange": "binance_usdm",
    "timestamp": "2024-05-01T00:00:01.900000Z",
    "sequence": 19,
    "scenario_id": "scenario-528-passive_market_maker",
    "agent_id": "agent-passive_market_maker",
    "order_id": "scenario-528-passive_market_maker-agent-passive_market_maker-19",
    "action": "new",
    "side": "sell",
    "price": 65593.52799999999,
    "quantity": 0.01,
    "remaining_quantity": 0.01
  },
  {
    "event_id": "f21e391ea0fe6cf55a03768d3fc893e5055cd8189a9af56860b5f5174948da0f",
    "schema_version": "1.0.0",
    "event_type": "agent_order",
    "source": "synthetic_agent",
    "symbol": "BTCUSDT",
    "exchange": "binance_usdm",
    "timestamp": "2024-05-01T00:00:02Z",
    "sequence": 20,
    "scenario_id": "scenario-528-passive_market_maker",
    "agent_id": "agent-passive_market_maker",
    "order_id": "scenario-528-passive_market_maker-agent-passive_market_maker-20",
    "action": "new",
    "side": "buy",
    "price": 65462.472,
    "quantity": 0.01,
    "remaining_quantity": 0.01
  },
  {
    "event_id": "fe7529021a023a64447679f88b7e869dd39fabc54691972e8c9443abac7f9031",
    "schema_version": "1.0.0",
    "event_type": "agent_order",
    "source": "synthetic_agent",
    "symbol": "BTCUSDT",
    "exchange": "binance_usdm",
    "timestamp": "2024-05-01T00:00:02.100000Z",
    "sequence": 21,
    "scenario_id": "scenario-528-passive_market_maker",
    "agent_id": "agent-passive_market_maker",
    "order_id": "scenario-528-passive_market_maker-agent-passive_market_maker-21",
    "action": "new",
    "side": "sell",
    "price": 65593.52799999999,
    "quantity": 0.01,
    "remaining_quantity": 0.01
  },
  {
    "event_id": "32cbb8810780d2c4fb4e9af528dae37c45fdcbd6efffd97f672356fb6dd857e1",
    "schema_version": "1.0.0",
    "event_type": "agent_order",
    "source": "synthetic_agent",
    "symbol": "BTCUSDT",
    "exchange": "binance_usdm",
    "timestamp": "2024-05-01T00:00:02.200000Z",
    "sequence": 22,
    "scenario_id": "scenario-528-passive_market_maker",
    "agent_id": "agent-passive_market_maker",
    "order_id": "scenario-528-passive_market_maker-agent-passive_market_maker-22",
    "action": "new",
    "side": "buy",
    "price": 65462.472,
    "quantity": 0.01,
    "remaining_quantity": 0.01
  },
  {
    "event_id": "4a89f1881de55fff1c59e2a084ca946d4bf07230a4ec964fe40ba0f14a899ec6",
    "schema_version": "1.0.0",
    "event_type": "agent_order",
    "source": "synthetic_agent",
    "symbol": "BTCUSDT",
    "exchange": "binance_usdm",
    "timestamp": "2024-05-01T00:00:02.300000Z",
    "sequence": 23,
    "scenario_id": "scenario-528-passive_market_maker",
    "agent_id": "agent-passive_market_maker",
    "order_id": "scenario-528-passive_market_maker-agent-passive_market_maker-23",
    "action": "new",
    "side": "sell",
    "price": 65593.52799999999,
    "quantity": 0.01,
    "remaining_quantity": 0.01
  },
  {
    "event_id": "cb1067cd01023c99b59615eb8df414c7351d0034f63ca323dc30f9013a7d37bb",
    "schema_version": "1.0.0",
    "event_type": "agent_order",
    "source": "synthetic_agent",
    "symbol": "BTCUSDT",
    "exchange": "binance_usdm",
    "timestamp": "2024-05-01T00:00:02.400000Z",
    "sequence": 24,
    "scenario_id": "scenario-528-passive_market_maker",
    "agent_id": "agent-passive_market_maker",
    "order_id": "scenario-528-passive_market_maker-agent-passive_market_maker-24",
    "action": "new",
    "side": "buy",
    "price": 65462.472,
    "quantity": 0.01,
    "remaining_quantity": 0.01
  },
  {
    "event_id": "8cc1388398fa491aebcf3ba5ed8ff2ec1adf71026319fd60c119d27eacfb6a04",
    "schema_version": "1.0.0",
    "event_type": "agent_order",
    "source": "synthetic_agent",
    "symbol": "BTCUSDT",
    "exchange": "binance_usdm",
    "timestamp": "2024-05-01T00:00:02.500000Z",
    "sequence": 25,
    "scenario_id": "scenario-528-passive_market_maker",
    "agent_id": "agent-passive_market_maker",
    "order_id": "scenario-528-passive_market_maker-agent-passive_market_maker-25",
    "action": "new",
    "side": "sell",
    "price": 65593.52799999999,
    "quantity": 0.01,
    "remaining_quantity": 0.01
  },
  {
    "event_id": "e88ce5bb1e6573144e851de6b9a0c363ad6f5e9a44d4bc43fcfcc37e84112ee1",
    "schema_version": "1.0.0",
    "event_type": "agent_order",
    "source": "synthetic_agent",
    "symbol": "BTCUSDT",
    "exchange": "binance_usdm",
    "timestamp": "2024-05-01T00:00:02.600000Z",
    "sequence": 26,
    "scenario_id": "scenario-528-passive_market_maker",
    "agent_id": "agent-passive_market_maker",
    "order_id": "scenario-528-passive_market_maker-agent-passive_market_maker-26",
    "action": "new",
    "side": "buy",
    "price": 65462.472,
    "quantity": 0.01,
    "remaining_quantity": 0.01
  },
  {
    "event_id": "713121ccdfbb5d0cb62f2a67368067943b0d298b939f30246c4d8ebd68ca8bbc",
    "schema_version": "1.0.0",
    "event_type": "agent_order",
    "source": "synthetic_agent",
    "symbol": "BTCUSDT",
    "exchange": "binance_usdm",
    "timestamp": "2024-05-01T00:00:02.700000Z",
    "sequence": 27,
    "scenario_id": "scenario-528-passive_market_maker",
    "agent_id": "agent-passive_market_maker",
    "order_id": "scenario-528-passive_market_maker-agent-passive_market_maker-27",
    "action": "new",
    "side": "sell",
    "price": 65593.52799999999,
    "quantity": 0.01,
    "remaining_quantity": 0.01
  },
  {
    "event_id": "ea2eb2eec799ac604f510dbcd8f4d76f4df11f334f2f00cb72a8e646680ed7e0",
    "schema_version": "1.0.0",
    "event_type": "agent_order",
    "source": "synthetic_agent",
    "symbol": "BTCUSDT",
    "exchange": "binance_usdm",
    "timestamp": "2024-05-01T00:00:02.800000Z",
    "sequence": 28,
    "scenario_id": "scenario-528-passive_market_maker",
    "agent_id": "agent-passive_market_maker",
    "order_id": "scenario-528-passive_market_maker-agent-passive_market_maker-28",
    "action": "new",
    "side": "buy",
    "price": 65462.472,
    "quantity": 0.01,
    "remaining_quantity": 0.01
  },
  {
    "event_id": "02d894611e27d076b65f5d541b895283132ee9b3caf44e2ddecd3b67f7150589",
    "schema_version": "1.0.0",
    "event_type": "agent_order",
    "source": "synthetic_agent",
    "symbol": "BTCUSDT",
    "exchange": "binance_usdm",
    "timestamp": "2024-05-01T00:00:02.900000Z",
    "sequence": 29,
    "scenario_id": "scenario-528-passive_market_maker",
    "agent_id": "agent-passive_market_maker",
    "order_id": "scenario-528-passive_market_maker-agent-passive_market_maker-29",
    "action": "new",
    "side": "sell",
    "price": 65593.52799999999,
    "quantity": 0.01,
    "remaining_quantity": 0.01
  }
]