[
  {
    "event_id": "830db9cc0c481a0125825d6356f09baa6e191350cf53d66ffaa91d912af77006",
    "schema_version": "1.0.0",
    "event_type": "agent_order",
    "source": "synthetic_agent",
    "symbol": "BTCUSDT",
    "exchange": "binance_usdm",
    "timestamp": "2024-05-01T00:00:00Z",
    "sequence": 0,
    "scenario_id": "scenario-116-latency_edge",
    "agent_id": "agent-latency_edge",
    "order_id": "scenario-116-latency_edge-agent-latency_edge-0",
    "action": "new",
    "side": "buy",
    "price": 65155.069599999995,
    "quantity": 0.006,
    "remaining_quantity": 0.006
  },
  {
    "event_id": "797037fbd9fe55373420a0c117fd7e9ea8b890e487f9de2babc35812143f46ef",
    "schema_version": "1.0.0",
    "event_type": "agent_order",
    "source": "synthetic_agent",
    "symbol": "BTCUSDT",
    "exchange": "binance_usdm",
    "timestamp": "2024-05-01T00:00:00.008000Z",
    "sequence": 1,
    "scenario_id": "scenario-116-latency_edge",
    "agent_id": "agent-latency_edge",
    "order_id": "scenario-116-latency_edge-agent-latency_edge-1",
    "action": "new",
    "side": "buy",
    "price": 65155.069599999995,
    "quantity": 0.006,
    "remaining_quantity": 0.006
  },
  {
    "event_id": "ba623cde0cfe410f52375423e2ff99d4cd3c0f93be013865d99ae8cbfccc49de",
    "schema_version": "1.0.0",
    "event_type": "agent_order",
    "source": "synthetic_agent",
    "symbol": "BTCUSDT",
    "exchange": "binance_usdm",
    "timestamp": "2024-05-01T00:00:00.016000Z",
    "sequence": 2,
    "scenario_id": "scenario-116-latency_edge",
    "agent_id": "agent-latency_edge",
    "order_id": "scenario-116-latency_edge-agent-latency_edge-2",
    "action": "new",
    "side": "sell",
    "price": 65076.9304,
    "quantity": 0.006,
    "remaining_quantity": 0.006
  },
  {
    "event_id": "db69d83e1118c14a33ff4f80022aa772e3160c558a7ddb7e908f71c1032b4d7a",
    "schema_version": "1.0.0",
    "event_type": "agent_order",
    "source": "synthetic_agent",
    "symbol": "BTCUSDT",
    "exchange": "binance_usdm",
    "timestamp": "2024-05-01T00:00:00.024000Z",
    "sequence": 3,
    "scenario_id": "scenario-116-latency_edge",
    "agent_id": "agent-latency_edge",
    "order_id": "scenario-116-latency_edge-agent-latency_edge-3",
    "action": "new",
    "side": "sell",
    "price": 65076.9304,
    "quantity": 0.006,
    "remaining_quantity": 0.006
  },
  {
    "event_id": "197c043e715845d4ff412c02ce02ed4996fe34c8857fdf5b8b54279639820531",
    "schema_version": "1.0.0",
    "event_type": "agent_order",
    "source": "synthetic_agent",
    "symbol": "BTCUSDT",
    "exchange": "binance_usdm",
    "timestamp": "2024-05-01T00:00:00.032000Z",
    "sequence": 4,
    "scenario_id": "scenario-116-latency_edge",
    "agent_id": "agent-latency_edge",
    "order_id": "scenario-116-latency_edge-agent-latency_edge-4",
    "action": "new",
    "side": "buy",
    "price": 65155.069599999995,
    "quantity": 0.006,
    "remaining_quantity": 0.006
  },
  {
    "event_id": "0a4922c1b6b2e7ac11a1920d0bbf354bc22b974a8a6d0728d4d409cf1b43501e",
    "schema_version": "1.0.0",
    "event_type": "agent_order",
    "source": "synthetic_agent",
    "symbol": "BTCUSDT",
    "exchange": "binance_usdm",
    "timestamp": "2024-05-01T00:00:00.040000Z",
    "sequence": 5,
    "scenario_id": "scenario-116-latency_edge",
    "agent_id": "agent-latency_edge",
    "order_id": "scenario-116-latency_edge-agent-latency_edge-5",
    "action": "new",
    "side": "buy",
    "price": 65155.069599999995,
    "quantity": 0.006,
    "remaining_quantity": 0.006
  },
  {
    "event_id": "dfca26782e0175f854dcc4cf3b6209686e3e896fc6002510262edc4cf21683c7",
    "schema_version": "1.0.0",
    "event_type": "agent_order",
    "source": "synthetic_agent",
    "symbol": "BTCUSDT",
    "exchange": "binance_usdm",
    "timestamp": "2024-05-01T00:00:00.048000Z",
    "sequence": 6,
    "scenario_id": "scenario-116-latency_edge",
    "agent_id": "agent-latency_edge",
    "order_id": "scenario-116-latency_edge-agent-latency_edge-6",
    "action": "new",
    "side": "sell",
    "price": 65076.9304,
    "quantity": 0.006,
    "remaining_quantity": 0.006
  },
  {
    "event_id": "241ca21febeb3066aa42c80fdacc53e4408800e4e4fd1aec08929ef391d46c4b",
    "schema_version": "1.0.0",
    "event_type": "agent_order",
    "source": "synthetic_agent",
    "symbol": "BTCUSDT",
    "exchange": "binance_usdm",
    "timestamp": "2024-05-01T00:00:00.056000Z",
    "sequence": 7,
    "scenario_id": "scenario-116-latency_edge",
    "agent_id": "agent-latency_edge",
    "order_id": "scenario-116-latency_edge-agent-latency_edge-7",
    "action": "new",
    "side": "sell",
    "price": 65076.9304,
    "quantity": 0.006,
    "remaining_quantity": 0.006
  },
  {
    "event_id": "f492103e74818e538c0665534358f395b9a9cca9b923a7dd5e3a17506e205e78",
    "schema_version": "1.0.0",
    "event_type": "agent_order",
    "source": "synthetic_agent",
    "symbol": "BTCUSDT",
    "exchange": "binance_usdm",
    "timestamp": "2024-05-01T00:00:00.064000Z",
    "sequence": 8,
    "scenario_id": "scenario-116-latency_edge",
    "agent_id": "agent-latency_edge",
    "order_id": "scenario-116-latency_edge-agent-latency_edge-8",
    "action": "new",
    "side": "buy",
    "price": 65155.069599999995,
    "quantity": 0.006,
    "remaining_quantity": 0.006
  },
  {
    "event_id": "d83b6880406676dbd17bbcafd196c7a0897d10fc162c4d68155d1f94d49d793d",
    "schema_version": "1.0.0",
    "event_type": "agent_order",
    "source": "synthetic_agent",
    "symbol": "BTCUSDT",
    "exchange": "binance_usdm",
    "timestamp": "2024-05-01T00:00:00.072000Z",
    "sequence": 9,
    "scenario_id": "scenario-116-latency_edge",
    "agent_id": "agent-latency_edge",
    "order_id": "scenario-116-latency_edge-agent-latency_edge-9",
    "action": "new",
    "side": "buy",
    "price": 65155.069599999995,
    "quantity": 0.006,
    "remaining_quantity": 0.006
  },
  {
    "event_id": "c6a4a3a31ee356c3b13d38e50b306be4fa90b272cf23640d4932d5a99404eac0",
    "schema_version": "1.0.0",
    "event_type": "agent_order",
    "source": "synthetic_agent",
    "symbol": "BTCUSDT",
    "exchange": "binance_usdm",
    "timestamp": "2024-05-01T00:00:00.080000Z",
    "sequence": 10,
    "scenario_id": "scenario-116-latency_edge",
    "agent_id": "agent-latency_edge",
    "order_id": "scenario-116-latency_edge-agent-latency_edge-10",
    "action": "new",
    "side": "sell",
    "price": 65076.9304,
    "quantity": 0.006,
    "remaining_quantity": 0.006
  },
  {
    "event_id": "77e5a21287854c5c04e13a52e735c11d6ac9aeb383034074bf55345d6e90b534",
    "schema_version": "1.0.0",
    "event_type": "agent_order",
    "source": "synthetic_agent",
    "symbol": "BTCUSDT",
    "exchange": "binance_usdm",
    "timestamp": "2024-05-01T00:00:00.088000Z",
    "sequence": 11,
    "scenario_id": "scenario-116-latency_edge",
    "agent_id": "agent-latency_edge",
    "order_id": "scenario-116-latency_edge-agent-latency_edge-11",
    "action": "new",
    "side": "sell",
    "price": 65076.9304,
    "quantity": 0.006,
    "remaining_quantity": 0.006
  },
  {
    "event_id": "69d12d63b7b9fe3b64694eb31ad1caece988ab9b67c23ffe40bdf25427f6f001",
    "schema_version": "1.0.0",
    "event_type": "agent_order",
    "source": "synthetic_agent",
    "symbol": "BTCUSDT",
    "exchange": "binance_usdm",
    "timestamp": "2024-05-01T00:00:00.096000Z",
    "sequence": 12,
    "scenario_id": "scenario-116-latency_edge",
    "agent_id": "agent-latency_edge",
    "order_id": "scenario-116-latency_edge-agent-latency_edge-12",
    "action": "new",
    "side": "buy",
    "price": 65155.069599999995,
    "quantity": 0.006,
    "remaining_quantity": 0.006
  },
  {
    "event_id": "3ef87536b1b1d609fb164d57e8681c721a5dda5d7fe906be5be74ac6688f0d9d",
    "schema_version": "1.0.0",
    "event_type": "agent_order",
    "source": "synthetic_agent",
    "symbol": "BTCUSDT",
    "exchange": "binance_usdm",
    "timestamp": "2024-05-01T00:00:00.104000Z",
    "sequence": 13,
    "scenario_id": "scenario-116-latency_edge",
    "agent_id": "agent-latency_edge",
    "order_id": "scenario-116-latency_edge-agent-latency_edge-13",
    "action": "new",
    "side": "buy",
    "price": 65155.069599999995,
    "quantity": 0.006,
    "remaining_quantity": 0.006
  },
  {
    "event_id": "bd983d3cd2cd8540be6a2a549856781b3195969cdba6446c680084872d1fa5d9",
    "schema_version": "1.0.0",
    "event_type": "agent_order",
    "source": "synthetic_agent",
    "symbol": "BTCUSDT",
    "exchange": "binance_usdm",
    "timestamp": "2024-05-01T00:00:00.112000Z",
    "sequence": 14,
    "scenario_id": "scenario-116-latency_edge",
    "agent_id": "agent-latency_edge",
    "order_id": "scenario-116-latency_edge-agent-latency_edge-14",
    "action": "new",
    "side": "sell",
    "price": 65076.9304,
    "quantity": 0.006,
    "remaining_quantity": 0.006
  },
  {
    "event_id": "a341363b3bee85d1a9fe34b7e139d4f8c68aa465de1d11a569f0ee191fe3406e",
    "schema_version": "1.0.0",
    "event_type": "agent_order",
    "source": "synthetic_agent",
    "symbol": "BTCUSDT",
    "exchange": "binance_usdm",
    "timestamp": "2024-05-01T00:00:00.120000Z",
    "sequence": 15,
    "scenario_id": "scenario-116-latency_edge",
    "agent_id": "agent-latency_edge",
    "order_id": "scenario-116-latency_edge-agent-latency_edge-15",
    "action": "new",
    "side": "sell",
    "price": 65076.9304,
    "quantity": 0.006,
    "remaining_quantity": 0.006
  },
  {
    "event_id": "8515e10760434356927b3e0054ada14d2d6b4396724fe056885b63dc6fc44cca",
    "schema_version": "1.0.0",
    "event_type": "agent_order",
    "source": "synthetic_agent",
    "symbol": "BTCUSDT",
    "exchange": "binance_usdm",
    "timestamp": "2024-05-01T00:00:00.128000Z",
    "sequence": 16,
    "scenario_id": "scenario-116-latency_edge",
    "agent_id": "agent-latency_edge",
    "order_id": "scenario-116-latency_edge-agent-latency_edge-16",
    "action": "new",
    "side": "buy",
    "price": 65155.069599999995,
    "quantity": 0.006,
    "remaining_quantity": 0.006
  },
  {
    "event_id": "ac86d53d3e7b4896ec237e1eb194c9e682eba1541a46a413eb3105e379891e56",
    "schema_version": "1.0.0",
    "event_type": "agent_order",
    "source": "synthetic_agent",
    "symbol": "BTCUSDT",
    "exchange": "binance_usdm",
    "timestamp": "2024-05-01T00:00:00.136000Z",
    "sequence": 17,
    "scenario_id": "scenario-116-latency_edge",
    "agent_id": "agent-latency_edge",
    "order_id": "scenario-116-latency_edge-agent-latency_edge-17",
    "action": "new",
    "side": "buy",
    "price": 65155.069599999995,
    "quantity": 0.006,
    "remaining_quantity": 0.006
  },
  {
    "event_id": "a07346bd754899f5ed13f530a72008d162421b6772298cf30f74950b1691c361",
    "schema_version": "1.0.0",
    "event_type": "agent_order",
    "source": "synthetic_agent",
    "symbol": "BTCUSDT",
    "exchange": "binance_usdm",
    "timestamp": "2024-05-01T00:00:00.144000Z",
    "sequence": 18,
    "scenario_id": "scenario-116-latency_edge",
    "agent_id": "agent-latency_edge",
    "order_id": "scenario-116-latency_edge-agent-latency_edge-18",
    "action": "new",
    "side": "sell",
    "price": 65076.9304,
    "quantity": 0.006,
    "remaining_quantity": 0.006
  },
  {
    "event_id": "fd173d5d4669e82f7458605a3f4ee825fdcbea5d9c3d4e874f74e8d11a14f990",
    "schema_version": "1.0.0",
    "event_type": "agent_order",
    "source": "synthetic_agent",
    "symbol": "BTCUSDT",
    "exchange": "binance_usdm",
    "timestamp": "2024-05-01T00:00:00.152000Z",
    "sequence": 19,
    "scenario_id": "scenario-116-latency_edge",
    "agent_id": "agent-latency_edge",
    "order_id": "scenario-116-latency_edge-agent-latency_edge-19",
    "action": "new",
    "side": "sell",
    "price": 65076.9304,
    "quantity": 0.006,
    "remaining_quantity": 0.006
  },
  {
    "event_id": "8708408319e0bb336ddf947deaea13fa41ea77ff5fa30d04e61b215c58a47850",
    "schema_version": "1.0.0",
    "event_type": "agent_order",
    "source": "synthetic_agent",
    "symbol": "BTCUSDT",
    "exchange": "binance_usdm",
    "timestamp": "2024-05-01T00:00:00.160000Z",
    "sequence": 20,
    "scenario_id": "scenario-116-latency_edge",
    "agent_id": "agent-latency_edge",
    "order_id": "scenario-116-latency_edge-agent-latency_edge-20",
    "action": "new",
    "side": "buy",
    "price": 65155.069599999995,
    "quantity": 0.006,
    "remaining_quantity": 0.006
  },
  {
    "event_id": "f85c6a3d882f8f3979a9e24a50eafb91948d2a3e4960a74dc2e88ab3faf0a3b7",
    "schema_version": "1.0.0",
    "event_type": "agent_order",
    "source": "synthetic_agent",
    "symbol": "BTCUSDT",
    "exchange": "binance_usdm",
    "timestamp": "2024-05-01T00:00:00.168000Z",
    "sequence": 21,
    "scenario_id": "scenario-116-latency_edge",
    "agent_id": "agent-latency_edge",
    "order_id": "scenario-116-latency_edge-agent-latency_edge-21",
    "action": "new",
    "side": "buy",
    "price": 65155.069599999995,
    "quantity": 0.006,
    "remaining_quantity": 0.006
  },
  {
    "event_id": "92d452bccbdafca75db51cbdd40fe431a3edf5caf2620054509d4278bec3b73c",
    "schema_version": "1.0.0",
    "event_type": "agent_order",
    "source": "synthetic_agent",
    "symbol": "BTCUSDT",
    "exchange": "binance_usdm",
    "timestamp": "2024-05-01T00:00:00.176000Z",
    "sequence": 22,
    "scenario_id": "scenario-116-latency_edge",
    "agent_id": "agent-latency_edge",
    "order_id": "scenario-116-latency_edge-agent-latency_edge-22",
    "action": "new",
    "side": "sell",
    "price": 65076.9304,
    "quantity": 0.006,
    "remaining_quantity": 0.006
  },
  {
    "event_id": "5a9031cd3bdc8e1b6d73e967a890b2daac1676c5665a0a495e661285fa3c31ba",
    "schema_version": "1.0.0",
    "event_type": "agent_order",
    "source": "synthetic_agent",
    "symbol": "BTCUSDT",
    "exchange": "binance_usdm",
    "timestamp": "2024-05-01T00:00:00.184000Z",
    "sequence": 23,
    "scenario_id": "scenario-116-latency_edge",
    "agent_id": "agent-latency_edge",
    "order_id": "scenario-116-latency_edge-agent-latency_edge-23",
    "action": "new",
    "side": "sell",
    "price": 65076.9304,
    "quantity": 0.006,
    "remaining_quantity": 0.006
  },
  {
    "event_id": "17e1a51272fdb1b860e3074b8f38976b198dfe3b6b0b9a40f7440507c0806ad1",
    "schema_version": "1.0.0",
    "event_type": "agent_order",
    "source": "synthetic_agent",
    "symbol": "BTCUSDT",
    "exchange": "binance_usdm",
    "timestamp": "2024-05-01T00:00:00.192000Z",
    "sequence": 24,
    "scenario_id": "scenario-116-latency_edge",
    "agent_id": "agent-latency_edge",
    "order_id": "scenario-116-latency_edge-agent-latency_edge-24",
    "action": "new",
    "side": "buy",
    "price": 65155.069599999995,
    "quantity": 0.006,
    "remaining_quantity": 0.006
  },
  {
    "event_id": "2ac6747bd25d1cbb12de8f0703aa3748c8043d299e6da76a8b0c9cbe3f6a6f18",
    "schema_version": "1.0.0",
    "event_type": "agent_order",
    "source": "synthetic_agent",
    "symbol": "BTCUSDT",
    "exchange": "binance_usdm",
    "timestamp": "2024-05-01T00:00:00.200000Z",
    "sequence": 25,
    "scenario_id": "scenario-116-latency_edge",
    "agent_id": "agent-latency_edge",
    "order_id": "scenario-116-latency_edge-agent-latency_edge-25",
    "action": "new",
    "side": "buy",
    "price": 65155.069599999995,
    "quantity": 0.006,
    "remaining_quantity": 0.006
  },
  {
    "event_id": "7624a601b64a9be8ee85d199e50a95a78e59711f0f738f373ae9b33446d0c44f",
    "schema_version": "1.0.0",
    "event_type": "agent_order",
    "source": "synthetic_agent",
    "symbol": "BTCUSDT",
    "exchange": "binance_usdm",
    "timestamp": "2024-05-01T00:00:00.208000Z",
    "sequence": 26,
    "scenario_id": "scenario-116-latency_edge",
    "agent_id": "agent-latency_edge",
    "order_id": "scenario-116-latency_edge-agent-latency_edge-26",
    "action": "new",
    "side": "sell",
    "price": 65076.9304,
    "quantity": 0.006,
    "remaining_quantity": 0.006
  },
  {
    "event_id": "bd6f7bb81798b1b9cba370684eb976a254e9f695beff15806e5d978c89d5775e",
    "schema_version": "1.0.0",
    "event_type": "agent_order",
    "source": "synthetic_agent",
    "symbol": "BTCUSDT",
    "exchange": "binance_usdm",
    "timestamp": "2024-05-01T00:00:00.216000Z",
    "sequence": 27,
    "scenario_id": "scenario-116-latency_edge",
    "agent_id": "agent-latency_edge",
    "order_id": "scenario-116-latency_edge-agent-latency_edge-27",
    "action": "new",
    "side": "sell",
    "price": 65076.9304,
    "quantity": 0.006,
    "remaining_quantity": 0.006
  },
  {
    "event_id": "ff2c6abe7163bdd4d75e6b0fb1bbe29a4f1c17b7f8013695e493e284b7f5b381",
    "schema_version": "1.0.0",
    "event_type": "agent_order",
    "source": "synthetic_agent",
    "symbol": "BTCUSDT",
    "exchange": "binance_usdm",
    "timestamp": "2024-05-01T00:00:00.224000Z",
    "sequence": 28,
    "scenario_id": "scenario-116-latency_edge",
    "agent_id": "agent-latency_edge",
    "order_id": "scenario-116-latency_edge-agent-latency_edge-28",
    "action": "new",
    "side": "buy",
    "price": 65155.069599999995,
    "quantity": 0.006,
    "remaining_quantity": 0.006
  },
  {
    "event_id": "375408d588151e2ae50dc9e583a0e83dc17ee8f0260b8ac5c7e9b33c7dfec8c9",
    "schema_version": "1.0.0",
    "event_type": "agent_order",
    "source": "synthetic_agent",
    "symbol": "BTCUSDT",
    "exchange": "binance_usdm",
    "timestamp": "2024-05-01T00:00:00.232000Z",
    "sequence": 29,
    "scenario_id": "scenario-116-latency_edge",
    "agent_id": "agent-latency_edge",
    "order_id": "scenario-116-latency_edge-agent-latency_edge-29",
    "action": "new",
    "side": "buy",
    "price": 65155.069599999995,
    "quantity": 0.006,
    "remaining_quantity": 0.006
  }
]