[
  {
    "event_id": "dc1c7b7658bca721cab3c29ab901a6167c0ecf24fae3aba7ac8e104a1efbbe01",
    "schema_version": "1.0.0",
    "event_type": "agent_order",
    "source": "synthetic_agent",
    "symbol": "BTCUSDT",
    "exchange": "binance_usdm",
    "timestamp": "2024-05-01T00:00:00Z",
    "sequence": 0,
    "scenario_id": "scenario-161-momentum_ignition",
    "agent_id": "agent-momentum_ignition",
    "order_id": "scenario-161-momentum_ignition-agent-momentum_ignition-0",
    "action": "new",
    "side": "buy",
    "price": 65226.16099999999,
    "quantity": 0.08,
    "remaining_quantity": 0.08
  },
  {
    "event_id": "c38b80cc6c9024df8dbc2cb56e46ce742e0c280586705b6f43eb71d48c2e8fcd",
    "schema_version": "1.0.0",
    "event_type": "agent_order",
    "source": "synthetic_agent",
    "symbol": "BTCUSDT",
    "exchange": "binance_usdm",
    "timestamp": "2024-05-01T00:00:00.080000Z",
    "sequence": 1,
    "scenario_id": "scenario-161-momentum_ignition",
    "agent_id": "agent-momentum_ignition",
    "order_id": "scenario-161-momentum_ignition-agent-momentum_ignition-1",
    "action": "new",
    "side": "buy",
    "price": 65227.46421999999,
    "quantity": 0.08,
    "remaining_quantity": 0.08
  },
  {
    "event_id": "a43b2f5e6460a236046950b9039a50c74285cbd55b7d3492a65ad0b989b9625b",
    "schema_version": "1.0.0",
    "event_type": "agent_order",
    "source": "synthetic_agent",
    "symbol": "BTCUSDT",
    "exchange": "binance_usdm",
    "timestamp": "2024-05-01T00:00:00.160000Z",
    "sequence": 2,
    "scenario_id": "scenario-161-momentum_ignition",
    "agent_id": "agent-momentum_ignition",
    "order_id": "scenario-161-momentum_ignition-agent-momentum_ignition-2",
    "action": "new",
    "side": "buy",
    "price": 65228.767439999996,
    "quantity": 0.08,
    "remaining_quantity": 0.08
  },
  {
    "event_id": "96ab25da62014f25ec7fd4f552c10c1ea4da3dedae208675a215f56fd764911e",
    "schema_version": "1.0.0",
    "event_type": "agent_order",
    "source": "synthetic_agent",
    "symbol": "BTCUSDT",
    "exchange": "binance_usdm",
    "timestamp": "2024-05-01T00:00:00.240000Z",
    "sequence": 3,
    "scenario_id": "scenario-161-momentum_ignition",
    "agent_id": "agent-momentum_ignition",
    "order_id": "scenario-161-momentum_ignition-agent-momentum_ignition-3",
    "action": "new",
    "side": "buy",
    "price": 65230.07065999999,
    "quantity": 0.08,
    "remaining_quantity": 0.08
  },
  {
    "event_id": "7acd3f906b5f9b2514b38f95e41006cdc0c26282717cea313310bd11c9a8e50d",
    "schema_version": "1.0.0",
    "event_type": "agent_order",
    "source": "synthetic_agent",
    "symbol": "BTCUSDT",
    "exchange": "binance_usdm",
    "timestamp": "2024-05-01T00:00:00.320000Z",
    "sequence": 4,
    "scenario_id": "scenario-161-momentum_ignition",
    "agent_id": "agent-momentum_ignition",
    "order_id": "scenario-161-momentum_ignition-agent-momentum_ignition-4",
    "action": "new",
    "side": "buy",
    "price": 65231.37388,
    "quantity": 0.08,
    "remaining_quantity": 0.08
  },
  {
    "event_id": "6b16783a0f75c21391c197959edafdf973f020b65dff91776e75d0538d8de537",
    "schema_version": "1.0.0",
    "event_type": "agent_order",
    "source": "synthetic_agent",
    "symbol": "BTCUSDT",
    "exchange": "binance_usdm",
    "timestamp": "2024-05-01T00:00:00.400000Z",
    "sequence": 5,
    "scenario_id": "scenario-161-momentum_ignition",
    "agent_id": "agent-momentum_ignition",
    "order_id": "scenario-161-momentum_ignition-agent-momentum_ignition-5",
    "action": "new",
    "side": "buy",
    "price": 65232.67709999999,
    "quantity": 0.08,
    "remaining_quantity": 0.08
  },
  {
    "event_id": "351113fbf6c2719520d7ea450bb16cddf6b5b4068337ab28ef01ae2aa8983019",
    "schema_version": "1.0.0",
    "event_type": "agent_order",
    "source": "synthetic_agent",
    "symbol": "BTCUSDT",
    "exchange": "binance_usdm",
    "timestamp": "2024-05-01T00:00:00.480000Z",
    "sequence": 6,
    "scenario_id": "scenario-161-momentum_ignition",
    "agent_id": "agent-momentum_ignition",
    "order_id": "scenario-161-momentum_ignition-agent-momentum_ignition-6",
    "action": "new",
    "side": "buy",
    "price": 65233.98031999999,
    "quantity": 0.08,
    "remaining_quantity": 0.08
  },
  {
    "event_id": "c85a73a07e8377bc9a5c06281c682d4542793cf1551dc2d67910033466a671c9",
    "schema_version": "1.0.0",
    "event_type": "agent_order",
    "source": "synthetic_agent",
    "symbol": "BTCUSDT",
    "exchange": "binance_usdm",
    "timestamp": "2024-05-01T00:00:00.560000Z",
    "sequence": 7,
    "scenario_id": "scenario-161-momentum_ignition",
    "agent_id": "agent-momentum_ignition",
    "order_id": "scenario-161-momentum_ignition-agent-momentum_ignition-7",
    "action": "new",
    "side": "buy",
    "price": 65235.28354,
    "quantity": 0.08,
    "remaining_quantity": 0.08
  },
  {
    "event_id": "1931edad0816ff2240b96ef0f5c24513894e35455beab6429b0b8b69a3f95494",
    "schema_version": "1.0.0",
    "event_type": "agent_order",
    "source": "synthetic_agent",
    "symbol": "BTCUSDT",
    "exchange": "binance_usdm",
    "timestamp": "2024-05-01T00:00:00.640000Z",
    "sequence": 8,
    "scenario_id": "scenario-161-momentum_ignition",
    "agent_id": "agent-momentum_ignition",
    "order_id": "scenario-161-momentum_ignition-agent-momentum_ignition-8",
    "action": "new",
    "side": "buy",
    "price": 65236.58675999999,
    "quantity": 0.08,
    "remaining_quantity": 0.08
  },
  {
    "event_id": "886781499e12ff8faaa2c1bbd716f1b78dc50908bc3fbdd7bfaf9a3e24832be4",
    "schema_version": "1.0.0",
    "event_type": "agent_order",
    "source": "synthetic_agent",
    "symbol": "BTCUSDT",
    "exchange": "binance_usdm",
    "timestamp": "2024-05-01T00:00:00.720000Z",
    "sequence": 9,
    "scenario_id": "scenario-161-momentum_ignition",
    "agent_id": "agent-momentum_ignition",
    "order_id": "scenario-161-momentum_ignition-agent-momentum_ignition-9",
    "action": "new",
    "side": "buy",
    "price": 65237.88998,
    "quantity": 0.08,
    "remaining_quantity": 0.08
  },
  {
    "event_id": "eca73ef1976f005165615e2f1a85d9fff925eebeffab1073c6f4f641a9324609",
    "schema_version": "1.0.0",
    "event_type": "agent_order",
    "source": "synthetic_agent",
    "symbol": "BTCUSDT",
    "exchange": "binance_usdm",
    "timestamp": "2024-05-01T00:00:00.800000Z",
    "sequence": 10,
    "scenario_id": "scenario-161-momentum_ignition",
    "agent_id": "agent-momentum_ignition",
    "order_id": "scenario-161-momentum_ignition-agent-momentum_ignition-10",
    "action": "new",
    "side": "buy",
    "price": 65239.193199999994,
    "quantity": 0.08,
    "remaining_quantity": 0.08
  },
  {
    "event_id": "9718ef90ab2d7afb4d5333bd0cb61c3765d27fcb34cee4158dab3c127101ee39",
    "schema_version": "1.0.0",
    "event_type": "agent_order",
    "source": "synthetic_agent",
    "symbol": "BTCUSDT",
    "exchange": "binance_usdm",
    "timestamp": "2024-05-01T00:00:00.880000Z",
    "sequence": 11,
    "scenario_id": "scenario-161-momentum_ignition",
    "agent_id": "agent-momentum_ignition",
    "order_id": "scenario-161-momentum_ignition-agent-momentum_ignition-11",
    "action": "new",
    "side": "buy",
    "price": 65240.49642,
    "quantity": 0.08,
    "remaining_quantity": 0.08
  },
  {
    "event_id": "ae70e12f95432d47d088b5d9a41740a5239db19da5435cee2c05d027b1dbcbd7",
    "schema_version": "1.0.0",
    "event_type": "agent_order",
    "source": "synthetic_agent",
    "symbol": "BTCUSDT",
    "exchange": "binance_usdm",
    "timestamp": "2024-05-01T00:00:00.960000Z",
    "sequence": 12,
    "scenario_id": "scenario-161-momentum_ignition",
    "agent_id": "agent-momentum_ignition",
    "order_id": "scenario-161-momentum_ignition-agent-momentum_ignition-12",
    "action": "new",
    "side": "buy",
    "price": 65241.79964,
    "quantity": 0.08,
    "remaining_quantity": 0.08
  },
  {
    "event_id": "d74a2654c1618a294d153c7bd1ff4ee74ca0833cadc41ba10d1129ef19b0f42b",
    "schema_version": "1.0.0",
    "event_type": "agent_order",
    "source": "synthetic_agent",
    "symbol": "BTCUSDT",
    "exchange": "binance_usdm",
    "timestamp": "2024-05-01T00:00:01.040000Z",
    "sequence": 13,
    "scenario_id": "scenario-161-momentum_ignition",
    "agent_id": "agent-momentum_ignition",
    "order_id": "scenario-161-momentum_ignition-agent-momentum_ignition-13",
    "action": "new",
    "side": "buy",
    "price": 65243.102859999985,
    "quantity": 0.08,
    "remaining_quantity": 0.08
  },
  {
    "event_id": "4e915a762bd25b5975595398d8de02c67e5bc36e5b6979f1c704cebc25412f63",
    "schema_version": "1.0.0",
    "event_type": "agent_order",
    "source": "synthetic_agent",
    "symbol": "BTCUSDT",
    "exchange": "binance_usdm",
    "timestamp": "2024-05-01T00:00:01.120000Z",
    "sequence": 14,
    "scenario_id": "scenario-161-momentum_ignition",
    "agent_id": "agent-momentum_ignition",
    "order_id": "scenario-161-momentum_ignition-agent-momentum_ignition-14",
    "action": "new",
    "side": "buy",
    "price": 65244.40607999999,
    "quantity": 0.08,
    "remaining_quantity": 0.08
  },
  {
    "event_id": "e5fc3641b1bfa28f883a33d338e07ed80d18aa24c1b5a930de71fd8bf1c600bc",
    "schema_version": "1.0.0",
    "event_type": "agent_order",
    "source": "synthetic_agent",
    "symbol": "BTCUSDT",
    "exchange": "binance_usdm",
    "timestamp": "2024-05-01T00:00:01.200000Z",
    "sequence": 15,
    "scenario_id": "scenario-161-momentum_ignition",
    "agent_id": "agent-momentum_ignition",
    "order_id": "scenario-161-momentum_ignition-agent-momentum_ignition-15",
    "action": "new",
    "side": "buy",
    "price": 65245.70929999999,
    "quantity": 0.08,
    "remaining_quantity": 0.08
  },
  {
    "event_id": "023ac692ec9fe9fa2f2e4ba67944d738de4d748a42de85b0ff55d2f74b6c5b28",
    "schema_version": "1.0.0",
    "event_type": "agent_order",
    "source": "synthetic_agent",
    "symbol": "BTCUSDT",
    "exchange": "binance_usdm",
    "timestamp": "2024-05-01T00:00:01.280000Z",
    "sequence": 16,
    "scenario_id": "scenario-161-momentum_ignition",
    "agent_id": "agent-momentum_ignition",
    "order_id": "scenario-161-momentum_ignition-agent-momentum_ignition-16",
    "action": "new",
    "side": "buy",
    "price": 65247.01252,
    "quantity": 0.08,
    "remaining_quantity": 0.08
  },
  {
    "event_id": "59362733653696f2c30d358e59ab72078deb1e04de5d9d085aed5028ef803904",
    "schema_version": "1.0.0",
    "event_type": "agent_order",
    "source": "synthetic_agent",
    "symbol": "BTCUSDT",
    "exchange": "binance_usdm",
    "timestamp": "2024-05-01T00:00:01.360000Z",
    "sequence": 17,
    "scenario_id": "scenario-161-momentum_ignition",
    "agent_id": "agent-momentum_ignition",
    "order_id": "scenario-161-momentum_ignition-agent-momentum_ignition-17",
    "action": "new",
    "side": "buy",
    "price": 65248.31573999999,
    "quantity": 0.08,
    "remaining_quantity": 0.08
  },
  {
    "event_id": "21e4e9cdc40531a080686c4529710fc054d3a776330cf35a4cc236764473e9ba",
    "schema_version": "1.0.0",
    "event_type": "agent_order",
    "source": "synthetic_agent",
    "symbol": "BTCUSDT",
    "exchange": "binance_usdm",
    "timestamp": "2024-05-01T00:00:01.440000Z",
    "sequence": 18,
    "scenario_id": "scenario-161-momentum_ignition",
    "agent_id": "agent-momentum_ignition",
    "order_id": "scenario-161-momentum_ignition-agent-momentum_ignition-18",
    "action": "new",
    "side": "buy",
    "price": 65249.618959999985,
    "quantity": 0.08,
    "remaining_quantity": 0.08
  },
  {
    "event_id": "085475f502bdf7e68a7a82ee7798da690d5cb38e07be9fdfc3d3d1b0e1de5735",
    "schema_version": "1.0.0",
    "event_type": "agent_order",
    "source": "synthetic_agent",
    "symbol": "BTCUSDT",
    "exchange": "binance_usdm",
    "timestamp": "2024-05-01T00:00:01.520000Z",
    "sequence": 19,
    "scenario_id": "scenario-161-momentum_ignition",
    "agent_id": "agent-momentum_ignition",
    "order_id": "scenario-161-momentum_ignition-agent-momentum_ignition-19",
    "action": "new",
    "side": "buy",
    "price": 65250.922179999994,
    "quantity": 0.08,
    "remaining_quantity": 0.08
  },
  {
    "event_id": "ec7e44a22200d55beed55c53b7dfa0bb1064098192dd54789d061fda9c051563",
    "schema_version": "1.0.0",
    "event_type": "agent_order",
    "source": "synthetic_agent",
    "symbol": "BTCUSDT",
    "exchange": "binance_usdm",
    "timestamp": "2024-05-01T00:00:01.600000Z",
    "sequence": 20,
    "scenario_id": "scenario-161-momentum_ignition",
    "agent_id": "agent-momentum_ignition",
    "order_id": "scenario-161-momentum_ignition-agent-momentum_ignition-20",
    "action": "new",
    "side": "buy",
    "price": 65252.22539999999,
    "quantity": 0.08,
    "remaining_quantity": 0.08
  },
  {
    "event_id": "2863df52c54f4a0df9713969109a2f095150b464dfb750d77c3f18a4d6965951",
    "schema_version": "1.0.0",
    "event_type": "agent_order",
    "source": "synthetic_agent",
    "symbol": "BTCUSDT",
    "exchange": "binance_usdm",
    "timestamp": "2024-05-01T00:00:01.680000Z",
    "sequence": 21,
    "scenario_id": "scenario-161-momentum_ignition",
    "agent_id": "agent-momentum_ignition",
    "order_id": "scenario-161-momentum_ignition-agent-momentum_ignition-21",
    "action": "new",
    "side": "buy",
    "price": 65253.52862,
    "quantity": 0.08,
    "remaining_quantity": 0.08
  },
  {
    "event_id": "94315cd1600d695baac48eb566b210a80c597a34619fc8d5644562bdcbc8c3ba",
    "schema_version": "1.0.0",
    "event_type": "agent_order",
    "source": "synthetic_agent",
    "symbol": "BTCUSDT",
    "exchange": "binance_usdm",
    "timestamp": "2024-05-01T00:00:01.760000Z",
    "sequence": 22,
    "scenario_id": "scenario-161-momentum_ignition",
    "agent_id": "agent-momentum_ignition",
    "order_id": "scenario-161-momentum_ignition-agent-momentum_ignition-22",
    "action": "new",
    "side": "buy",
    "price": 65254.83183999999,
    "quantity": 0.08,
    "remaining_quantity": 0.08
  },
  {
    "event_id": "023f718c9bd825073dbd6ad3c605c1f302cd353b8e2ccf70b3e1216b270c6cc0",
    "schema_version": "1.0.0",
    "event_type": "agent_order",
    "source": "synthetic_agent",
    "symbol": "BTCUSDT",
    "exchange": "binance_usdm",
    "timestamp": "2024-05-01T00:00:01.840000Z",
    "sequence": 23,
    "scenario_id": "scenario-161-momentum_ignition",
    "agent_id": "agent-momentum_ignition",
    "order_id": "scenario-161-momentum_ignition-agent-momentum_ignition-23",
    "action": "new",
    "side": "buy",
    "price": 65256.135059999986,
    "quantity": 0.08,
    "remaining_quantity": 0.08
  },
  {
    "event_id": "92e8d985bba46b92382a3eb87da553799a39fee1579c0935eff872e531b5c29d",
    "schema_version": "1.0.0",
    "event_type": "agent_order",
    "source": "synthetic_agent",
    "symbol": "BTCUSDT",
    "exchange": "binance_usdm",
    "timestamp": "2024-05-01T00:00:01.920000Z",
    "sequence": 24,
    "scenario_id": "scenario-161-momentum_ignition",
    "agent_id": "agent-momentum_ignition",
    "order_id": "scenario-161-momentum_ignition-agent-momentum_ignition-24",
    "action": "new",
    "side": "buy",
    "price": 65257.438279999995,
    "quantity": 0.08,
    "remaining_quantity": 0.08
  },
  {
    "event_id": "9b2d5f03462c9c2b0a9b8c48e1cb3134a39c138e94a70e749adbaed03918b218",
    "schema_version": "1.0.0",
    "event_type": "agent_order",
    "source": "synthetic_agent",
    "symbol": "BTCUSDT",
    "exchange": "binance_usdm",
    "timestamp": "2024-05-01T00:00:02Z",
    "sequence": 25,
    "scenario_id": "scenario-161-momentum_ignition",
    "agent_id": "agent-momentum_ignition",
    "order_id": "scenario-161-momentum_ignition-agent-momentum_ignition-25",
    "action": "new",
    "side": "buy",
    "price": 65258.74149999999,
    "quantity": 0.08,
    "remaining_quantity": 0.08
  },
  {
    "event_id": "0a3d83327c6f78778bde58095d14183696f09226c4979c7377abafde6117cce2",
    "schema_version": "1.0.0",
    "event_type": "agent_order",
    "source": "synthetic_agent",
    "symbol": "BTCUSDT",
    "exchange": "binance_usdm",
    "timestamp": "2024-05-01T00:00:02.080000Z",
    "sequence": 26,
    "scenario_id": "scenario-161-momentum_ignition",
    "agent_id": "agent-momentum_ignition",
    "order_id": "scenario-161-momentum_ignition-agent-momentum_ignition-26",
    "action": "new",
    "side": "buy",
    "price": 65260.04472,
    "quantity": 0.08,
    "remaining_quantity": 0.08
  },
  {
    "event_id": "2c98d670369c4583867cb3613042a6dfc04c84cba1de0a0d80582d901f2e1477",
    "schema_version": "1.0.0",
    "event_type": "agent_order",
    "source": "synthetic_agent",
    "symbol": "BTCUSDT",
    "exchange": "binance_usdm",
    "timestamp": "2024-05-01T00:00:02.160000Z",
    "sequence": 27,
    "scenario_id": "scenario-161-momentum_ignition",
    "agent_id": "agent-momentum_ignition",
    "order_id": "scenario-161-momentum_ignition-agent-momentum_ignition-27",
    "action": "new",
    "side": "buy",
    "price": 65261.34793999999,
    "quantity": 0.08,
    "remaining_quantity": 0.08
  },
  {
    "event_id": "d88a482aa8c72d0714328629f7cf19fd90b8e8efd0a65321c47fa31da9172263",
    "schema_version": "1.0.0",
    "event_type": "agent_order",
    "source": "synthetic_agent",
    "symbol": "BTCUSDT",
    "exchange": "binance_usdm",
    "timestamp": "2024-05-01T00:00:02.240000Z",
    "sequence": 28,
    "scenario_id": "scenario-161-momentum_ignition",
    "agent_id": "agent-momentum_ignition",
    "order_id": "scenario-161-momentum_ignition-agent-momentum_ignition-28",
    "action": "new",
    "side": "buy",
    "price": 65262.65115999999,
    "quantity": 0.08,
    "remaining_quantity": 0.08
  },
  {
    "event_id": "a9baf74ce6aecfef4af56401b019e3ace3dd5708c349014f5cd997bade7a154d",
    "schema_version": "1.0.0",
    "event_type": "agent_order",
    "source": "synthetic_agent",
    "symbol": "BTCUSDT",
    "exchange": "binance_usdm",
    "timestamp": "2024-05-01T00:00:02.320000Z",
    "sequence": 29,
    "scenario_id": "scenario-161-momentum_ignition",
    "agent_id": "agent-momentum_ignition",
    "order_id": "scenario-161-momentum_ignition-agent-momentum_ignition-29",
    "action": "new",
    "side": "buy",
    "price": 65263.954379999996,
    "quantity": 0.08,
    "remaining_quantity": 0.08
  }
]