[
  {
    "event_id": "de02d457628fd3420ed7cdd3d1a29e4a5284c71a19e3de1854d5fb88adb2512b",
    "schema_version": "1.0.0",
    "event_type": "agent_order",
    "source": "synthetic_agent",
    "symbol": "BTCUSDT",
    "exchange": "binance_usdm",
    "timestamp": "2024-05-01T00:00:00Z",
    "sequence": 0,
    "scenario_id": "scenario-471-spoofing_layering",
    "agent_id": "agent-spoofing_layering",
    "order_id": "scenario-471-spoofing_layering-agent-spoofing_layering-0",
    "action": "new",
    "side": "sell",
    "price": 65503.735499999995,
    "quantity": 0.5,
    "remaining_quantity": 0.5
  },
  {
    "event_id": "877030898d0db3e7ff3104ac3d14ce01ec28480c68ea6a9bddba7667b57adef5",
    "schema_version": "1.0.0",
    "event_type": "agent_order",
    "source": "synthetic_agent",
    "symbol": "BTCUSDT",
    "exchange": "binance_usdm",
    "timestamp": "2024-05-01T00:00:00.050000Z",
    "sequence": 1,
    "scenario_id": "scenario-471-spoofing_layering",
    "agent_id": "agent-spoofing_layering",
    "order_id": "scenario-471-spoofing_layering-agent-spoofing_layering-1",
    "action": "new",
    "side": "sell",
    "price": 65504.39021,
    "quantity": 0.5,
    "remaining_quantity": 0.5
  },
  {
    "event_id": "987523b40f4be92658f6791171890aaa853e4db71060db6e4be7659a0b3f7fa0",
    "schema_version": "1.0.0",
    "event_type": "agent_order",
    "source": "synthetic_agent",
    "symbol": "BTCUSDT",
    "exchange": "binance_usdm",
    "timestamp": "2024-05-01T00:00:00.100000Z",
    "sequence": 2,
    "scenario_id": "scenario-471-spoofing_layering",
    "agent_id": "agent-spoofing_layering",
    "order_id": "scenario-471-spoofing_layering-agent-spoofing_layering-2",
    "action": "new",
    "side": "sell",
    "price": 65505.04491999999,
    "quantity": 0.5,
    "remaining_quantity": 0.5
  },
  {
    "event_id": "676ebf576431c48dc343dcfefe801ef1b8c30198b3ba482630c38e8e216e1c95",
    "schema_version": "1.0.0",
    "event_type": "agent_order",
    "source": "synthetic_agent",
    "symbol": "BTCUSDT",
    "exchange": "binance_usdm",
    "timestamp": "2024-05-01T00:00:00.150000Z",
    "sequence": 3,
    "scenario_id": "scenario-471-spoofing_layering",
    "agent_id": "agent-spoofing_layering",
    "order_id": "scenario-471-spoofing_layering-agent-spoofing_layering-3",
    "action": "new",
    "side": "sell",
    "price": 65505.699629999996,
    "quantity": 0.5,
    "remaining_quantity": 0.5
  },
  {
    "event_id": "a931ed66262777f9365258f0daab424b1e89ce24e4f827654d3edf7486019d61",
    "schema_version": "1.0.0",
    "event_type": "agent_order",
    "source": "synthetic_agent",
    "symbol": "BTCUSDT",
    "exchange": "binance_usdm",
    "timestamp": "2024-05-01T00:00:00.200000Z",
    "sequence": 4,
    "scenario_id": "scenario-471-spoofing_layering",
    "agent_id": "agent-spoofing_layering",
    "order_id": "scenario-471-spoofing_layering-agent-spoofing_layering-4",
    "action": "new",
    "side": "sell",
    "price": 65506.35434,
    "quantity": 0.5,
    "remaining_quantity": 0.5
  },
  {
    "event_id": "ae100b9add742020abe8c81126199c1886c40584e53db9f9b8af872600a4f5fc",
    "schema_version": "1.0.0",
    "event_type": "agent_order",
    "source": "synthetic_agent",
    "symbol": "BTCUSDT",
    "exchange": "binance_usdm",
    "timestamp": "2024-05-01T00:00:00.250000Z",
    "sequence": 5,
    "scenario_id": "scenario-471-spoofing_layering",
    "agent_id": "agent-spoofing_layering",
    "order_id": "scenario-471-spoofing_layering-agent-spoofing_layering-5",
    "action": "new",
    "side": "sell",
    "price": 65507.00905,
    "quantity": 0.5,
    "remaining_quantity": 0.5
  },
  {
    "event_id": "cf251e79c9c0185593c9c9993390fd0bb62345d63c2723fa24082d0fba8872b7",
    "schema_version": "1.0.0",
    "event_type": "agent_order",
    "source": "synthetic_agent",
    "symbol": "BTCUSDT",
    "exchange": "binance_usdm",
    "timestamp": "2024-05-01T00:00:00.300000Z",
    "sequence": 6,
    "scenario_id": "scenario-471-spoofing_layering",
    "agent_id": "agent-spoofing_layering",
    "order_id": "scenario-471-spoofing_layering-agent-spoofing_layering-6",
    "action": "new",
    "side": "sell",
    "price": 65507.663759999996,
    "quantity": 0.5,
    "remaining_quantity": 0.5
  },
  {
    "event_id": "813fb13c81995f95477b568683e5f6b2be9d3354540f7971c1a07228ed73263f",
    "schema_version": "1.0.0",
    "event_type": "agent_order",
    "source": "synthetic_agent",
    "symbol": "BTCUSDT",
    "exchange": "binance_usdm",
    "timestamp": "2024-05-01T00:00:00.350000Z",
    "sequence": 7,
    "scenario_id": "scenario-471-spoofing_layering",
    "agent_id": "agent-spoofing_layering",
    "order_id": "scenario-471-spoofing_layering-agent-spoofing_layering-7",
    "action": "new",
    "side": "sell",
    "price": 65508.31847,
    "quantity": 0.5,
    "remaining_quantity": 0.5
  },
  {
    "event_id": "1d30a6df940b4f8ab2e7f24943a920d49a56cc59f4d47f741143873a45838b12",
    "schema_version": "1.0.0",
    "event_type": "agent_order",
    "source": "synthetic_agent",
    "symbol": "BTCUSDT",
    "exchange": "binance_usdm",
    "timestamp": "2024-05-01T00:00:00.400000Z",
    "sequence": 8,
    "scenario_id": "scenario-471-spoofing_layering",
    "agent_id": "agent-spoofing_layering",
    "order_id": "scenario-471-spoofing_layering-agent-spoofing_layering-8",
    "action": "new",
    "side": "sell",
    "price": 65508.97318,
    "quantity": 0.5,
    "remaining_quantity": 0.5
  },
  {
    "event_id": "5745d2d8ab1372875e9458979dd5fdd0863853dd0fd84ce9698de8cefb089ae6",
    "schema_version": "1.0.0",
    "event_type": "agent_order",
    "source": "synthetic_agent",
    "symbol": "BTCUSDT",
    "exchange": "binance_usdm",
    "timestamp": "2024-05-01T00:00:00.450000Z",
    "sequence": 9,
    "scenario_id": "scenario-471-spoofing_layering",
    "agent_id": "agent-spoofing_layering",
    "order_id": "scenario-471-spoofing_layering-agent-spoofing_layering-9",
    "action": "new",
    "side": "sell",
    "price": 65509.62788999999,
    "quantity": 0.5,
    "remaining_quantity": 0.5
  },
  {
    "event_id": "34a087752440ce64ccbd041bff70f64b550f061445dd76313ed2e1593a685ebd",
    "schema_version": "1.0.0",
    "event_type": "agent_order",
    "source": "synthetic_agent",
    "symbol": "BTCUSDT",
    "exchange": "binance_usdm",
    "timestamp": "2024-05-01T00:00:00.500000Z",
    "sequence": 10,
    "scenario_id": "scenario-471-spoofing_layering",
    "agent_id": "agent-spoofing_layering",
    "order_id": "scenario-471-spoofing_layering-agent-spoofing_layering-10",
    "action": "new",
    "side": "sell",
    "price": 65510.2826,
    "quantity": 0.5,
    "remaining_quantity": 0.5
  },
  {
    "event_id": "1c6010c39afcce1bd18054a5b383dad4112b712c522a3799c2e9ee8da5296d13",
    "schema_version": "1.0.0",
    "event_type": "agent_order",
    "source": "synthetic_agent",
    "symbol": "BTCUSDT",
    "exchange": "binance_usdm",
    "timestamp": "2024-05-01T00:00:00.550000Z",
    "sequence": 11,
    "scenario_id": "scenario-471-spoofing_layering",
    "agent_id": "agent-spoofing_layering",
    "order_id": "scenario-471-spoofing_layering-agent-spoofing_layering-11",
    "action": "new",
    "side": "sell",
    "price": 65510.93731,
    "quantity": 0.5,
    "remaining_quantity": 0.5
  },
  {
    "event_id": "6eec885901f3d1314e3972aa638f54db2790b071fde35da98f50cb68dd5e6349",
    "schema_version": "1.0.0",
    "event_type": "agent_order",
    "source": "synthetic_agent",
    "symbol": "BTCUSDT",
    "exchange": "binance_usdm",
    "timestamp": "2024-05-01T00:00:00.600000Z",
    "sequence": 12,
    "scenario_id": "scenario-471-spoofing_layering",
    "agent_id": "agent-spoofing_layering",
    "order_id": "scenario-471-spoofing_layering-agent-spoofing_layering-12",
    "action": "new",
    "side": "sell",
    "price": 65511.59201999999,
    "quantity": 0.5,
    "remaining_quantity": 0.5
  },
  {
    "event_id": "c9ba9a7a0eb323d3181f77f350015e468ed85576f35bf35362e7adb933e688b0",
    "schema_version": "1.0.0",
    "event_type": "agent_order",
    "source": "synthetic_agent",
    "symbol": "BTCUSDT",
    "exchange": "binance_usdm",
    "timestamp": "2024-05-01T00:00:00.650000Z",
    "sequence": 13,
    "scenario_id": "scenario-471-spoofing_layering",
    "agent_id": "agent-spoofing_layering",
    "order_id": "scenario-471-spoofing_layering-agent-spoofing_layering-13",
    "action": "new",
    "side": "sell",
    "price": 65512.24672999999,
    "quantity": 0.5,
    "remaining_quantity": 0.5
  },
  {
    "event_id": "6a8ad00e35b760bd9d0fa0048e63a22d181a3991acfb8e6484f9cbdcdb61c308",
    "schema_version": "1.0.0",
    "event_type": "agent_order",
    "source": "synthetic_agent",
    "symbol": "BTCUSDT",
    "exchange": "binance_usdm",
    "timestamp": "2024-05-01T00:00:00.700000Z",
    "sequence": 14,
    "scenario_id": "scenario-471-spoofing_layering",
    "agent_id": "agent-spoofing_layering",
    "order_id": "scenario-471-spoofing_layering-agent-spoofing_layering-14",
    "action": "new",
    "side": "sell",
    "price": 65512.90144,
    "quantity": 0.5,
    "remaining_quantity": 0.5
  },
  {
    "event_id": "6a9f1071737e07e384558064997e6b49d0be909c8d6d210e46eeedfacaa4f43a",
    "schema_version": "1.0.0",
    "event_type": "agent_order",
    "source": "synthetic_agent",
    "symbol": "BTCUSDT",
    "exchange": "binance_usdm",
    "timestamp": "2024-05-01T00:00:00.750000Z",
    "sequence": 15,
    "scenario_id": "scenario-471-spoofing_layering",
    "agent_id": "agent-spoofing_layering",
    "order_id": "scenario-471-spoofing_layering-agent-spoofing_layering-15",
    "action": "new",
    "side": "sell",
    "price": 65513.556150000004,
    "quantity": 0.5,
    "remaining_quantity": 0.5
  },
  {
    "event_id": "0ec0283784a031f5dbc298ef5911cd4f58fe5858c82a014bca97e21dfd0deb88",
    "schema_version": "1.0.0",
    "event_type": "agent_order",
    "source": "synthetic_agent",
    "symbol": "BTCUSDT",
    "exchange": "binance_usdm",
    "timestamp": "2024-05-01T00:00:00.800000Z",
    "sequence": 16,
    "scenario_id": "scenario-471-spoofing_layering",
    "agent_id": "agent-spoofing_layering",
    "order_id": "scenario-471-spoofing_layering-agent-spoofing_layering-16",
    "action": "new",
    "side": "sell",
    "price": 65514.21085999999,
    "quantity": 0.5,
    "remaining_quantity": 0.5
  },
  {
    "event_id": "e474e95478eb54d59732aedeeae37f31fc61b01986b480f5dd75e14b0431a8f8",
    "schema_version": "1.0.0",
    "event_type": "agent_order",
    "source": "synthetic_agent",
    "symbol": "BTCUSDT",
    "exchange": "binance_usdm",
    "timestamp": "2024-05-01T00:00:00.850000Z",
    "sequence": 17,
    "scenario_id": "scenario-471-spoofing_layering",
    "agent_id": "agent-spoofing_layering",
    "order_id": "scenario-471-spoofing_layering-agent-spoofing_layering-17",
    "action": "new",
    "side": "sell",
    "price": 65514.865569999994,
    "quantity": 0.5,
    "remaining_quantity": 0.5
  },
  {
    "event_id": "c558a75c5d6703a8b25cfbabb05306984bc1df44e736c90cc9c5542b17496479",
    "schema_version": "1.0.0",
    "event_type": "agent_order",
    "source": "synthetic_agent",
    "symbol": "BTCUSDT",
    "exchange": "binance_usdm",
    "timestamp": "2024-05-01T00:00:00.900000Z",
    "sequence": 18,
    "scenario_id": "scenario-471-spoofing_layering",
    "agent_id": "agent-spoofing_layering",
    "order_id": "scenario-471-spoofing_layering-agent-spoofing_layering-18",
    "action": "new",
    "side": "sell",
    "price": 65515.520280000004,
    "quantity": 0.5,
    "remaining_quantity": 0.5
  },
  {
    "event_id": "0dc2e5a7253e9f3d15b1f4725e5082173aa9e334aa2d7409463217bfaa3d15fc",
    "schema_version": "1.0.0",
    "event_type": "agent_order",
    "source": "synthetic_agent",
    "symbol": "BTCUSDT",
    "exchange": "binance_usdm",
    "timestamp": "2024-05-01T00:00:00.950000Z",
    "sequence": 19,
    "scenario_id": "scenario-471-spoofing_layering",
    "agent_id": "agent-spoofing_layering",
    "order_id": "scenario-471-spoofing_layering-agent-spoofing_layering-19",
    "action": "new",
    "side": "sell",
    "price": 65516.17498999999,
    "quantity": 0.5,
    "remaining_quantity": 0.5
  },
  {
    "event_id": "7f2a4b4c89fa9cb35007eb9368f3118fe46d77b0755d9ec1bc28e601dbc06f75",
    "schema_version": "1.0.0",
    "event_type": "agent_order",
    "source": "synthetic_agent",
    "symbol": "BTCUSDT",
    "exchange": "binance_usdm",
    "timestamp": "2024-05-01T00:00:01Z",
    "sequence": 20,
    "scenario_id": "scenario-471-spoofing_layering",
    "agent_id": "agent-spoofing_layering",
    "order_id": "scenario-471-spoofing_layering-agent-spoofing_layering-20",
    "action": "new",
    "side": "sell",
    "price": 65516.829699999995,
    "quantity": 0.5,
    "remaining_quantity": 0.5
  },
  {
    "event_id": "d7d9380d8fa29511352bf86a2837e1978b9c00953aab786714c281c479505268",
    "schema_version": "1.0.0",
    "event_type": "agent_order",
    "source": "synthetic_agent",
    "symbol": "BTCUSDT",
    "exchange": "binance_usdm",
    "timestamp": "2024-05-01T00:00:01.050000Z",
    "sequence": 21,
    "scenario_id": "scenario-471-spoofing_layering",
    "agent_id": "agent-spoofing_layering",
    "order_id": "scenario-471-spoofing_layering-agent-spoofing_layering-21",
    "action": "new",
    "side": "sell",
    "price": 65517.48441,
    "quantity": 0.5,
    "remaining_quantity": 0.5
  },
  {
    "event_id": "fce98359a1ed26e3876a6a1e74e4afd7f964e9930e18a5dc5b78c280ac4925c7",
    "schema_version": "1.0.0",
    "event_type": "agent_order",
    "source": "synthetic_agent",
    "symbol": "BTCUSDT",
    "exchange": "binance_usdm",
    "timestamp": "2024-05-01T00:00:01.100000Z",
    "sequence": 22,
    "scenario_id": "scenario-471-spoofing_layering",
    "agent_id": "agent-spoofing_layering",
    "order_id": "scenario-471-spoofing_layering-agent-spoofing_layering-22",
    "action": "new",
    "side": "sell",
    "price": 65518.13912000001,
    "quantity": 0.5,
    "remaining_quantity": 0.5
  },
  {
    "event_id": "644f356572220c88e5712168f00eb9bf00d4f948c944c69a2b6426b6ab2301cd",
    "schema_version": "1.0.0",
    "event_type": "agent_order",
    "source": "synthetic_agent",
    "symbol": "BTCUSDT",
    "exchange": "binance_usdm",
    "timestamp": "2024-05-01T00:00:01.150000Z",
    "sequence": 23,
    "scenario_id": "scenario-471-spoofing_layering",
    "agent_id": "agent-spoofing_layering",
    "order_id": "scenario-471-spoofing_layering-agent-spoofing_layering-23",
    "action": "new",
    "side": "sell",
    "price": 65518.793829999995,
    "quantity": 0.5,
    "remaining_quantity": 0.5
  },
  {
    "event_id": "19495264058051e97dbede346ef7cdee5600b987fa381945fe0f8930eb484065",
    "schema_version": "1.0.0",
    "event_type": "agent_order",
    "source": "synthetic_agent",
    "symbol": "BTCUSDT",
    "exchange": "binance_usdm",
    "timestamp": "2024-05-01T00:00:01.200000Z",
    "sequence": 24,
    "scenario_id": "scenario-471-spoofing_layering",
    "agent_id": "agent-spoofing_layering",
    "order_id": "scenario-471-spoofing_layering-agent-spoofing_layering-24",
    "action": "new",
    "side": "sell",
    "price": 65519.44854,
    "quantity": 0.5,
    "remaining_quantity": 0.5
  },
  {
    "event_id": "14140b89693c39a49f056d80ffb76a9862d6da4e1091a94549bd199630947f80",
    "schema_version": "1.0.0",
    "event_type": "agent_order",
    "source": "synthetic_agent",
    "symbol": "BTCUSDT",
    "exchange": "binance_usdm",
    "timestamp": "2024-05-01T00:00:01.250000Z",
    "sequence": 25,
    "scenario_id": "scenario-471-spoofing_layering",
    "agent_id": "agent-spoofing_layering",
    "order_id": "scenario-471-spoofing_layering-agent-spoofing_layering-25",
    "action": "new",
    "side": "sell",
    "price": 65520.10325,
    "quantity": 0.5,
    "remaining_quantity": 0.5
  },
  {
    "event_id": "6d2f54c76ef639121cfbc171602e321df962dc35d3c9312b12073dbd75449a49",
    "schema_version": "1.0.0",
    "event_type": "agent_order",
    "source": "synthetic_agent",
    "symbol": "BTCUSDT",
    "exchange": "binance_usdm",
    "timestamp": "2024-05-01T00:00:01.300000Z",
    "sequence": 26,
    "scenario_id": "scenario-471-spoofing_layering",
    "agent_id": "agent-spoofing_layering",
    "order_id": "scenario-471-spoofing_layering-agent-spoofing_layering-26",
    "action": "new",
    "side": "sell",
    "price": 65520.75795999999,
    "quantity": 0.5,
    "remaining_quantity": 0.5
  },
  {
    "event_id": "86633d17b20169d68d8cf0ac2cc993f74ad265512d86994c424e5b15da30af64",
    "schema_version": "1.0.0",
    "event_type": "agent_order",
    "source": "synthetic_agent",
    "symbol": "BTCUSDT",
    "exchange": "binance_usdm",
    "timestamp": "2024-05-01T00:00:01.350000Z",
    "sequence": 27,
    "scenario_id": "scenario-471-spoofing_layering",
    "agent_id": "agent-spoofing_layering",
    "order_id": "scenario-471-spoofing_layering-agent-spoofing_layering-27",
    "action": "new",
    "side": "sell",
    "price": 65521.41267,
    "quantity": 0.5,
    "remaining_quantity": 0.5
  },
  {
    "event_id": "498fab29946df3275d6ac811e76917b0bb82dcdf200b58505dabefa68a1edbfe",
    "schema_version": "1.0.0",
    "event_type": "agent_order",
    "source": "synthetic_agent",
    "symbol": "BTCUSDT",
    "exchange": "binance_usdm",
    "timestamp": "2024-05-01T00:00:01.400000Z",
    "sequence": 28,
    "scenario_id": "scenario-471-spoofing_layering",
    "agent_id": "agent-spoofing_layering",
    "order_id": "scenario-471-spoofing_layering-agent-spoofing_layering-28",
    "action": "new",
    "side": "sell",
    "price": 65522.06738,
    "quantity": 0.5,
    "remaining_quantity": 0.5
  },
  {
    "event_id": "0d2629da21502326936b7022cfd00c9ab64ee66ebf9658e0e4289e56604b7f24",
    "schema_version": "1.0.0",
    "event_type": "agent_order",
    "source": "synthetic_agent",
    "symbol": "BTCUSDT",
    "exchange": "binance_usdm",
    "timestamp": "2024-05-01T00:00:01.450000Z",
    "sequence": 29,
    "scenario_id": "scenario-471-spoofing_layering",
    "agent_id": "agent-spoofing_layering",
    "order_id": "scenario-471-spoofing_layering-agent-spoofing_layering-29",
    "action": "new",
    "side": "sell",
    "price": 65522.72208999999,
    "quantity": 0.5,
    "remaining_quantity": 0.5
  }
]