[
  {
    "event_id": "9d8bf398c2f065fffc14669b02d41218d83971219d987b3d613d18f5334534d4",
    "schema_version": "1.0.0",
    "event_type": "agent_order",
    "source": "synthetic_agent",
    "symbol": "BTCUSDT",
    "exchange": "binance_usdm",
    "timestamp": "2024-05-01T00:00:00Z",
    "sequence": 0,
    "scenario_id": "scenario-113-momentum_ignition",
    "agent_id": "agent-momentum_ignition",
    "order_id": "scenario-113-momentum_ignition-agent-momentum_ignition-0",
    "action": "new",
    "side": "buy",
    "price": 65178.11299999999,
    "quantity": 0.08,
    "remaining_quantity": 0.08
  },
  {
    "event_id": "8f7e7bf67c31aee30053ec88bf47dcd2eca8a4e2c3736325cd3f0db62b612dfe",
    "schema_version": "1.0.0",
    "event_type": "agent_order",
    "source": "synthetic_agent",
    "symbol": "BTCUSDT",
    "exchange": "binance_usdm",
    "timestamp": "2024-05-01T00:00:00.080000Z",
    "sequence": 1,
    "scenario_id": "scenario-113-momentum_ignition",
    "agent_id": "agent-momentum_ignition",
    "order_id": "scenario-113-momentum_ignition-agent-momentum_ignition-1",
    "action": "new",
    "side": "buy",
    "price": 65179.41525999999,
    "quantity": 0.08,
    "remaining_quantity": 0.08
  },
  {
    "event_id": "bbf5799ba319f9a903e0b60f9b81a0e823478bd1b301cc0eed286f32460a008f",
    "schema_version": "1.0.0",
    "event_type": "agent_order",
    "source": "synthetic_agent",
    "symbol": "BTCUSDT",
    "exchange": "binance_usdm",
    "timestamp": "2024-05-01T00:00:00.160000Z",
    "sequence": 2,
    "scenario_id": "scenario-113-momentum_ignition",
    "agent_id": "agent-momentum_ignition",
    "order_id": "scenario-113-momentum_ignition-agent-momentum_ignition-2",
    "action": "new",
    "side": "buy",
    "price": 65180.71752,
    "quantity": 0.08,
    "remaining_quantity": 0.08
  },
  {
    "event_id": "c86f81aa690db23c692026e39439a0b07a96d5d8403fb9e33d3da4e71cd68347",
    "schema_version": "1.0.0",
    "event_type": "agent_order",
    "source": "synthetic_agent",
    "symbol": "BTCUSDT",
    "exchange": "binance_usdm",
    "timestamp": "2024-05-01T00:00:00.240000Z",
    "sequence": 3,
    "scenario_id": "scenario-113-momentum_ignition",
    "agent_id": "agent-momentum_ignition",
    "order_id": "scenario-113-momentum_ignition-agent-momentum_ignition-3",
    "action": "new",
    "side": "buy",
    "price": 65182.01977999999,
    "quantity": 0.08,
    "remaining_quantity": 0.08
  },
  {
    "event_id": "11239ab2681fbeb736b4902d7dd48314adea3fc536881429bfd66306f7de07ea",
    "schema_version": "1.0.0",
    "event_type": "agent_order",
    "source": "synthetic_agent",
    "symbol": "BTCUSDT",
    "exchange": "binance_usdm",
    "timestamp": "2024-05-01T00:00:00.320000Z",
    "sequence": 4,
    "scenario_id": "scenario-113-momentum_ignition",
    "agent_id": "agent-momentum_ignition",
    "order_id": "scenario-113-momentum_ignition-agent-momentum_ignition-4",
    "action": "new",
    "side": "buy",
    "price": 65183.32204,
    "quantity": 0.08,
    "remaining_quantity": 0.08
  },
  {
    "event_id": "b078cbcf95889493515b3f93914e38a39c3c417ebf1f600f2b807758785be2ad",
    "schema_version": "1.0.0",
    "event_type": "agent_order",
    "source": "synthetic_agent",
    "symbol": "BTCUSDT",
    "exchange": "binance_usdm",
    "timestamp": "2024-05-01T00:00:00.400000Z",
    "sequence": 5,
    "scenario_id": "scenario-113-momentum_ignition",
    "agent_id": "agent-momentum_ignition",
    "order_id": "scenario-113-momentum_ignition-agent-momentum_ignition-5",
    "action": "new",
    "side": "buy",
    "price": 65184.62429999999,
    "quantity": 0.08,
    "remaining_quantity": 0.08
  },
  {
    "event_id": "593bab467c4d1d9f2698ec17fc9a86fb4ade03a837f3e1f73c9eb9230377a15f",
    "schema_version": "1.0.0",
    "event_type": "agent_order",
    "source": "synthetic_agent",
    "symbol": "BTCUSDT",
    "exchange": "binance_usdm",
    "timestamp": "2024-05-01T00:00:00.480000Z",
    "sequence": 6,
    "scenario_id": "scenario-113-momentum_ignition",
    "agent_id": "agent-momentum_ignition",
    "order_id": "scenario-113-momentum_ignition-agent-momentum_ignition-6",
    "action": "new",
    "side": "buy",
    "price": 65185.926559999985,
    "quantity": 0.08,
    "remaining_quantity": 0.08
  },
  {
    "event_id": "e370e0cf0cb4318220383416de2228eff25df596798fa9c09ecda1a7f05670e1",
    "schema_version": "1.0.0",
    "event_type": "agent_order",
    "source": "synthetic_agent",
    "symbol": "BTCUSDT",
    "exchange": "binance_usdm",
    "timestamp": "2024-05-01T00:00:00.560000Z",
    "sequence": 7,
    "scenario_id": "scenario-113-momentum_ignition",
    "agent_id": "agent-momentum_ignition",
    "order_id": "scenario-113-momentum_ignition-agent-momentum_ignition-7",
    "action": "new",
    "side": "buy",
    "price": 65187.22882,
    "quantity": 0.08,
    "remaining_quantity": 0.08
  },
  {
    "event_id": "74187fd69b7e80a204916d395c915c56cea0dded416fbb0b4d53695a855b382d",
    "schema_version": "1.0.0",
    "event_type": "agent_order",
    "source": "synthetic_agent",
    "symbol": "BTCUSDT",
    "exchange": "binance_usdm",
    "timestamp": "2024-05-01T00:00:00.640000Z",
    "sequence": 8,
    "scenario_id": "scenario-113-momentum_ignition",
    "agent_id": "agent-momentum_ignition",
    "order_id": "scenario-113-momentum_ignition-agent-momentum_ignition-8",
    "action": "new",
    "side": "buy",
    "price": 65188.531079999986,
    "quantity": 0.08,
    "remaining_quantity": 0.08
  },
  {
    "event_id": "b81814de9c9694e89f5945f8e8420e0597204feef9f5a8bdb063f8e8b29406e1",
    "schema_version": "1.0.0",
    "event_type": "agent_order",
    "source": "synthetic_agent",
    "symbol": "BTCUSDT",
    "exchange": "binance_usdm",
    "timestamp": "2024-05-01T00:00:00.720000Z",
    "sequence": 9,
    "scenario_id": "scenario-113-momentum_ignition",
    "agent_id": "agent-momentum_ignition",
    "order_id": "scenario-113-momentum_ignition-agent-momentum_ignition-9",
    "action": "new",
    "side": "buy",
    "price": 65189.83334,
    "quantity": 0.08,
    "remaining_quantity": 0.08
  },
  {
    "event_id": "03d909339fd4e69a54af303d7d879e82bc0b6c65fc4cd7250479f4a4a8adaaa4",
    "schema_version": "1.0.0",
    "event_type": "agent_order",
    "source": "synthetic_agent",
    "symbol": "BTCUSDT",
    "exchange": "binance_usdm",
    "timestamp": "2024-05-01T00:00:00.800000Z",
    "sequence": 10,
    "scenario_id": "scenario-113-momentum_ignition",
    "agent_id": "agent-momentum_ignition",
    "order_id": "scenario-113-momentum_ignition-agent-momentum_ignition-10",
    "action": "new",
    "side": "buy",
    "price": 65191.135599999994,
    "quantity": 0.08,
    "remaining_quantity": 0.08
  },
  {
    "event_id": "7a5250722782e41ea4516d3385c57788b4c64ed3a80fab26f67d06e0342b57cd",
    "schema_version": "1.0.0",
    "event_type": "agent_order",
    "source": "synthetic_agent",
    "symbol": "BTCUSDT",
    "exchange": "binance_usdm",
    "timestamp": "2024-05-01T00:00:00.880000Z",
    "sequence": 11,
    "scenario_id": "scenario-113-momentum_ignition",
    "agent_id": "agent-momentum_ignition",
    "order_id": "scenario-113-momentum_ignition-agent-momentum_ignition-11",
    "action": "new",
    "side": "buy",
    "price": 65192.43786,
    "quantity": 0.08,
    "remaining_quantity": 0.08
  },
  {
    "event_id": "8a6f47f67ef9ce5f760759b62c0222d00e7226c4fe36ad64cb753ecabc0ff439",
    "schema_version": "1.0.0",
    "event_type": "agent_order",
    "source": "synthetic_agent",
    "symbol": "BTCUSDT",
    "exchange": "binance_usdm",
    "timestamp": "2024-05-01T00:00:00.960000Z",
    "sequence": 12,
    "scenario_id": "scenario-113-momentum_ignition",
    "agent_id": "agent-momentum_ignition",
    "order_id": "scenario-113-momentum_ignition-agent-momentum_ignition-12",
    "action": "new",
    "side": "buy",
    "price": 65193.740119999995,
    "quantity": 0.08,
    "remaining_quantity": 0.08
  },
  {
    "event_id": "657cc2de0ad8d35e7b5df054e01b7a65849ad0b332c01b87295a9aece06245ab",
    "schema_version": "1.0.0",
    "event_type": "agent_order",
    "source": "synthetic_agent",
    "symbol": "BTCUSDT",
    "exchange": "binance_usdm",
    "timestamp": "2024-05-01T00:00:01.040000Z",
    "sequence": 13,
    "scenario_id": "scenario-113-momentum_ignition",
    "agent_id": "agent-momentum_ignition",
    "order_id": "scenario-113-momentum_ignition-agent-momentum_ignition-13",
    "action": "new",
    "side": "buy",
    "price": 65195.04237999999,
    "quantity": 0.08,
    "remaining_quantity": 0.08
  },
  {
    "event_id": "0ddfe1820ff503e150fd6e11a6987ad12a5a628f4cf7ff4b82bc83d9367164d9",
    "schema_version": "1.0.0",
    "event_type": "agent_order",
    "source": "synthetic_agent",
    "symbol": "BTCUSDT",
    "exchange": "binance_usdm",
    "timestamp": "2024-05-01T00:00:01.120000Z",
    "sequence": 14,
    "scenario_id": "scenario-113-momentum_ignition",
    "agent_id": "agent-momentum_ignition",
    "order_id": "scenario-113-momentum_ignition-agent-momentum_ignition-14",
    "action": "new",
    "side": "buy",
    "price": 65196.344639999996,
    "quantity": 0.08,
    "remaining_quantity": 0.08
  },
  {
    "event_id": "88eda1da34e3ce2b80685174fb9b1a94e5219e926802ffd321770b0e1c648096",
    "schema_version": "1.0.0",
    "event_type": "agent_order",
    "source": "synthetic_agent",
    "symbol": "BTCUSDT",
    "exchange": "binance_usdm",
    "timestamp": "2024-05-01T00:00:01.200000Z",
    "sequence": 15,
    "scenario_id": "scenario-113-momentum_ignition",
    "agent_id": "agent-momentum_ignition",
    "order_id": "scenario-113-momentum_ignition-agent-momentum_ignition-15",
    "action": "new",
    "side": "buy",
    "price": 65197.64689999999,
    "quantity": 0.08,
    "remaining_quantity": 0.08
  },
  {
    "event_id": "dc21afcaedf33b80f44ff6d0b52be8367e80efb9c75c22f1abeeae5e7b02ffd3",
    "schema_version": "1.0.0",
    "event_type": "agent_order",
    "source": "synthetic_agent",
    "symbol": "BTCUSDT",
    "exchange": "binance_usdm",
    "timestamp": "2024-05-01T00:00:01.280000Z",
    "sequence": 16,
    "scenario_id": "scenario-113-momentum_ignition",
    "agent_id": "agent-momentum_ignition",
    "order_id": "scenario-113-momentum_ignition-agent-momentum_ignition-16",
    "action": "new",
    "side": "buy",
    "price": 65198.94916,
    "quantity": 0.08,
    "remaining_quantity": 0.08
  },
  {
    "event_id": "fd82d9bd093c34c215375aaa6ba29143f4459b256734170cec7defc205ef6947",
    "schema_version": "1.0.0",
    "event_type": "agent_order",
    "source": "synthetic_agent",
    "symbol": "BTCUSDT",
    "exchange": "binance_usdm",
    "timestamp": "2024-05-01T00:00:01.360000Z",
    "sequence": 17,
    "scenario_id": "scenario-113-momentum_ignition",
    "agent_id": "agent-momentum_ignition",
    "order_id": "scenario-113-momentum_ignition-agent-momentum_ignition-17",
    "action": "new",
    "side": "buy",
    "price": 65200.25141999999,
    "quantity": 0.08,
    "remaining_quantity": 0.08
  },
  {
    "event_id": "62dd7539aa6f9d920f373996d86776551a5418566b34108358bd099bd3ced440",
    "schema_version": "1.0.0",
    "event_type": "agent_order",
    "source": "synthetic_agent",
    "symbol": "BTCUSDT",
    "exchange": "binance_usdm",
    "timestamp": "2024-05-01T00:00:01.440000Z",
    "sequence": 18,
    "scenario_id": "scenario-113-momentum_ignition",
    "agent_id": "agent-momentum_ignition",
    "order_id": "scenario-113-momentum_ignition-agent-momentum_ignition-18",
    "action": "new",
    "side": "buy",
    "price": 65201.55367999999,
    "quantity": 0.08,
    "remaining_quantity": 0.08
  },
  {
    "event_id": "e11847e2c303620985721fd7d89d1b9597a9f673f18cb768225f8236fce25bda",
    "schema_version": "1.0.0",
    "event_type": "agent_order",
    "source": "synthetic_agent",
    "symbol": "BTCUSDT",
    "exchange": "binance_usdm",
    "timestamp": "2024-05-01T00:00:01.520000Z",
    "sequence": 19,
    "scenario_id": "scenario-113-momentum_ignition",
    "agent_id": "agent-momentum_ignition",
    "order_id": "scenario-113-momentum_ignition-agent-momentum_ignition-19",
    "action": "new",
    "side": "buy",
    "price": 65202.855939999994,
    "quantity": 0.08,
    "remaining_quantity": 0.08
  },
  {
    "event_id": "f694834322d455e519589878935c4748f00657db25230e220cc01ee57e9961a8",
    "schema_version": "1.0.0",
    "event_type": "agent_order",
    "source": "synthetic_agent",
    "symbol": "BTCUSDT",
    "exchange": "binance_usdm",
    "timestamp": "2024-05-01T00:00:01.600000Z",
    "sequence": 20,
    "scenario_id": "scenario-113-momentum_ignition",
    "agent_id": "agent-momentum_ignition",
    "order_id": "scenario-113-momentum_ignition-agent-momentum_ignition-20",
    "action": "new",
    "side": "buy",
    "price": 65204.15819999999,
    "quantity": 0.08,
    "remaining_quantity": 0.08
  },
  {
    "event_id": "73eec24fca9a4a21548f1967c88def74e2a35d7a333dca98d97780d6712cef7e",
    "schema_version": "1.0.0",
    "event_type": "agent_order",
    "source": "synthetic_agent",
    "symbol": "BTCUSDT",
    "exchange": "binance_usdm",
    "timestamp": "2024-05-01T00:00:01.680000Z",
    "sequence": 21,
    "scenario_id": "scenario-113-momentum_ignition",
    "agent_id": "agent-momentum_ignition",
    "order_id": "scenario-113-momentum_ignition-agent-momentum_ignition-21",
    "action": "new",
    "side": "buy",
    "price": 65205.46046,
    "quantity": 0.08,
    "remaining_quantity": 0.08
  },
  {
    "event_id": "36707778357f50abaf4514f785dff3f09eb29cbd80052ff1f54a59dac2b96e94",
    "schema_version": "1.0.0",
    "event_type": "agent_order",
    "source": "synthetic_agent",
    "symbol": "BTCUSDT",
    "exchange": "binance_usdm",
    "timestamp": "2024-05-01T00:00:01.760000Z",
    "sequence": 22,
    "scenario_id": "scenario-113-momentum_ignition",
    "agent_id": "agent-momentum_ignition",
    "order_id": "scenario-113-momentum_ignition-agent-momentum_ignition-22",
    "action": "new",
    "side": "buy",
    "price": 65206.76271999999,
    "quantity": 0.08,
    "remaining_quantity": 0.08
  },
  {
    "event_id": "250bdc1ce6d4f74e8b28765f57f4c80b7bf3d70821d881bb594413836d55fd86",
    "schema_version": "1.0.0",
    "event_type": "agent_order",
    "source": "synthetic_agent",
    "symbol": "BTCUSDT",
    "exchange": "binance_usdm",
    "timestamp": "2024-05-01T00:00:01.840000Z",
    "sequence": 23,
    "scenario_id": "scenario-113-momentum_ignition",
    "agent_id": "agent-momentum_ignition",
    "order_id": "scenario-113-momentum_ignition-agent-momentum_ignition-23",
    "action": "new",
    "side": "buy",
    "price": 65208.06497999999,
    "quantity": 0.08,
    "remaining_quantity": 0.08
  },
  {
    "event_id": "1ebe4f2c3964a85b3d7e249f361b52709419f6b237ea8ee704e21674413435ea",
    "schema_version": "1.0.0",
    "event_type": "agent_order",
    "source": "synthetic_agent",
    "symbol": "BTCUSDT",
    "exchange": "binance_usdm",
    "timestamp": "2024-05-01T00:00:01.920000Z",
    "sequence": 24,
    "scenario_id": "scenario-113-momentum_ignition",
    "agent_id": "agent-momentum_ignition",
    "order_id": "scenario-113-momentum_ignition-agent-momentum_ignition-24",
    "action": "new",
    "side": "buy",
    "price": 65209.36723999999,
    "quantity": 0.08,
    "remaining_quantity": 0.08
  },
  {
    "event_id": "ddcb813ceaa8a45a1674931497573826245d6fd657512d561cc735f9d2ee964b",
    "schema_version": "1.0.0",
    "event_type": "agent_order",
    "source": "synthetic_agent",
    "symbol": "BTCUSDT",
    "exchange": "binance_usdm",
    "timestamp": "2024-05-01T00:00:02Z",
    "sequence": 25,
    "scenario_id": "scenario-113-momentum_ignition",
    "agent_id": "agent-momentum_ignition",
    "order_id": "scenario-113-momentum_ignition-agent-momentum_ignition-25",
    "action": "new",
    "side": "buy",
    "price": 65210.66949999999,
    "quantity": 0.08,
    "remaining_quantity": 0.08
  },
  {
    "event_id": "4bdeda6528d3ee2807c192fd6af58a2cf5cf87a140f53c1737d77345917aa3db",
    "schema_version": "1.0.0",
    "event_type": "agent_order",
    "source": "synthetic_agent",
    "symbol": "BTCUSDT",
    "exchange": "binance_usdm",
    "timestamp": "2024-05-01T00:00:02.080000Z",
    "sequence": 26,
    "scenario_id": "scenario-113-momentum_ignition",
    "agent_id": "agent-momentum_ignition",
    "order_id": "scenario-113-momentum_ignition-agent-momentum_ignition-26",
    "action": "new",
    "side": "buy",
    "price": 65211.97176,
    "quantity": 0.08,
    "remaining_quantity": 0.08
  },
  {
    "event_id": "8672a8f7870a531f63635e4bbdfbeef81c98284dac2f885cb5b962863911038e",
    "schema_version": "1.0.0",
    "event_type": "agent_order",
    "source": "synthetic_agent",
    "symbol": "BTCUSDT",
    "exchange": "binance_usdm",
    "timestamp": "2024-05-01T00:00:02.160000Z",
    "sequence": 27,
    "scenario_id": "scenario-113-momentum_ignition",
    "agent_id": "agent-momentum_ignition",
    "order_id": "scenario-113-momentum_ignition-agent-momentum_ignition-27",
    "action": "new",
    "side": "buy",
    "price": 65213.27401999999,
    "quantity": 0.08,
    "remaining_quantity": 0.08
  },
  {
    "event_id": "4e7bd4954778663206f6f8d6c91cc4a7f43aaa49df53103f7c277a27d0ba7e04",
    "schema_version": "1.0.0",
    "event_type": "agent_order",
    "source": "synthetic_agent",
    "symbol": "BTCUSDT",
    "exchange": "binance_usdm",
    "timestamp": "2024-05-01T00:00:02.240000Z",
    "sequence": 28,
    "scenario_id": "scenario-113-momentum_ignition",
    "agent_id": "agent-momentum_ignition",
    "order_id": "scenario-113-momentum_ignition-agent-momentum_ignition-28",
    "action": "new",
    "side": "buy",
    "price": 65214.57627999999,
    "quantity": 0.08,
    "remaining_quantity": 0.08
  },
  {
    "event_id": "cc4ed0fc7356a47d6968d3e51b7e5b7dc171ffe5efa92b3865144e97ba8a782b",
    "schema_version": "1.0.0",
    "event_type": "agent_order",
    "source": "synthetic_agent",
    "symbol": "BTCUSDT",
    "exchange": "binance_usdm",
    "timestamp": "2024-05-01T00:00:02.320000Z",
    "sequence": 29,
    "scenario_id": "scenario-113-momentum_ignition",
    "agent_id": "agent-momentum_ignition",
    "order_id": "scenario-113-momentum_ignition-agent-momentum_ignition-29",
    "action": "new",
    "side": "buy",
    "price": 65215.87854,
    "quantity": 0.08,
    "remaining_quantity": 0.08
  }
]