[
  {
    "event_id": "f0a1eec15caaa710b142e1c64224766b8a82c7947fe7a15cbb577b2ef0fa00ad",
    "schema_version": "1.0.0",
    "event_type": "agent_order",
    "source": "synthetic_agent",
    "symbol": "BTCUSDT",
    "exchange": "binance_usdm",
    "timestamp": "2024-05-01T00:00:00Z",
    "sequence": 0,
    "scenario_id": "scenario-392-latency_edge",
    "agent_id": "agent-latency_edge",
    "order_id": "scenario-392-latency_edge-agent-latency_edge-0",
    "action": "new",
    "side": "buy",
    "price": 65431.235199999996,
    "quantity": 0.006,
    "remaining_quantity": 0.006
  },
  {
    "event_id": "039f8c8fbddab729f90df82ff8b0f0b6770e5b98088aa28cd29cf6cbf41835a5",
    "schema_version": "1.0.0",
    "event_type": "agent_order",
    "source": "synthetic_agent",
    "symbol": "BTCUSDT",
    "exchange": "binance_usdm",
    "timestamp": "2024-05-01T00:00:00.008000Z",
    "sequence": 1,
    "scenario_id": "scenario-392-latency_edge",
    "agent_id": "agent-latency_edge",
    "order_id": "scenario-392-latency_edge-agent-latency_edge-1",
    "action": "new",
    "side": "buy",
    "price": 65431.235199999996,
    "quantity": 0.006,
    "remaining_quantity": 0.006
  },
  {
    "event_id": "8ab9257513bad902074b00027592d550d01e9ae10c58f21690689f6c56462655",
    "schema_version": "1.0.0",
    "event_type": "agent_order",
    "source": "synthetic_agent",
    "symbol": "BTCUSDT",
    "exchange": "binance_usdm",
    "timestamp": "2024-05-01T00:00:00.016000Z",
    "sequence": 2,
    "scenario_id": "scenario-392-latency_edge",
    "agent_id": "agent-latency_edge",
    "order_id": "scenario-392-latency_edge-agent-latency_edge-2",
    "action": "new",
    "side": "sell",
    "price": 65352.7648,
    "quantity": 0.006,
    "remaining_quantity": 0.006
  },
  {
    "event_id": "96f28220b1bd346ee19c18a052987b9f44487a72e779379b262c7323c61ce0d7",
    "schema_version": "1.0.0",
    "event_type": "agent_order",
    "source": "synthetic_agent",
    "symbol": "BTCUSDT",
    "exchange": "binance_usdm",
    "timestamp": "2024-05-01T00:00:00.024000Z",
    "sequence": 3,
    "scenario_id": "scenario-392-latency_edge",
    "agent_id": "agent-latency_edge",
    "order_id": "scenario-392-latency_edge-agent-latency_edge-3",
    "action": "new",
    "side": "sell",
    "price": 65352.7648,
    "quantity": 0.006,
    "remaining_quantity": 0.006
  },
  {
    "event_id": "564474019b298ecdcf10a1b458ea24571d0ab7f5ca6ef9c6bc5c30ad815c4aee",
    "schema_version": "1.0.0",
    "event_type": "agent_order",
    "source": "synthetic_agent",
    "symbol": "BTCUSDT",
    "exchange": "binance_usdm",
    "timestamp": "2024-05-01T00:00:00.032000Z",
    "sequence": 4,
    "scenario_id": "scenario-392-latency_edge",
    "agent_id": "agent-latency_edge",
    "order_id": "scenario-392-latency_edge-agent-latency_edge-4",
    "action": "new",
    "side": "buy",
    "price": 65431.235199999996,
    "quantity": 0.006,
    "remaining_quantity": 0.006
  },
  {
    "event_id": "48c692da4e6b7e5fd64f2cadcfc0bfc96500ffbe4ef025b1a8730a8f376bed60",
    "schema_version": "1.0.0",
    "event_type": "agent_order",
    "source": "synthetic_agent",
    "symbol": "BTCUSDT",
    "exchange": "binance_usdm",
    "timestamp": "2024-05-01T00:00:00.040000Z",
    "sequence": 5,
    "scenario_id": "scenario-392-latency_edge",
    "agent_id": "agent-latency_edge",
    "order_id": "scenario-392-latency_edge-agent-latency_edge-5",
    "action": "new",
    "side": "buy",
    "price": 65431.235199999996,
    "quantity": 0.006,
    "remaining_quantity": 0.006
  },
  {
    "event_id": "03aabf469393f154d35c20acfc7e36073cea2c3bf5b191d70bc12d03a3f511b2",
    "schema_version": "1.0.0",
    "event_type": "agent_order",
    "source": "synthetic_agent",
    "symbol": "BTCUSDT",
    "exchange": "binance_usdm",
    "timestamp": "2024-05-01T00:00:00.048000Z",
    "sequence": 6,
    "scenario_id": "scenario-392-latency_edge",
    "agent_id": "agent-latency_edge",
    "order_id": "scenario-392-latency_edge-agent-latency_edge-6",
    "action": "new",
    "side": "sell",
    "price": 65352.7648,
    "quantity": 0.006,
    "remaining_quantity": 0.006
  },
  {
    "event_id": "a765fbf4b6e66ba4564a95046dad10a77152c4a3778bfcce71f992ce9c557755",
    "schema_version": "1.0.0",
    "event_type": "agent_order",
    "source": "synthetic_agent",
    "symbol": "BTCUSDT",
    "exchange": "binance_usdm",
    "timestamp": "2024-05-01T00:00:00.056000Z",
    "sequence": 7,
    "scenario_id": "scenario-392-latency_edge",
    "agent_id": "agent-latency_edge",
    "order_id": "scenario-392-latency_edge-agent-latency_edge-7",
    "action": "new",
    "side": "sell",
    "price": 65352.7648,
    "quantity": 0.006,
    "remaining_quantity": 0.006
  },
  {
    "event_id": "b60d8334d811b28c8bba25ec699461708fe99ecffc24cb9b551b0e3f1f236984",
    "schema_version": "1.0.0",
    "event_type": "agent_order",
    "source": "synthetic_agent",
    "symbol": "BTCUSDT",
    "exchange": "binance_usdm",
    "timestamp": "2024-05-01T00:00:00.064000Z",
    "sequence": 8,
    "scenario_id": "scenario-392-latency_edge",
    "agent_id": "agent-latency_edge",
    "order_id": "scenario-392-latency_edge-agent-latency_edge-8",
    "action": "new",
    "side": "buy",
    "price": 65431.235199999996,
    "quantity": 0.006,
    "remaining_quantity": 0.006
  },
  {
    "event_id": "20e9891809a27fafbc92a8d334b9f10470d17ab4a4899e4920ce1a5cac087379",
    "schema_version": "1.0.0",
    "event_type": "agent_order",
    "source": "synthetic_agent",
    "symbol": "BTCUSDT",
    "exchange": "binance_usdm",
    "timestamp": "2024-05-01T00:00:00.072000Z",
    "sequence": 9,
    "scenario_id": "scenario-392-latency_edge",
    "agent_id": "agent-latency_edge",
    "order_id": "scenario-392-latency_edge-agent-latency_edge-9",
    "action": "new",
    "side": "buy",
    "price": 65431.235199999996,
    "quantity": 0.006,
    "remaining_quantity": 0.006
  },
  {
    "event_id": "b826e96e7b8691f6784b76c6370ee7521fd9fd79a242ad576e573cbfd2153770",
    "schema_version": "1.0.0",
    "event_type": "agent_order",
    "source": "synthetic_agent",
    "symbol": "BTCUSDT",
    "exchange": "binance_usdm",
    "timestamp": "2024-05-01T00:00:00.080000Z",
    "sequence": 10,
    "scenario_id": "scenario-392-latency_edge",
    "agent_id": "agent-latency_edge",
    "order_id": "scenario-392-latency_edge-agent-latency_edge-10",
    "action": "new",
    "side": "sell",
    "price": 65352.7648,
    "quantity": 0.006,
    "remaining_quantity": 0.006
  },
  {
    "event_id": "d72be23775b73db74569faec4da0165a64e4e132e868c87efb58771efb0cf646",
    "schema_version": "1.0.0",
    "event_type": "agent_order",
    "source": "synthetic_agent",
    "symbol": "BTCUSDT",
    "exchange": "binance_usdm",
    "timestamp": "2024-05-01T00:00:00.088000Z",
    "sequence": 11,
    "scenario_id": "scenario-392-latency_edge",
    "agent_id": "agent-latency_edge",
    "order_id": "scenario-392-latency_edge-agent-latency_edge-11",
    "action": "new",
    "side": "sell",
    "price": 65352.7648,
    "quantity": 0.006,
    "remaining_quantity": 0.006
  },
  {
    "event_id": "1655b55d18cd7ecfde1c2a9bad24b2d983ca55929deb514eeecce7c846decc2b",
    "schema_version": "1.0.0",
    "event_type": "agent_order",
    "source": "synthetic_agent",
    "symbol": "BTCUSDT",
    "exchange": "binance_usdm",
    "timestamp": "2024-05-01T00:00:00.096000Z",
    "sequence": 12,
    "scenario_id": "scenario-392-latency_edge",
    "agent_id": "agent-latency_edge",
    "order_id": "scenario-392-latency_edge-agent-latency_edge-12",
    "action": "new",
    "side": "buy",
    "price": 65431.235199999996,
    "quantity": 0.006,
    "remaining_quantity": 0.006
  },
  {
    "event_id": "c7daf6a4c3f64ee1a844edb3fd07518db2f9c6b0c889824f68afa5b7e03f5865",
    "schema_version": "1.0.0",
    "event_type": "agent_order",
    "source": "synthetic_agent",
    "symbol": "BTCUSDT",
    "exchange": "binance_usdm",
    "timestamp": "2024-05-01T00:00:00.104000Z",
    "sequence": 13,
    "scenario_id": "scenario-392-latency_edge",
    "agent_id": "agent-latency_edge",
    "order_id": "scenario-392-latency_edge-agent-latency_edge-13",
    "action": "new",
    "side": "buy",
    "price": 65431.235199999996,
    "quantity": 0.006,
    "remaining_quantity": 0.006
  },
  {
    "event_id": "65e00e2b69f431d18b176b8d50968dde67c73a3a3c70cbdbd08dd17e9fd12f23",
    "schema_version": "1.0.0",
    "event_type": "agent_order",
    "source": "synthetic_agent",
    "symbol": "BTCUSDT",
    "exchange": "binance_usdm",
    "timestamp": "2024-05-01T00:00:00.112000Z",
    "sequence": 14,
    "scenario_id": "scenario-392-latency_edge",
    "agent_id": "agent-latency_edge",
    "order_id": "scenario-392-latency_edge-agent-latency_edge-14",
    "action": "new",
    "side": "sell",
    "price": 65352.7648,
    "quantity": 0.006,
    "remaining_quantity": 0.006
  },
  {
    "event_id": "727a3ad2f4934a75fcdb99e1a83a4721cf8caa1f2a52467f718b607068f8e660",
    "schema_version": "1.0.0",
    "event_type": "agent_order",
    "source": "synthetic_agent",
    "symbol": "BTCUSDT",
    "exchange": "binance_usdm",
    "timestamp": "2024-05-01T00:00:00.120000Z",
    "sequence": 15,
    "scenario_id": "scenario-392-latency_edge",
    "agent_id": "agent-latency_edge",
    "order_id": "scenario-392-latency_edge-agent-latency_edge-15",
    "action": "new",
    "side": "sell",
    "price": 65352.7648,
    "quantity": 0.006,
    "remaining_quantity": 0.006
  },
  {
    "event_id": "4bf1a7a450ba1bcd8cbff4301f70ab1ea3828d3cd49d0f4445aa97e909c7315c",
    "schema_version": "1.0.0",
    "event_type": "agent_order",
    "source": "synthetic_agent",
    "symbol": "BTCUSDT",
    "exchange": "binance_usdm",
    "timestamp": "2024-05-01T00:00:00.128000Z",
    "sequence": 16,
    "scenario_id": "scenario-392-latency_edge",
    "agent_id": "agent-latency_edge",
    "order_id": "scenario-392-latency_edge-agent-latency_edge-16",
    "action": "new",
    "side": "buy",
    "price": 65431.235199999996,
    "quantity": 0.006,
    "remaining_quantity": 0.006
  },
  {
    "event_id": "463676206e7ff08513c22dfc224e2de4a0d08ed63ebdad4d90f1bd14de9c1a1f",
    "schema_version": "1.0.0",
    "event_type": "agent_order",
    "source": "synthetic_agent",
    "symbol": "BTCUSDT",
    "exchange": "binance_usdm",
    "timestamp": "2024-05-01T00:00:00.136000Z",
    "sequence": 17,
    "scenario_id": "scenario-392-latency_edge",
    "agent_id": "agent-latency_edge",
    "order_id": "scenario-392-latency_edge-agent-latency_edge-17",
    "action": "new",
    "side": "buy",
    "price": 65431.235199999996,
    "quantity": 0.006,
    "remaining_quantity": 0.006
  },
  {
    "event_id": "6d3c866377e3086b0a613a08c4bd683e612a9d2223accf0456f075aba51b4161",
    "schema_version": "1.0.0",
    "event_type": "agent_order",
    "source": "synthetic_agent",
    "symbol": "BTCUSDT",
    "exchange": "binance_usdm",
    "timestamp": "2024-05-01T00:00:00.144000Z",
    "sequence": 18,
    "scenario_id": "scenario-392-latency_edge",
    "agent_id": "agent-latency_edge",
    "order_id": "scenario-392-latency_edge-agent-latency_edge-18",
    "action": "new",
    "side": "sell",
    "price": 65352.7648,
    "quantity": 0.006,
    "remaining_quantity": 0.006
  },
  {
    "event_id": "4bdbdc45f5f43527a32150028a25662a5b62bac9bb8690b8364106a9605abcad",
    "schema_version": "1.0.0",
    "event_type": "agent_order",
    "source": "synthetic_agent",
    "symbol": "BTCUSDT",
    "exchange": "binance_usdm",
    "timestamp": "2024-05-01T00:00:00.152000Z",
    "sequence": 19,
    "scenario_id": "scenario-392-latency_edge",
    "agent_id": "agent-latency_edge",
    "order_id": "scenario-392-latency_edge-agent-latency_edge-19",
    "action": "new",
    "side": "sell",
    "price": 65352.7648,
    "quantity": 0.006,
    "remaining_quantity": 0.006
  },
  {
    "event_id": "26a161abbc3083faef9247423c3167c2b187b982a26a80e24ffaa5ca0b3b71c1",
    "schema_version": "1.0.0",
    "event_type": "agent_order",
    "source": "synthetic_agent",
    "symbol": "BTCUSDT",
    "exchange": "binance_usdm",
    "timestamp": "2024-05-01T00:00:00.160000Z",
    "sequence": 20,
    "scenario_id": "scenario-392-latency_edge",
    "agent_id": "agent-latency_edge",
    "order_id": "scenario-392-latency_edge-agent-latency_edge-20",
    "action": "new",
    "side": "buy",
    "price": 65431.235199999996,
    "quantity": 0.006,
    "remaining_quantity": 0.006
  },
  {
    "event_id": "f6e108720e9757f6fe8b7317fdfda1f2bee369e492fc264d70ce15308f5d36eb",
    "schema_version": "1.0.0",
    "event_type": "agent_order",
    "source": "synthetic_agent",
    "symbol": "BTCUSDT",
    "exchange": "binance_usdm",
    "timestamp": "2024-05-01T00:00:00.168000Z",
    "sequence": 21,
    "scenario_id": "scenario-392-latency_edge",
    "agent_id": "agent-latency_edge",
    "order_id": "scenario-392-latency_edge-agent-latency_edge-21",
    "action": "new",
    "side": "buy",
    "price": 65431.235199999996,
    "quantity": 0.006,
    "remaining_quantity": 0.006
  },
  {
    "event_id": "3b75be013525f325e6293bd88ba8ef113f560ed91a15adcf79d07b7a4fa7b1d1",
    "schema_version": "1.0.0",
    "event_type": "agent_order",
    "source": "synthetic_agent",
    "symbol": "BTCUSDT",
    "exchange": "binance_usdm",
    "timestamp": "2024-05-01T00:00:00.176000Z",
    "sequence": 22,
    "scenario_id": "scenario-392-latency_edge",
    "agent_id": "agent-latency_edge",
    "order_id": "scenario-392-latency_edge-agent-latency_edge-22",
    "action": "new",
    "side": "sell",
    "price": 65352.7648,
    "quantity": 0.006,
    "remaining_quantity": 0.006
  },
  {
    "event_id": "1bd801abf30fa9571e1c9e3cd2d50a9cd65e622db9c0c1146da23ff268824258",
    "schema_version": "1.0.0",
    "event_type": "agent_order",
    "source": "synthetic_agent",
    "symbol": "BTCUSDT",
    "exchange": "binance_usdm",
    "timestamp": "2024-05-01T00:00:00.184000Z",
    "sequence": 23,
    "scenario_id": "scenario-392-latency_edge",
    "agent_id": "agent-latency_edge",
    "order_id": "scenario-392-latency_edge-agent-latency_edge-23",
    "action": "new",
    "side": "sell",
    "price": 65352.7648,
    "quantity": 0.006,
    "remaining_quantity": 0.006
  },
  {
    "event_id": "60cc050c1b7865aff842d792d7455487091c4d198b478dc2329e6d65be5135f0",
    "schema_version": "1.0.0",
    "event_type": "agent_order",
    "source": "synthetic_agent",
    "symbol": "BTCUSDT",
    "exchange": "binance_usdm",
    "timestamp": "2024-05-01T00:00:00.192000Z",
    "sequence": 24,
    "scenario_id": "scenario-392-latency_edge",
    "agent_id": "agent-latency_edge",
    "order_id": "scenario-392-latency_edge-agent-latency_edge-24",
    "action": "new",
    "side": "buy",
    "price": 65431.235199999996,
    "quantity": 0.006,
    "remaining_quantity": 0.006
  },
  {
    "event_id": "f3ee0113b168c882395f55c989049781f1d873229fbd3c8b812f5029c99503cd",
    "schema_version": "1.0.0",
    "event_type": "agent_order",
    "source": "synthetic_agent",
    "symbol": "BTCUSDT",
    "exchange": "binance_usdm",
    "timestamp": "2024-05-01T00:00:00.200000Z",
    "sequence": 25,
    "scenario_id": "scenario-392-latency_edge",
    "agent_id": "agent-latency_edge",
    "order_id": "scenario-392-latency_edge-agent-latency_edge-25",
    "action": "new",
    "side": "buy",
    "price": 65431.235199999996,
    "quantity": 0.006,
    "remaining_quantity": 0.006
  },
  {
    "event_id": "16943930b7f2c2651d7eb18287525244f171c5ec4e9ceb0c3d5f06bf9dee611a",
    "schema_version": "1.0.0",
    "event_type": "agent_order",
    "source": "synthetic_agent",
    "symbol": "BTCUSDT",
    "exchange": "binance_usdm",
    "timestamp": "2024-05-01T00:00:00.208000Z",
    "sequence": 26,
    "scenario_id": "scenario-392-latency_edge",
    "agent_id": "agent-latency_edge",
    "order_id": "scenario-392-latency_edge-agent-latency_edge-26",
    "action": "new",
    "side": "sell",
    "price": 65352.7648,
    "quantity": 0.006,
    "remaining_quantity": 0.006
  },
  {
    "event_id": "9cdd1aab66acd80c9bc882040f397b1e304ceb8385aa0339845eed411d43fbdc",
    "schema_version": "1.0.0",
    "event_type": "agent_order",
    "source": "synthetic_agent",
    "symbol": "BTCUSDT",
    "exchange": "binance_usdm",
    "timestamp": "2024-05-01T00:00:00.216000Z",
    "sequence": 27,
    "scenario_id": "scenario-392-latency_edge",
    "agent_id": "agent-latency_edge",
    "order_id": "scenario-392-latency_edge-agent-latency_edge-27",
    "action": "new",
    "side": "sell",
    "price": 65352.7648,
    "quantity": 0.006,
    "remaining_quantity": 0.006
  },
  {
    "event_id": "fe02c7917cb3db73053db246b8750eacb00af6c08412fb746adadeefde4410cc",
    "schema_version": "1.0.0",
    "event_type": "agent_order",
    "source": "synthetic_agent",
    "symbol": "BTCUSDT",
    "exchange": "binance_usdm",
    "timestamp": "2024-05-01T00:00:00.224000Z",
    "sequence": 28,
    "scenario_id": "scenario-392-latency_edge",
    "agent_id": "agent-latency_edge",
    "order_id": "scenario-392-latency_edge-agent-latency_edge-28",
    "action": "new",
    "side": "buy",
    "price": 65431.235199999996,
    "quantity": 0.006,
    "remaining_quantity": 0.006
  },
  {
    "event_id": "391c66747e4c81a69589c96a2abafd2a453369def8d76d52211a12862f24966e",
    "schema_version": "1.0.0",
    "event_type": "agent_order",
    "source": "synthetic_agent",
    "symbol": "BTCUSDT",
    "exchange": "binance_usdm",
    "timestamp": "2024-05-01T00:00:00.232000Z",
    "sequence": 29,
    "scenario_id": "scenario-392-latency_edge",
    "agent_id": "agent-latency_edge",
    "order_id": "scenario-392-latency_edge-agent-latency_edge-29",
    "action": "new",
    "side": "buy",
    "price": 65431.235199999996,
    "quantity": 0.006,
    "remaining_quantity": 0.006
  }
]