[
  {
    "event_id": "61bda4274904f03dab131817e23e7a7519c06cf6219840e3b9dbc7d3aed4b9f4",
    "schema_version": "1.0.0",
    "event_type": "agent_order",
    "source": "synthetic_agent",
    "symbol": "BTCUSDT",
    "exchange": "binance_usdm",
    "timestamp": "2024-05-01T00:00:00Z",
    "sequence": 0,
    "scenario_id": "scenario-355-coordinated_burst",
    "agent_id": "agent-coordinated_burst-0",
    "order_id": "scenario-355-coordinated_burst-agent-coordinated_burst-0-0",
    "action": "new",
    "side": "buy",
    "price": 65368.070999999996,
    "quantity": 0.04,
    "remaining_quantity": 0.04
  },
  {
    "event_id": "c70ff94a115aec795476daf76221d77c1638a8dd237f7a665976827fc89495e5",
    "schema_version": "1.0.0",
    "event_type": "agent_order",
    "source": "synthetic_agent",
    "symbol": "BTCUSDT",
    "exchange": "binance_usdm",
    "timestamp": "2024-05-01T00:00:00.012000Z",
    "sequence": 1,
    "scenario_id": "scenario-355-coordinated_burst",
    "agent_id": "agent-coordinated_burst-1",
    "order_id": "scenario-355-coordinated_burst-agent-coordinated_burst-1-1",
    "action": "new",
    "side": "sell",
    "price": 65341.929000000004,
    "quantity": 0.04,
    "remaining_quantity": 0.04
  },
  {
    "event_id": "a799408c9a8fd7d21a67094fb09e48a38b6ddeb388494ee17c21e73875b8be55",
    "schema_version": "1.0.0",
    "event_type": "agent_order",
    "source": "synthetic_agent",
    "symbol": "BTCUSDT",
    "exchange": "binance_usdm",
    "timestamp": "2024-05-01T00:00:00.024000Z",
    "sequence": 2,
    "scenario_id": "scenario-355-coordinated_burst",
    "agent_id": "agent-coordinated_burst-2",
    "order_id": "scenario-355-coordinated_burst-agent-coordinated_burst-2-2",
    "action": "new",
    "side": "sell",
    "price": 65341.929000000004,
    "quantity": 0.04,
    "remaining_quantity": 0.04
  },
  {
    "event_id": "687cff253919b5c852a46047a4494fe9dc4ecb3f41745bb84fb345be3a38439e",
    "schema_version": "1.0.0",
    "event_type": "agent_order",
    "source": "synthetic_agent",
    "symbol": "BTCUSDT",
    "exchange": "binance_usdm",
    "timestamp": "2024-05-01T00:00:00.036000Z",
    "sequence": 3,
    "scenario_id": "scenario-355-coordinated_burst",
    "agent_id": "agent-coordinated_burst-0",
    "order_id": "scenario-355-coordinated_burst-agent-coordinated_burst-0-3",
    "action": "new",
    "side": "buy",
    "price": 65368.070999999996,
    "quantity": 0.04,
    "remaining_quantity": 0.04
  },
  {
    "event_id": "63338487a10719cbb0bfa0e9ce1d49ceb9dde6196a871f145bdc8243ec0988f3",
    "schema_version": "1.0.0",
    "event_type": "agent_order",
    "source": "synthetic_agent",
    "symbol": "BTCUSDT",
    "exchange": "binance_usdm",
    "timestamp": "2024-05-01T00:00:00.048000Z",
    "sequence": 4,
    "scenario_id": "scenario-355-coordinated_burst",
    "agent_id": "agent-coordinated_burst-1",
    "order_id": "scenario-355-coordinated_burst-agent-coordinated_burst-1-4",
    "action": "new",
    "side": "sell",
    "price": 65341.929000000004,
    "quantity": 0.04,
    "remaining_quantity": 0.04
  },
  {
    "event_id": "7786c4f4944cf3606a2abd64a134ccb053c990001e26fe8f6992b714d0ef6a39",
    "schema_version": "1.0.0",
    "event_type": "agent_order",
    "source": "synthetic_agent",
    "symbol": "BTCUSDT",
    "exchange": "binance_usdm",
    "timestamp": "2024-05-01T00:00:00.600000Z",
    "sequence": 5,
    "scenario_id": "scenario-355-coordinated_burst",
    "agent_id": "agent-coordinated_burst-2",
    "order_id": "scenario-355-coordinated_burst-agent-coordinated_burst-2-5",
    "action": "new",
    "side": "sell",
    "price": 65341.929000000004,
    "quantity": 0.04,
    "remaining_quantity": 0.04
  },
  {
    "event_id": "69b1d5c76ffc3f3ce7ee8d97523912256d9ac2d3ac1adc089110c75db0a4fe32",
    "schema_version": "1.0.0",
    "event_type": "agent_order",
    "source": "synthetic_agent",
    "symbol": "BTCUSDT",
    "exchange": "binance_usdm",
    "timestamp": "2024-05-01T00:00:00.072000Z",
    "sequence": 6,
    "scenario_id": "scenario-355-coordinated_burst",
    "agent_id": "agent-coordinated_burst-0",
    "order_id": "scenario-355-coordinated_burst-agent-coordinated_burst-0-6",
    "action": "new",
    "side": "buy",
    "price": 65368.070999999996,
    "quantity": 0.04,
    "remaining_quantity": 0.04
  },
  {
    "event_id": "a6967ac3201d85573e1009e9a0b734602bb465c4cfc5c792b3e3245e5ad4118f",
    "schema_version": "1.0.0",
    "event_type": "agent_order",
    "source": "synthetic_agent",
    "symbol": "BTCUSDT",
    "exchange": "binance_usdm",
    "timestamp": "2024-05-01T00:00:00.084000Z",
    "sequence": 7,
    "scenario_id": "scenario-355-coordinated_burst",
    "agent_id": "agent-coordinated_burst-1",
    "order_id": "scenario-355-coordinated_burst-agent-coordinated_burst-1-7",
    "action": "new",
    "side": "sell",
    "price": 65341.929000000004,
    "quantity": 0.04,
    "remaining_quantity": 0.04
  },
  {
    "event_id": "5c527e5173330a6fe1e20907f6832ebbd945415da1e8e3fd948f2c5f30d7f8b4",
    "schema_version": "1.0.0",
    "event_type": "agent_order",
    "source": "synthetic_agent",
    "symbol": "BTCUSDT",
    "exchange": "binance_usdm",
    "timestamp": "2024-05-01T00:00:00.096000Z",
    "sequence": 8,
    "scenario_id": "scenario-355-coordinated_burst",
    "agent_id": "agent-coordinated_burst-2",
    "order_id": "scenario-355-coordinated_burst-agent-coordinated_burst-2-8",
    "action": "new",
    "side": "sell",
    "price": 65341.929000000004,
    "quantity": 0.04,
    "remaining_quantity": 0.04
  },
  {
    "event_id": "4f1e2456d592c799e489a89ce32100ab2437fc864baa40af09e7e10a1682ef56",
    "schema_version": "1.0.0",
    "event_type": "agent_order",
    "source": "synthetic_agent",
    "symbol": "BTCUSDT",
    "exchange": "binance_usdm",
    "timestamp": "2024-05-01T00:00:00.108000Z",
    "sequence": 9,
    "scenario_id": "scenario-355-coordinated_burst",
    "agent_id": "agent-coordinated_burst-0",
    "order_id": "scenario-355-coordinated_burst-agent-coordinated_burst-0-9",
    "action": "new",
    "side": "buy",
    "price": 65368.070999999996,
    "quantity": 0.04,
    "remaining_quantity": 0.04
  },
  {
    "event_id": "3889133cd462f9190b54f45c158e615bba1f6d6d3d25359831b85c752a123e4d",
    "schema_version": "1.0.0",
    "event_type": "agent_order",
    "source": "synthetic_agent",
    "symbol": "BTCUSDT",
    "exchange": "binance_usdm",
    "timestamp": "2024-05-01T00:00:01.200000Z",
    "sequence": 10,
    "scenario_id": "scenario-355-coordinated_burst",
    "agent_id": "agent-coordinated_burst-1",
    "order_id": "scenario-355-coordinated_burst-agent-coordinated_burst-1-10",
    "action": "new",
    "side": "sell",
    "price": 65341.929000000004,
    "quantity": 0.04,
    "remaining_quantity": 0.04
  },
  {
    "event_id": "2b41eaed280c2ee835f0283b83dece53dadf9f49218ecd46e69831a8ed872690",
    "schema_version": "1.0.0",
    "event_type": "agent_order",
    "source": "synthetic_agent",
    "symbol": "BTCUSDT",
    "exchange": "binance_usdm",
    "timestamp": "2024-05-01T00:00:00.132000Z",
    "sequence": 11,
    "scenario_id": "scenario-355-coordinated_burst",
    "agent_id": "agent-coordinated_burst-2",
    "order_id": "scenario-355-coordinated_burst-agent-coordinated_burst-2-11",
    "action": "new",
    "side": "sell",
    "price": 65341.929000000004,
    "quantity": 0.04,
    "remaining_quantity": 0.04
  },
  {
    "event_id": "b6be586bb8b0a3f7cebeb432f0c48c68e4ec2d46628e8c85b32f9db1c7e08412",
    "schema_version": "1.0.0",
    "event_type": "agent_order",
    "source": "synthetic_agent",
    "symbol": "BTCUSDT",
    "exchange": "binance_usdm",
    "timestamp": "2024-05-01T00:00:00.144000Z",
    "sequence": 12,
    "scenario_id": "scenario-355-coordinated_burst",
    "agent_id": "agent-coordinated_burst-0",
    "order_id": "scenario-355-coordinated_burst-agent-coordinated_burst-0-12",
    "action": "new",
    "side": "buy",
    "price": 65368.070999999996,
    "quantity": 0.04,
    "remaining_quantity": 0.04
  },
  {
    "event_id": "5c372955cd629eb61b8b15ebc067d807ef60feb5751d89517b79a3b31d73a71d",
    "schema_version": "1.0.0",
    "event_type": "agent_order",
    "source": "synthetic_agent",
    "symbol": "BTCUSDT",
    "exchange": "binance_usdm",
    "timestamp": "2024-05-01T00:00:00.156000Z",
    "sequence": 13,
    "scenario_id": "scenario-355-coordinated_burst",
    "agent_id": "agent-coordinated_burst-1",
    "order_id": "scenario-355-coordinated_burst-agent-coordinated_burst-1-13",
    "action": "new",
    "side": "sell",
    "price": 65341.929000000004,
    "quantity": 0.04,
    "remaining_quantity": 0.04
  },
  {
    "event_id": "c5b2ad6116d5c1dbf4f7a6ebd5e4bdc081d51f4943f452de88760b3bc5433717",
    "schema_version": "1.0.0",
    "event_type": "agent_order",
    "source": "synthetic_agent",
    "symbol": "BTCUSDT",
    "exchange": "binance_usdm",
    "timestamp": "2024-05-01T00:00:00.168000Z",
    "sequence": 14,
    "scenario_id": "scenario-355-coordinated_burst",
    "agent_id": "agent-coordinated_burst-2",
    "order_id": "scenario-355-coordinated_burst-agent-coordinated_burst-2-14",
    "action": "new",
    "side": "sell",
    "price": 65341.929000000004,
    "quantity": 0.04,
    "remaining_quantity": 0.04
  },
  {
    "event_id": "109de58c74d1490a21fd0483abcf29eda25995e953426b8c6ba71bbc866d5cd6",
    "schema_version": "1.0.0",
    "event_type": "agent_order",
    "source": "synthetic_agent",
    "symbol": "BTCUSDT",
    "exchange": "binance_usdm",
    "timestamp": "2024-05-01T00:00:01.800000Z",
    "sequence": 15,
    "scenario_id": "scenario-355-coordinated_burst",
    "agent_id": "agent-coordinated_burst-0",
    "order_id": "scenario-355-coordinated_burst-agent-coordinated_burst-0-15",
    "action": "new",
    "side": "buy",
    "price": 65368.070999999996,
    "quantity": 0.04,
    "remaining_quantity": 0.04
  },
  {
    "event_id": "bcbf4da8ee8ebe1fdae3bc6f93b28119cccfb0ad407ea7917771113d04a67f66",
    "schema_version": "1.0.0",
    "event_type": "agent_order",
    "source": "synthetic_agent",
    "symbol": "BTCUSDT",
    "exchange": "binance_usdm",
    "timestamp": "2024-05-01T00:00:00.192000Z",
    "sequence": 16,
    "scenario_id": "scenario-355-coordinated_burst",
    "agent_id": "agent-coordinated_burst-1",
    "order_id": "scenario-355-coordinated_burst-agent-coordinated_burst-1-16",
    "action": "new",
    "side": "sell",
    "price": 65341.929000000004,
    "quantity": 0.04,
    "remaining_quantity": 0.04
  },
  {
    "event_id": "7e6659ddac53861274af9244398eb54acddea31484d7eff5a63cc34ecbb4d75c",
    "schema_version": "1.0.0",
    "event_type": "agent_order",
    "source": "synthetic_agent",
    "symbol": "BTCUSDT",
    "exchange": "binance_usdm",
    "timestamp": "2024-05-01T00:00:00.204000Z",
    "sequence": 17,
    "scenario_id": "scenario-355-coordinated_burst",
    "agent_id": "agent-coordinated_burst-2",
    "order_id": "scenario-355-coordinated_burst-agent-coordinated_burst-2-17",
    "action": "new",
    "side": "sell",
    "price": 65341.929000000004,
    "quantity": 0.04,
    "remaining_quantity": 0.04
  },
  {
    "event_id": "118098c80724fbfebb999bf0d61871c5acf338f4c286d74df41f73bc9ef2b095",
    "schema_version": "1.0.0",
    "event_type": "agent_order",
    "source": "synthetic_agent",
    "symbol": "BTCUSDT",
    "exchange": "binance_usdm",
    "timestamp": "2024-05-01T00:00:00.216000Z",
    "sequence": 18,
    "scenario_id": "scenario-355-coordinated_burst",
    "agent_id": "agent-coordinated_burst-0",
    "order_id": "scenario-355-coordinated_burst-agent-coordinated_burst-0-18",
    "action": "new",
    "side": "buy",
    "price": 65368.070999999996,
    "quantity": 0.04,
    "remaining_quantity": 0.04
  },
  {
    "event_id": "975947024579dbb8de6c294e3ebeae9c4f61f7f09a43ba0cd63dba5327ef798e",
    "schema_version": "1.0.0",
    "event_type": "agent_order",
    "source": "synthetic_agent",
    "symbol": "BTCUSDT",
    "exchange": "binance_usdm",
    "timestamp": "2024-05-01T00:00:00.228000Z",
    "sequence": 19,
    "scenario_id": "scenario-355-coordinated_burst",
    "agent_id": "agent-coordinated_burst-1",
    "order_id": "scenario-355-coordinated_burst-agent-coordinated_burst-1-19",
    "action": "new",
    "side": "sell",
    "price": 65341.929000000004,
    "quantity": 0.04,
    "remaining_quantity": 0.04
  },
  {
    "event_id": "7b0a97674fa70a326232651b2ad687c211792bb523ed079dc56a1ce324b63d5a",
    "schema_version": "1.0.0",
    "event_type": "agent_order",
    "source": "synthetic_agent",
    "symbol": "BTCUSDT",
    "exchange": "binance_usdm",
    "timestamp": "2024-05-01T00:00:02.400000Z",
    "sequence": 20,
    "scenario_id": "scenario-355-coordinated_burst",
    "agent_id": "agent-coordinated_burst-2",
    "order_id": "scenario-355-coordinated_burst-agent-coordinated_burst-2-20",
    "action": "new",
    "side": "sell",
    "price": 65341.929000000004,
    "quantity": 0.04,
    "remaining_quantity": 0.04
  },
  {
    "event_id": "a52ca6c93dcfb9837f795838b0a8ad228afdbd89327f8f60c50aaec6591faa93",
    "schema_version": "1.0.0",
    "event_type": "agent_order",
    "source": "synthetic_agent",
    "symbol": "BTCUSDT",
    "exchange": "binance_usdm",
    "timestamp": "2024-05-01T00:00:00.252000Z",
    "sequence": 21,
    "scenario_id": "scenario-355-coordinated_burst",
    "agent_id": "agent-coordinated_burst-0",
    "order_id": "scenario-355-coordinated_burst-agent-coordinated_burst-0-21",
    "action": "new",
    "side": "buy",
    "price": 65368.070999999996,
    "quantity": 0.04,
    "remaining_quantity": 0.04
  },
  {
    "event_id": "c1b94cd7a1e979ca6bcbec39894d146a8e24563941e48bf0ecb6bdd4d276c5ff",
    "schema_version": "1.0.0",
    "event_type": "agent_order",
    "source": "synthetic_agent",
    "symbol": "BTCUSDT",
    "exchange": "binance_usdm",
    "timestamp": "2024-05-01T00:00:00.264000Z",
    "sequence": 22,
    "scenario_id": "scenario-355-coordinated_burst",
    "agent_id": "agent-coordinated_burst-1",
    "order_id": "scenario-355-coordinated_burst-agent-coordinated_burst-1-22",
    "action": "new",
    "side": "sell",
    "price": 65341.929000000004,
    "quantity": 0.04,
    "remaining_quantity": 0.04
  },
  {
    "event_id": "7d51af6e70737f18cffa66ebe5739288237a3f16280b3e2a036da48e9bace7f5",
    "schema_version": "1.0.0",
    "event_type": "agent_order",
    "source": "synthetic_agent",
    "symbol": "BTCUSDT",
    "exchange": "binance_usdm",
    "timestamp": "2024-05-01T00:00:00.276000Z",
    "sequence": 23,
    "scenario_id": "scenario-355-coordinated_burst",
    "agent_id": "agent-coordinated_burst-2",
    "order_id": "scenario-355-coordinated_burst-agent-coordinated_burst-2-23",
    "action": "new",
    "side": "sell",
    "price": 65341.929000000004,
    "quantity": 0.04,
    "remaining_quantity": 0.04
  },
  {
    "event_id": "74ddbc6e3d8284ae378302ae2af26635c7c77f962b1fcd3aff37163affc9316c",
    "schema_version": "1.0.0",
    "event_type": "agent_order",
    "source": "synthetic_agent",
    "symbol": "BTCUSDT",
    "exchange": "binance_usdm",
    "timestamp": "2024-05-01T00:00:00.288000Z",
    "sequence": 24,
    "scenario_id": "scenario-355-coordinated_burst",
    "agent_id": "agent-coordinated_burst-0",
    "order_id": "scenario-355-coordinated_burst-agent-coordinated_burst-0-24",
    "action": "new",
    "side": "buy",
    "price": 65368.070999999996,
    "quantity": 0.04,
    "remaining_quantity": 0.04
  },
  {
    "event_id": "a6ca09f7bc949532f13e8be36b3eb48e89c6447914a504626ced8951bf217e45",
    "schema_version": "1.0.0",
    "event_type": "agent_order",
    "source": "synthetic_agent",
    "symbol": "BTCUSDT",
    "exchange": "binance_usdm",
    "timestamp": "2024-05-01T00:00:03Z",
    "sequence": 25,
    "scenario_id": "scenario-355-coordinated_burst",
    "agent_id": "agent-coordinated_burst-1",
    "order_id": "scenario-355-coordinated_burst-agent-coordinated_burst-1-25",
    "action": "new",
    "side": "sell",
    "price": 65341.929000000004,
    "quantity": 0.04,
    "remaining_quantity": 0.04
  },
  {
    "event_id": "e48ff5bbad6d7d70eab51263cfcb9aa8327d0b811c77efa23826d3b7dafc65d8",
    "schema_version": "1.0.0",
    "event_type": "agent_order",
    "source": "synthetic_agent",
    "symbol": "BTCUSDT",
    "exchange": "binance_usdm",
    "timestamp": "2024-05-01T00:00:00.312000Z",
    "sequence": 26,
    "scenario_id": "scenario-355-coordinated_burst",
    "agent_id": "agent-coordinated_burst-2",
    "order_id": "scenario-355-coordinated_burst-agent-coordinated_burst-2-26",
    "action": "new",
    "side": "sell",
    "price": 65341.929000000004,
    "quantity": 0.04,
    "remaining_quantity": 0.04
  },
  {
    "event_id": "0c6f6093ee0e1e726f3964408987205da729311358fbe7a0ab3fc9db9403297f",
    "schema_version": "1.0.0",
    "event_type": "agent_order",
    "source": "synthetic_agent",
    "symbol": "BTCUSDT",
    "exchange": "binance_usdm",
    "timestamp": "2024-05-01T00:00:00.324000Z",
    "sequence": 27,
    "scenario_id": "scenario-355-coordinated_burst",
    "agent_id": "agent-coordinated_burst-0",
    "order_id": "scenario-355-coordinated_burst-agent-coordinated_burst-0-27",
    "action": "new",
    "side": "buy",
    "price": 65368.070999999996,
    "quantity": 0.04,
    "remaining_quantity": 0.04
  },
  {
    "event_id": "2560cee47a7aa9e67c2339657dfd3e07645fcdd31147a53669d433915a560fd2",
    "schema_version": "1.0.0",
    "event_type": "agent_order",
    "source": "synthetic_agent",
    "symbol": "BTCUSDT",
    "exchange": "binance_usdm",
    "timestamp": "2024-05-01T00:00:00.336000Z",
    "sequence": 28,
    "scenario_id": "scenario-355-coordinated_burst",
    "agent_id": "agent-coordinated_burst-1",
    "order_id": "scenario-355-coordinated_burst-agent-coordinated_burst-1-28",
    "action": "new",
    "side": "sell",
    "price": 65341.929000000004,
    "quantity": 0.04,
    "remaining_quantity": 0.04
  },
  {
    "event_id": "3c29aba44c3f8172f59c65297e0750773715d0be67aced85efe5b226c9e50f7b",
    "schema_version": "1.0.0",
    "event_type": "agent_order",
    "source": "synthetic_agent",
    "symbol": "BTCUSDT",
    "exchange": "binance_usdm",
    "timestamp": "2024-05-01T00:00:00.348000Z",
    "sequence": 29,
    "scenario_id": "scenario-355-coordinated_burst",
    "agent_id": "agent-coordinated_burst-2",
    "order_id": "scenario-355-coordinated_burst-agent-coordinated_burst-2-29",
    "action": "new",
    "side": "sell",
    "price": 65341.929000000004,
    "quantity": 0.04,
    "remaining_quantity": 0.04
  }
]