[
  {
    "event_id": "10cc418e5f084267ba9e1bd12131151bff256d764d4f262a17a1b4a205cdf119",
    "schema_version": "1.0.0",
    "event_type": "agent_order",
    "source": "synthetic_agent",
    "symbol": "BTCUSDT",
    "exchange": "binance_usdm",
    "timestamp": "2024-05-01T00:00:00Z",
    "sequence": 0,
    "scenario_id": "scenario-245-momentum_ignition",
    "agent_id": "agent-momentum_ignition",
    "order_id": "scenario-245-momentum_ignition-agent-momentum_ignition-0",
    "action": "new",
    "side": "buy",
    "price": 65310.244999999995,
    "quantity": 0.08,
    "remaining_quantity": 0.08
  },
  {
    "event_id": "f1d3f159ec10601fd92c1ed5114add96e9be5e9d7b7ceab97636ab44d33045c0",
    "schema_version": "1.0.0",
    "event_type": "agent_order",
    "source": "synthetic_agent",
    "symbol": "BTCUSDT",
    "exchange": "binance_usdm",
    "timestamp": "2024-05-01T00:00:00.080000Z",
    "sequence": 1,
    "scenario_id": "scenario-245-momentum_ignition",
    "agent_id": "agent-momentum_ignition",
    "order_id": "scenario-245-momentum_ignition-agent-momentum_ignition-1",
    "action": "new",
    "side": "buy",
    "price": 65311.54989999998,
    "quantity": 0.08,
    "remaining_quantity": 0.08
  },
  {
    "event_id": "4ad23c33c6d71ce928898d7506763397629fcfcc9b000864b2b441aa7d879c8f",
    "schema_version": "1.0.0",
    "event_type": "agent_order",
    "source": "synthetic_agent",
    "symbol": "BTCUSDT",
    "exchange": "binance_usdm",
    "timestamp": "2024-05-01T00:00:00.160000Z",
    "sequence": 2,
    "scenario_id": "scenario-245-momentum_ignition",
    "agent_id": "agent-momentum_ignition",
    "order_id": "scenario-245-momentum_ignition-agent-momentum_ignition-2",
    "action": "new",
    "side": "buy",
    "price": 65312.854799999994,
    "quantity": 0.08,
    "remaining_quantity": 0.08
  },
  {
    "event_id": "19f358896d1bd8270b4f5b1ff7ec48d9caa3b8e27d5fbcedd92551a9c0206415",
    "schema_version": "1.0.0",
    "event_type": "agent_order",
    "source": "synthetic_agent",
    "symbol": "BTCUSDT",
    "exchange": "binance_usdm",
    "timestamp": "2024-05-01T00:00:00.240000Z",
    "sequence": 3,
    "scenario_id": "scenario-245-momentum_ignition",
    "agent_id": "agent-momentum_ignition",
    "order_id": "scenario-245-momentum_ignition-agent-momentum_ignition-3",
    "action": "new",
    "side": "buy",
    "price": 65314.15969999999,
    "quantity": 0.08,
    "remaining_quantity": 0.08
  },
  {
    "event_id": "f6cc8005028ae6529e78ebe54e95a388641710df2f796fcc1ab63d05a5a18640",
    "schema_version": "1.0.0",
    "event_type": "agent_order",
    "source": "synthetic_agent",
    "symbol": "BTCUSDT",
    "exchange": "binance_usdm",
    "timestamp": "2024-05-01T00:00:00.320000Z",
    "sequence": 4,
    "scenario_id": "scenario-245-momentum_ignition",
    "agent_id": "agent-momentum_ignition",
    "order_id": "scenario-245-momentum_ignition-agent-momentum_ignition-4",
    "action": "new",
    "side": "buy",
    "price": 65315.4646,
    "quantity": 0.08,
    "remaining_quantity": 0.08
  },
  {
    "event_id": "e2302c99f324744b6751b5a6f1baafa3ff598d4968242f60dbdf550b81d2d73f",
    "schema_version": "1.0.0",
    "event_type": "agent_order",
    "source": "synthetic_agent",
    "symbol": "BTCUSDT",
    "exchange": "binance_usdm",
    "timestamp": "2024-05-01T00:00:00.400000Z",
    "sequence": 5,
    "scenario_id": "scenario-245-momentum_ignition",
    "agent_id": "agent-momentum_ignition",
    "order_id": "scenario-245-momentum_ignition-agent-momentum_ignition-5",
    "action": "new",
    "side": "buy",
    "price": 65316.769499999995,
    "quantity": 0.08,
    "remaining_quantity": 0.08
  },
  {
    "event_id": "13a522df9a6118de087d03f9728eaee516fb2e6066dacac9cfd069092709fec1",
    "schema_version": "1.0.0",
    "event_type": "agent_order",
    "source": "synthetic_agent",
    "symbol": "BTCUSDT",
    "exchange": "binance_usdm",
    "timestamp": "2024-05-01T00:00:00.480000Z",
    "sequence": 6,
    "scenario_id": "scenario-245-momentum_ignition",
    "agent_id": "agent-momentum_ignition",
    "order_id": "scenario-245-momentum_ignition-agent-momentum_ignition-6",
    "action": "new",
    "side": "buy",
    "price": 65318.07439999998,
    "quantity": 0.08,
    "remaining_quantity": 0.08
  },
  {
    "event_id": "b3a2d63fc9bfc8789eef6d7b59224a6604e9ecec4a04f7730b2763e83b3f362b",
    "schema_version": "1.0.0",
    "event_type": "agent_order",
    "source": "synthetic_agent",
    "symbol": "BTCUSDT",
    "exchange": "binance_usdm",
    "timestamp": "2024-05-01T00:00:00.560000Z",
    "sequence": 7,
    "scenario_id": "scenario-245-momentum_ignition",
    "agent_id": "agent-momentum_ignition",
    "order_id": "scenario-245-momentum_ignition-agent-momentum_ignition-7",
    "action": "new",
    "side": "buy",
    "price": 65319.37929999999,
    "quantity": 0.08,
    "remaining_quantity": 0.08
  },
  {
    "event_id": "dbaec66a92f96c2f41bd5024e5907c80ab782569f8801708b6d678bc8cbd1bd9",
    "schema_version": "1.0.0",
    "event_type": "agent_order",
    "source": "synthetic_agent",
    "symbol": "BTCUSDT",
    "exchange": "binance_usdm",
    "timestamp": "2024-05-01T00:00:00.640000Z",
    "sequence": 8,
    "scenario_id": "scenario-245-momentum_ignition",
    "agent_id": "agent-momentum_ignition",
    "order_id": "scenario-245-momentum_ignition-agent-momentum_ignition-8",
    "action": "new",
    "side": "buy",
    "price": 65320.68419999999,
    "quantity": 0.08,
    "remaining_quantity": 0.08
  },
  {
    "event_id": "d7bb2b9ac81e9af921c003c906de0cd0b392e3b8b3191aee8fc273ec821f72b2",
    "schema_version": "1.0.0",
    "event_type": "agent_order",
    "source": "synthetic_agent",
    "symbol": "BTCUSDT",
    "exchange": "binance_usdm",
    "timestamp": "2024-05-01T00:00:00.720000Z",
    "sequence": 9,
    "scenario_id": "scenario-245-momentum_ignition",
    "agent_id": "agent-momentum_ignition",
    "order_id": "scenario-245-momentum_ignition-agent-momentum_ignition-9",
    "action": "new",
    "side": "buy",
    "price": 65321.9891,
    "quantity": 0.08,
    "remaining_quantity": 0.08
  },
  {
    "event_id": "f87a2326c6db1aa59d36be8d4a63a2dd5cfbfd1e13996783bd2300f069d8a86f",
    "schema_version": "1.0.0",
    "event_type": "agent_order",
    "source": "synthetic_agent",
    "symbol": "BTCUSDT",
    "exchange": "binance_usdm",
    "timestamp": "2024-05-01T00:00:00.800000Z",
    "sequence": 10,
    "scenario_id": "scenario-245-momentum_ignition",
    "agent_id": "agent-momentum_ignition",
    "order_id": "scenario-245-momentum_ignition-agent-momentum_ignition-10",
    "action": "new",
    "side": "buy",
    "price": 65323.293999999994,
    "quantity": 0.08,
    "remaining_quantity": 0.08
  },
  {
    "event_id": "c3dde4f5d9887cdcf1ba829617ce745e3a975e35472d63bf8bb3599e00ad8e25",
    "schema_version": "1.0.0",
    "event_type": "agent_order",
    "source": "synthetic_agent",
    "symbol": "BTCUSDT",
    "exchange": "binance_usdm",
    "timestamp": "2024-05-01T00:00:00.880000Z",
    "sequence": 11,
    "scenario_id": "scenario-245-momentum_ignition",
    "agent_id": "agent-momentum_ignition",
    "order_id": "scenario-245-momentum_ignition-agent-momentum_ignition-11",
    "action": "new",
    "side": "buy",
    "price": 65324.5989,
    "quantity": 0.08,
    "remaining_quantity": 0.08
  },
  {
    "event_id": "8e9a6327a7eec47bfb9b2aa9ec31be3ac6f79d6d29e50eedc2386c4c6b0246a6",
    "schema_version": "1.0.0",
    "event_type": "agent_order",
    "source": "synthetic_agent",
    "symbol": "BTCUSDT",
    "exchange": "binance_usdm",
    "timestamp": "2024-05-01T00:00:00.960000Z",
    "sequence": 12,
    "scenario_id": "scenario-245-momentum_ignition",
    "agent_id": "agent-momentum_ignition",
    "order_id": "scenario-245-momentum_ignition-agent-momentum_ignition-12",
    "action": "new",
    "side": "buy",
    "price": 65325.90379999999,
    "quantity": 0.08,
    "remaining_quantity": 0.08
  },
  {
    "event_id": "59a83bb5795c44ecf20f473fbef14eaa9c8f6befdfc8aecf616268c2605b84cf",
    "schema_version": "1.0.0",
    "event_type": "agent_order",
    "source": "synthetic_agent",
    "symbol": "BTCUSDT",
    "exchange": "binance_usdm",
    "timestamp": "2024-05-01T00:00:01.040000Z",
    "sequence": 13,
    "scenario_id": "scenario-245-momentum_ignition",
    "agent_id": "agent-momentum_ignition",
    "order_id": "scenario-245-momentum_ignition-agent-momentum_ignition-13",
    "action": "new",
    "side": "buy",
    "price": 65327.20869999999,
    "quantity": 0.08,
    "remaining_quantity": 0.08
  },
  {
    "event_id": "1ba989f9c68147513533c96be7ef2d36a98ba596e0c14428f9657df2e29a3ab0",
    "schema_version": "1.0.0",
    "event_type": "agent_order",
    "source": "synthetic_agent",
    "symbol": "BTCUSDT",
    "exchange": "binance_usdm",
    "timestamp": "2024-05-01T00:00:01.120000Z",
    "sequence": 14,
    "scenario_id": "scenario-245-momentum_ignition",
    "agent_id": "agent-momentum_ignition",
    "order_id": "scenario-245-momentum_ignition-agent-momentum_ignition-14",
    "action": "new",
    "side": "buy",
    "price": 65328.5136,
    "quantity": 0.08,
    "remaining_quantity": 0.08
  },
  {
    "event_id": "47a7a5423e2c180246aa2195fbdeeccaf128d6995adfa112e6cb4a1861706f30",
    "schema_version": "1.0.0",
    "event_type": "agent_order",
    "source": "synthetic_agent",
    "symbol": "BTCUSDT",
    "exchange": "binance_usdm",
    "timestamp": "2024-05-01T00:00:01.200000Z",
    "sequence": 15,
    "scenario_id": "scenario-245-momentum_ignition",
    "agent_id": "agent-momentum_ignition",
    "order_id": "scenario-245-momentum_ignition-agent-momentum_ignition-15",
    "action": "new",
    "side": "buy",
    "price": 65329.818499999994,
    "quantity": 0.08,
    "remaining_quantity": 0.08
  },
  {
    "event_id": "8112fca63de87f80b11a1fe0179fc4a3abfefbf38ee648526855672cd46638e7",
    "schema_version": "1.0.0",
    "event_type": "agent_order",
    "source": "synthetic_agent",
    "symbol": "BTCUSDT",
    "exchange": "binance_usdm",
    "timestamp": "2024-05-01T00:00:01.280000Z",
    "sequence": 16,
    "scenario_id": "scenario-245-momentum_ignition",
    "agent_id": "agent-momentum_ignition",
    "order_id": "scenario-245-momentum_ignition-agent-momentum_ignition-16",
    "action": "new",
    "side": "buy",
    "price": 65331.1234,
    "quantity": 0.08,
    "remaining_quantity": 0.08
  },
  {
    "event_id": "13495c08ea97c023699a68c7a6bb950a872a95380d2c44a58933ef76a932501d",
    "schema_version": "1.0.0",
    "event_type": "agent_order",
    "source": "synthetic_agent",
    "symbol": "BTCUSDT",
    "exchange": "binance_usdm",
    "timestamp": "2024-05-01T00:00:01.360000Z",
    "sequence": 17,
    "scenario_id": "scenario-245-momentum_ignition",
    "agent_id": "agent-momentum_ignition",
    "order_id": "scenario-245-momentum_ignition-agent-momentum_ignition-17",
    "action": "new",
    "side": "buy",
    "price": 65332.42829999999,
    "quantity": 0.08,
    "remaining_quantity": 0.08
  },
  {
    "event_id": "86c9eaf7e06a76ee804515f53b48b5ba2c3f00af48528b8414a41afb0b6721da",
    "schema_version": "1.0.0",
    "event_type": "agent_order",
    "source": "synthetic_agent",
    "symbol": "BTCUSDT",
    "exchange": "binance_usdm",
    "timestamp": "2024-05-01T00:00:01.440000Z",
    "sequence": 18,
    "scenario_id": "scenario-245-momentum_ignition",
    "agent_id": "agent-momentum_ignition",
    "order_id": "scenario-245-momentum_ignition-agent-momentum_ignition-18",
    "action": "new",
    "side": "buy",
    "price": 65333.73319999999,
    "quantity": 0.08,
    "remaining_quantity": 0.08
  },
  {
    "event_id": "c7e206db127baff718b3c88b01312e5c5e0cb64e48830c8951d733a6b15ebf79",
    "schema_version": "1.0.0",
    "event_type": "agent_order",
    "source": "synthetic_agent",
    "symbol": "BTCUSDT",
    "exchange": "binance_usdm",
    "timestamp": "2024-05-01T00:00:01.520000Z",
    "sequence": 19,
    "scenario_id": "scenario-245-momentum_ignition",
    "agent_id": "agent-momentum_ignition",
    "order_id": "scenario-245-momentum_ignition-agent-momentum_ignition-19",
    "action": "new",
    "side": "buy",
    "price": 65335.0381,
    "quantity": 0.08,
    "remaining_quantity": 0.08
  },
  {
    "event_id": "92a0fbfcaa91503a7d771dc26a46a0a8029c0ca658fe5e79b1cd247ff6e5d44c",
    "schema_version": "1.0.0",
    "event_type": "agent_order",
    "source": "synthetic_agent",
    "symbol": "BTCUSDT",
    "exchange": "binance_usdm",
    "timestamp": "2024-05-01T00:00:01.600000Z",
    "sequence": 20,
    "scenario_id": "scenario-245-momentum_ignition",
    "agent_id": "agent-momentum_ignition",
    "order_id": "scenario-245-momentum_ignition-agent-momentum_ignition-20",
    "action": "new",
    "side": "buy",
    "price": 65336.34299999999,
    "quantity": 0.08,
    "remaining_quantity": 0.08
  },
  {
    "event_id": "4a0c5ec3e0d67dc21428c93b015f42e308f21b64e1289e62f03f860725c8a74e",
    "schema_version": "1.0.0",
    "event_type": "agent_order",
    "source": "synthetic_agent",
    "symbol": "BTCUSDT",
    "exchange": "binance_usdm",
    "timestamp": "2024-05-01T00:00:01.680000Z",
    "sequence": 21,
    "scenario_id": "scenario-245-momentum_ignition",
    "agent_id": "agent-momentum_ignition",
    "order_id": "scenario-245-momentum_ignition-agent-momentum_ignition-21",
    "action": "new",
    "side": "buy",
    "price": 65337.647899999996,
    "quantity": 0.08,
    "remaining_quantity": 0.08
  },
  {
    "event_id": "d5fca5aa40b1f3f966fe22c5f47213570619eb772016e174631aba31d699fc98",
    "schema_version": "1.0.0",
    "event_type": "agent_order",
    "source": "synthetic_agent",
    "symbol": "BTCUSDT",
    "exchange": "binance_usdm",
    "timestamp": "2024-05-01T00:00:01.760000Z",
    "sequence": 22,
    "scenario_id": "scenario-245-momentum_ignition",
    "agent_id": "agent-momentum_ignition",
    "order_id": "scenario-245-momentum_ignition-agent-momentum_ignition-22",
    "action": "new",
    "side": "buy",
    "price": 65338.95279999999,
    "quantity": 0.08,
    "remaining_quantity": 0.08
  },
  {
    "event_id": "8211a49e2a3ae7d68e369cf00fd546d52c4ce13d001c30989c1c8c02bca81dfd",
    "schema_version": "1.0.0",
    "event_type": "agent_order",
    "source": "synthetic_agent",
    "symbol": "BTCUSDT",
    "exchange": "binance_usdm",
    "timestamp": "2024-05-01T00:00:01.840000Z",
    "sequence": 23,
    "scenario_id": "scenario-245-momentum_ignition",
    "agent_id": "agent-momentum_ignition",
    "order_id": "scenario-245-momentum_ignition-agent-momentum_ignition-23",
    "action": "new",
    "side": "buy",
    "price": 65340.25769999999,
    "quantity": 0.08,
    "remaining_quantity": 0.08
  },
  {
    "event_id": "51db3370e6c846608ae858c31a5d57d731bedfcee10261a271335e2f87831a9c",
    "schema_version": "1.0.0",
    "event_type": "agent_order",
    "source": "synthetic_agent",
    "symbol": "BTCUSDT",
    "exchange": "binance_usdm",
    "timestamp": "2024-05-01T00:00:01.920000Z",
    "sequence": 24,
    "scenario_id": "scenario-245-momentum_ignition",
    "agent_id": "agent-momentum_ignition",
    "order_id": "scenario-245-momentum_ignition-agent-momentum_ignition-24",
    "action": "new",
    "side": "buy",
    "price": 65341.5626,
    "quantity": 0.08,
    "remaining_quantity": 0.08
  },
  {
    "event_id": "14c0c44801f0bb128425c534007237438ce9018908285116a193dbdfabd31a3c",
    "schema_version": "1.0.0",
    "event_type": "agent_order",
    "source": "synthetic_agent",
    "symbol": "BTCUSDT",
    "exchange": "binance_usdm",
    "timestamp": "2024-05-01T00:00:02Z",
    "sequence": 25,
    "scenario_id": "scenario-245-momentum_ignition",
    "agent_id": "agent-momentum_ignition",
    "order_id": "scenario-245-momentum_ignition-agent-momentum_ignition-25",
    "action": "new",
    "side": "buy",
    "price": 65342.867499999986,
    "quantity": 0.08,
    "remaining_quantity": 0.08
  },
  {
    "event_id": "defdeb14ac3ae1c9339435cc2bed71ce9f84f5fad5362b4b9e81614bc7c2056c",
    "schema_version": "1.0.0",
    "event_type": "agent_order",
    "source": "synthetic_agent",
    "symbol": "BTCUSDT",
    "exchange": "binance_usdm",
    "timestamp": "2024-05-01T00:00:02.080000Z",
    "sequence": 26,
    "scenario_id": "scenario-245-momentum_ignition",
    "agent_id": "agent-momentum_ignition",
    "order_id": "scenario-245-momentum_ignition-agent-momentum_ignition-26",
    "action": "new",
    "side": "buy",
    "price": 65344.172399999996,
    "quantity": 0.08,
    "remaining_quantity": 0.08
  },
  {
    "event_id": "c3d5530dba670216e35b32edb64903e90f3399602ca6cdbdf3a17a053a13ac7b",
    "schema_version": "1.0.0",
    "event_type": "agent_order",
    "source": "synthetic_agent",
    "symbol": "BTCUSDT",
    "exchange": "binance_usdm",
    "timestamp": "2024-05-01T00:00:02.160000Z",
    "sequence": 27,
    "scenario_id": "scenario-245-momentum_ignition",
    "agent_id": "agent-momentum_ignition",
    "order_id": "scenario-245-momentum_ignition-agent-momentum_ignition-27",
    "action": "new",
    "side": "buy",
    "price": 65345.47729999999,
    "quantity": 0.08,
    "remaining_quantity": 0.08
  },
  {
    "event_id": "d895893b636837e03dbdded5e07058dcd50f6591b90de6df65effd17e94defea",
    "schema_version": "1.0.0",
    "event_type": "agent_order",
    "source": "synthetic_agent",
    "symbol": "BTCUSDT",
    "exchange": "binance_usdm",
    "timestamp": "2024-05-01T00:00:02.240000Z",
    "sequence": 28,
    "scenario_id": "scenario-245-momentum_ignition",
    "agent_id": "agent-momentum_ignition",
    "order_id": "scenario-245-momentum_ignition-agent-momentum_ignition-28",
    "action": "new",
    "side": "buy",
    "price": 65346.78219999999,
    "quantity": 0.08,
    "remaining_quantity": 0.08
  },
  {
    "event_id": "a40f8dfc95e352ddd0dd8536af02f0a5855698a898d80446142c7cd8be62a6f3",
    "schema_version": "1.0.0",
    "event_type": "agent_order",
    "source": "synthetic_agent",
    "symbol": "BTCUSDT",
    "exchange": "binance_usdm",
    "timestamp": "2024-05-01T00:00:02.320000Z",
    "sequence": 29,
    "scenario_id": "scenario-245-momentum_ignition",
    "agent_id": "agent-momentum_ignition",
    "order_id": "scenario-245-momentum_ignition-agent-momentum_ignition-29",
    "action": "new",
    "side": "buy",
    "price": 65348.0871,
    "quantity": 0.08,
    "remaining_quantity": 0.08
  }
]