[
  {
    "event_id": "d358b6221e92e64d54deae4aa6475b725af20285016332eb6bb189092214ba07",
    "schema_version": "1.0.0",
    "event_type": "agent_order",
    "source": "synthetic_agent",
    "symbol": "BTCUSDT",
    "exchange": "binance_usdm",
    "timestamp": "2024-05-01T00:00:00Z",
    "sequence": 0,
    "scenario_id": "scenario-501-stop_run_sweep",
    "agent_id": "agent-stop_run_sweep",
    "order_id": "scenario-501-stop_run_sweep-agent-stop_run_sweep-0",
    "action": "new",
    "side": "buy",
    "price": 65566.50099999999,
    "quantity": 0.06,
    "remaining_quantity": 0.06
  },
  {
    "event_id": "0fc9359e927370e8f286153376b6564da401847433e675c5222c32d0422557c2",
    "schema_version": "1.0.0",
    "event_type": "agent_order",
    "source": "synthetic_agent",
    "symbol": "BTCUSDT",
    "exchange": "binance_usdm",
    "timestamp": "2024-05-01T00:00:00.030000Z",
    "sequence": 1,
    "scenario_id": "scenario-501-stop_run_sweep",
    "agent_id": "agent-stop_run_sweep",
    "order_id": "scenario-501-stop_run_sweep-agent-stop_run_sweep-1",
    "action": "new",
    "side": "buy",
    "price": 65569.77605,
    "quantity": 0.06,
    "remaining_quantity": 0.06
  },
  {
    "event_id": "86481b1f1dd9d9e59902c3c7fc8de250c742aeeb7e76ce1ff77adaf8d5e6e363",
    "schema_version": "1.0.0",
    "event_type": "agent_order",
    "source": "synthetic_agent",
    "symbol": "BTCUSDT",
    "exchange": "binance_usdm",
    "timestamp": "2024-05-01T00:00:00.060000Z",
    "sequence": 2,
    "scenario_id": "scenario-501-stop_run_sweep",
    "agent_id": "agent-stop_run_sweep",
    "order_id": "scenario-501-stop_run_sweep-agent-stop_run_sweep-2",
    "action": "new",
    "side": "buy",
    "price": 65573.0511,
    "quantity": 0.06,
    "remaining_quantity": 0.06
  },
  {
    "event_id": "5952c59e5250ceac4ee06e4e0d2cc178b6517c4627f2aeb4236c2da995a87893",
    "schema_version": "1.0.0",
    "event_type": "agent_order",
    "source": "synthetic_agent",
    "symbol": "BTCUSDT",
    "exchange": "binance_usdm",
    "timestamp": "2024-05-01T00:00:00.090000Z",
    "sequence": 3,
    "scenario_id": "scenario-501-stop_run_sweep",
    "agent_id": "agent-stop_run_sweep",
    "order_id": "scenario-501-stop_run_sweep-agent-stop_run_sweep-3",
    "action": "new",
    "side": "buy",
    "price": 65576.32615,
    "quantity": 0.06,
    "remaining_quantity": 0.06
  },
  {
    "event_id": "acc5587cd885fa17d2b97022dd089b75ced52aa9a31af429ce1617998d8acc4c",
    "schema_version": "1.0.0",
    "event_type": "agent_order",
    "source": "synthetic_agent",
    "symbol": "BTCUSDT",
    "exchange": "binance_usdm",
    "timestamp": "2024-05-01T00:00:00.120000Z",
    "sequence": 4,
    "scenario_id": "scenario-501-stop_run_sweep",
    "agent_id": "agent-stop_run_sweep",
    "order_id": "scenario-501-stop_run_sweep-agent-stop_run_sweep-4",
    "action": "new",
    "side": "buy",
    "price": 65579.60119999999,
    "quantity": 0.06,
    "remaining_quantity": 0.06
  },
  {
    "event_id": "9ffc06b6ff9618f6bde9c12e7ed3a2579655a84fcb7f957325f6fd968f6b82a3",
    "schema_version": "1.0.0",
    "event_type": "agent_order",
    "source": "synthetic_agent",
    "symbol": "BTCUSDT",
    "exchange": "binance_usdm",
    "timestamp": "2024-05-01T00:00:00.150000Z",
    "sequence": 5,
    "scenario_id": "scenario-501-stop_run_sweep",
    "agent_id": "agent-stop_run_sweep",
    "order_id": "scenario-501-stop_run_sweep-agent-stop_run_sweep-5",
    "action": "new",
    "side": "buy",
    "price": 65582.87625,
    "quantity": 0.06,
    "remaining_quantity": 0.06
  },
  {
    "event_id": "d56bafabda1bf31f7dc9e526adf13faaa99aecfbde386d101be5c4ccace26ed1",
    "schema_version": "1.0.0",
    "event_type": "agent_order",
    "source": "synthetic_agent",
    "symbol": "BTCUSDT",
    "exchange": "binance_usdm",
    "timestamp": "2024-05-01T00:00:00.180000Z",
    "sequence": 6,
    "scenario_id": "scenario-501-stop_run_sweep",
    "agent_id": "agent-stop_run_sweep",
    "order_id": "scenario-501-stop_run_sweep-agent-stop_run_sweep-6",
    "action": "new",
    "side": "buy",
    "price": 65586.1513,
    "quantity": 0.06,
    "remaining_quantity": 0.06
  },
  {
    "event_id": "f9b64c0fcce02794a357c093d4c72d4c48791460afa333611c91ac5705967347",
    "schema_version": "1.0.0",
    "event_type": "agent_order",
    "source": "synthetic_agent",
    "symbol": "BTCUSDT",
    "exchange": "binance_usdm",
    "timestamp": "2024-05-01T00:00:00.210000Z",
    "sequence": 7,
    "scenario_id": "scenario-501-stop_run_sweep",
    "agent_id": "agent-stop_run_sweep",
    "order_id": "scenario-501-stop_run_sweep-agent-stop_run_sweep-7",
    "action": "new",
    "side": "buy",
    "price": 65589.42635,
    "quantity": 0.06,
    "remaining_quantity": 0.06
  },
  {
    "event_id": "d387045ff13aa7fbd6031e01d48034a2a378b8bc115f1b3a5dae182f2fa6511e",
    "schema_version": "1.0.0",
    "event_type": "agent_order",
    "source": "synthetic_agent",
    "symbol": "BTCUSDT",
    "exchange": "binance_usdm",
    "timestamp": "2024-05-01T00:00:00.240000Z",
    "sequence": 8,
    "scenario_id": "scenario-501-stop_run_sweep",
    "agent_id": "agent-stop_run_sweep",
    "order_id": "scenario-501-stop_run_sweep-agent-stop_run_sweep-8",
    "action": "new",
    "side": "buy",
    "price": 65592.70139999999,
    "quantity": 0.06,
    "remaining_quantity": 0.06
  },
  {
    "event_id": "558eb88cb17a31c2a8d69c354d3f479f2c2b9134cb0668e4b5841d7a67024c34",
    "schema_version": "1.0.0",
    "event_type": "agent_order",
    "source": "synthetic_agent",
    "symbol": "BTCUSDT",
    "exchange": "binance_usdm",
    "timestamp": "2024-05-01T00:00:00.270000Z",
    "sequence": 9,
    "scenario_id": "scenario-501-stop_run_sweep",
    "agent_id": "agent-stop_run_sweep",
    "order_id": "scenario-501-stop_run_sweep-agent-stop_run_sweep-9",
    "action": "new",
    "side": "buy",
    "price": 65595.97645,
    "quantity": 0.06,
    "remaining_quantity": 0.06
  },
  {
    "event_id": "a8b04b109b176fe45cfd8f39820682326e7cab51d2f0a2a1cfb00962572e0160",
    "schema_version": "1.0.0",
    "event_type": "agent_order",
    "source": "synthetic_agent",
    "symbol": "BTCUSDT",
    "exchange": "binance_usdm",
    "timestamp": "2024-05-01T00:00:00.300000Z",
    "sequence": 10,
    "scenario_id": "scenario-501-stop_run_sweep",
    "agent_id": "agent-stop_run_sweep",
    "order_id": "scenario-501-stop_run_sweep-agent-stop_run_sweep-10",
    "action": "new",
    "side": "buy",
    "price": 65599.25149999998,
    "quantity": 0.06,
    "remaining_quantity": 0.06
  },
  {
    "event_id": "3cca6fbce1a7f9cd7d45381beee48d22d1c23bd049fc5171822cf07998b9ede6",
    "schema_version": "1.0.0",
    "event_type": "agent_order",
    "source": "synthetic_agent",
    "symbol": "BTCUSDT",
    "exchange": "binance_usdm",
    "timestamp": "2024-05-01T00:00:00.330000Z",
    "sequence": 11,
    "scenario_id": "scenario-501-stop_run_sweep",
    "agent_id": "agent-stop_run_sweep",
    "order_id": "scenario-501-stop_run_sweep-agent-stop_run_sweep-11",
    "action": "new",
    "side": "buy",
    "price": 65602.52655,
    "quantity": 0.06,
    "remaining_quantity": 0.06
  },
  {
    "event_id": "4ea2f828a534b7e287512e6d6a870f00e053cb2aae1ff950e2f5d4d5d1165a4f",
    "schema_version": "1.0.0",
    "event_type": "agent_order",
    "source": "synthetic_agent",
    "symbol": "BTCUSDT",
    "exchange": "binance_usdm",
    "timestamp": "2024-05-01T00:00:00.360000Z",
    "sequence": 12,
    "scenario_id": "scenario-501-stop_run_sweep",
    "agent_id": "agent-stop_run_sweep",
    "order_id": "scenario-501-stop_run_sweep-agent-stop_run_sweep-12",
    "action": "new",
    "side": "buy",
    "price": 65605.80159999999,
    "quantity": 0.06,
    "remaining_quantity": 0.06
  },
  {
    "event_id": "e3896d66d10e4a70485104c560e2b3eae057a27ba5315d875637ed8f0bb023d4",
    "schema_version": "1.0.0",
    "event_type": "agent_order",
    "source": "synthetic_agent",
    "symbol": "BTCUSDT",
    "exchange": "binance_usdm",
    "timestamp": "2024-05-01T00:00:00.390000Z",
    "sequence": 13,
    "scenario_id": "scenario-501-stop_run_sweep",
    "agent_id": "agent-stop_run_sweep",
    "order_id": "scenario-501-stop_run_sweep-agent-stop_run_sweep-13",
    "action": "new",
    "side": "buy",
    "price": 65609.07664999999,
    "quantity": 0.06,
    "remaining_quantity": 0.06
  },
  {
    "event_id": "6319e76bf84c6a22bdc62aeddd10794cceb672a413735da60fb515d9bfba33f0",
    "schema_version": "1.0.0",
    "event_type": "agent_order",
    "source": "synthetic_agent",
    "symbol": "BTCUSDT",
    "exchange": "binance_usdm",
    "timestamp": "2024-05-01T00:00:00.420000Z",
    "sequence": 14,
    "scenario_id": "scenario-501-stop_run_sweep",
    "agent_id": "agent-stop_run_sweep",
    "order_id": "scenario-501-stop_run_sweep-agent-stop_run_sweep-14",
    "action": "new",
    "side": "buy",
    "price": 65612.35169999998,
    "quantity": 0.06,
    "remaining_quantity": 0.06
  },
  {
    "event_id": "840f7ec7b05ef80ef6a2b295424b94dd6768be5b24463d43b12964d6bf180feb",
    "schema_version": "1.0.0",
    "event_type": "agent_order",
    "source": "synthetic_agent",
    "symbol": "BTCUSDT",
    "exchange": "binance_usdm",
    "timestamp": "2024-05-01T00:00:00.450000Z",
    "sequence": 15,
    "scenario_id": "scenario-501-stop_run_sweep",
    "agent_id": "agent-stop_run_sweep",
    "order_id": "scenario-501-stop_run_sweep-agent-stop_run_sweep-15",
    "action": "new",
    "side": "buy",
    "price": 65615.62675,
    "quantity": 0.06,
    "remaining_quantity": 0.06
  },
  {
    "event_id": "e99e81cbf010759b0b16f52e86621a171e09291fdef88b94c6cd1eeddad021b3",
    "schema_version": "1.0.0",
    "event_type": "agent_order",
    "source": "synthetic_agent",
    "symbol": "BTCUSDT",
    "exchange": "binance_usdm",
    "timestamp": "2024-05-01T00:00:00.480000Z",
    "sequence": 16,
    "scenario_id": "scenario-501-stop_run_sweep",
    "agent_id": "agent-stop_run_sweep",
    "order_id": "scenario-501-stop_run_sweep-agent-stop_run_sweep-16",
    "action": "new",
    "side": "buy",
    "price": 65618.90179999999,
    "quantity": 0.06,
    "remaining_quantity": 0.06
  },
  {
    "event_id": "db74a8d5c1667ac34e5c9bc3626ea8d62bf673bc408c7030676559256c5af406",
    "schema_version": "1.0.0",
    "event_type": "agent_order",
    "source": "synthetic_agent",
    "symbol": "BTCUSDT",
    "exchange": "binance_usdm",
    "timestamp": "2024-05-01T00:00:00.510000Z",
    "sequence": 17,
    "scenario_id": "scenario-501-stop_run_sweep",
    "agent_id": "agent-stop_run_sweep",
    "order_id": "scenario-501-stop_run_sweep-agent-stop_run_sweep-17",
    "action": "new",
    "side": "buy",
    "price": 65622.17684999999,
    "quantity": 0.06,
    "remaining_quantity": 0.06
  },
  {
    "event_id": "6f87f9c3a7df116912b3cd1c694fe342fa3bfe9110c9cb5bd2943b1030d976a9",
    "schema_version": "1.0.0",
    "event_type": "agent_order",
    "source": "synthetic_agent",
    "symbol": "BTCUSDT",
    "exchange": "binance_usdm",
    "timestamp": "2024-05-01T00:00:00.540000Z",
    "sequence": 18,
    "scenario_id": "scenario-501-stop_run_sweep",
    "agent_id": "agent-stop_run_sweep",
    "order_id": "scenario-501-stop_run_sweep-agent-stop_run_sweep-18",
    "action": "new",
    "side": "buy",
    "price": 65625.45189999999,
    "quantity": 0.06,
    "remaining_quantity": 0.06
  },
  {
    "event_id": "2cfc9c6bec5b19be92baff1fbefa835d8aa4a86f42abd748c03869ad01dc1be4",
    "schema_version": "1.0.0",
    "event_type": "agent_order",
    "source": "synthetic_agent",
    "symbol": "BTCUSDT",
    "exchange": "binance_usdm",
    "timestamp": "2024-05-01T00:00:00.570000Z",
    "sequence": 19,
    "scenario_id": "scenario-501-stop_run_sweep",
    "agent_id": "agent-stop_run_sweep",
    "order_id": "scenario-501-stop_run_sweep-agent-stop_run_sweep-19",
    "action": "new",
    "side": "buy",
    "price": 65628.72695,
    "quantity": 0.06,
    "remaining_quantity": 0.06
  },
  {
    "event_id": "521f0fbe8adea5e5183e0841813aed0b9af4b9fdf6621ce82d1ae386568fafc0",
    "schema_version": "1.0.0",
    "event_type": "agent_order",
    "source": "synthetic_agent",
    "symbol": "BTCUSDT",
    "exchange": "binance_usdm",
    "timestamp": "2024-05-01T00:00:00.600000Z",
    "sequence": 20,
    "scenario_id": "scenario-501-stop_run_sweep",
    "agent_id": "agent-stop_run_sweep",
    "order_id": "scenario-501-stop_run_sweep-agent-stop_run_sweep-20",
    "action": "new",
    "side": "buy",
    "price": 65632.00199999998,
    "quantity": 0.06,
    "remaining_quantity": 0.06
  },
  {
    "event_id": "9ac373d1b82e8e21ea8891ef94d43d8b39dca6044d47669e9fc2ae5916ebd877",
    "schema_version": "1.0.0",
    "event_type": "agent_order",
    "source": "synthetic_agent",
    "symbol": "BTCUSDT",
    "exchange": "binance_usdm",
    "timestamp": "2024-05-01T00:00:00.630000Z",
    "sequence": 21,
    "scenario_id": "scenario-501-stop_run_sweep",
    "agent_id": "agent-stop_run_sweep",
    "order_id": "scenario-501-stop_run_sweep-agent-stop_run_sweep-21",
    "action": "new",
    "side": "buy",
    "price": 65635.27704999999,
    "quantity": 0.06,
    "remaining_quantity": 0.06
  },
  {
    "event_id": "1f622e011eeaf76e2538095e115282756fe08e81eb15875017055c9181f0bb64",
    "schema_version": "1.0.0",
    "event_type": "agent_order",
    "source": "synthetic_agent",
    "symbol": "BTCUSDT",
    "exchange": "binance_usdm",
    "timestamp": "2024-05-01T00:00:00.660000Z",
    "sequence": 22,
    "scenario_id": "scenario-501-stop_run_sweep",
    "agent_id": "agent-stop_run_sweep",
    "order_id": "scenario-501-stop_run_sweep-agent-stop_run_sweep-22",
    "action": "new",
    "side": "buy",
    "price": 65638.5521,
    "quantity": 0.06,
    "remaining_quantity": 0.06
  },
  {
    "event_id": "644ec58f558afced7ae8281be34621ab11751ebfc3c5894a9557ef2fd9db6c93",
    "schema_version": "1.0.0",
    "event_type": "agent_order",
    "source": "synthetic_agent",
    "symbol": "BTCUSDT",
    "exchange": "binance_usdm",
    "timestamp": "2024-05-01T00:00:00.690000Z",
    "sequence": 23,
    "scenario_id": "scenario-501-stop_run_sweep",
    "agent_id": "agent-stop_run_sweep",
    "order_id": "scenario-501-stop_run_sweep-agent-stop_run_sweep-23",
    "action": "new",
    "side": "buy",
    "price": 65641.82715,
    "quantity": 0.06,
    "remaining_quantity": 0.06
  },
  {
    "event_id": "9371042d45a20ca08aa98c483c9aedb0d2a8679b65c3e20af32bfd78e87db040",
    "schema_version": "1.0.0",
    "event_type": "agent_order",
    "source": "synthetic_agent",
    "symbol": "BTCUSDT",
    "exchange": "binance_usdm",
    "timestamp": "2024-05-01T00:00:00.720000Z",
    "sequence": 24,
    "scenario_id": "scenario-501-stop_run_sweep",
    "agent_id": "agent-stop_run_sweep",
    "order_id": "scenario-501-stop_run_sweep-agent-stop_run_sweep-24",
    "action": "new",
    "side": "buy",
    "price": 65645.1022,
    "quantity": 0.06,
    "remaining_quantity": 0.06
  },
  {
    "event_id": "17545881fa438b41b1cdd605b16c5b27c865ce864ceebdaf454403038545fca9",
    "schema_version": "1.0.0",
    "event_type": "agent_order",
    "source": "synthetic_agent",
    "symbol": "BTCUSDT",
    "exchange": "binance_usdm",
    "timestamp": "2024-05-01T00:00:00.750000Z",
    "sequence": 25,
    "scenario_id": "scenario-501-stop_run_sweep",
    "agent_id": "agent-stop_run_sweep",
    "order_id": "scenario-501-stop_run_sweep-agent-stop_run_sweep-25",
    "action": "new",
    "side": "buy",
    "price": 65648.37724999999,
    "quantity": 0.06,
    "remaining_quantity": 0.06
  },
  {
    "event_id": "6beb6a4a64faf8446923e1a3c9b881a46a934c14d7db02f580fbd48580e3390f",
    "schema_version": "1.0.0",
    "event_type": "agent_order",
    "source": "synthetic_agent",
    "symbol": "BTCUSDT",
    "exchange": "binance_usdm",
    "timestamp": "2024-05-01T00:00:00.780000Z",
    "sequence": 26,
    "scenario_id": "scenario-501-stop_run_sweep",
    "agent_id": "agent-stop_run_sweep",
    "order_id": "scenario-501-stop_run_sweep-agent-stop_run_sweep-26",
    "action": "new",
    "side": "buy",
    "price": 65651.6523,
    "quantity": 0.06,
    "remaining_quantity": 0.06
  },
  {
    "event_id": "584f3d38a5562ced895941c32eeb2834fb386d4864a866e36cfc4cfe42e18a48",
    "schema_version": "1.0.0",
    "event_type": "agent_order",
    "source": "synthetic_agent",
    "symbol": "BTCUSDT",
    "exchange": "binance_usdm",
    "timestamp": "2024-05-01T00:00:00.810000Z",
    "sequence": 27,
    "scenario_id": "scenario-501-stop_run_sweep",
    "agent_id": "agent-stop_run_sweep",
    "order_id": "scenario-501-stop_run_sweep-agent-stop_run_sweep-27",
    "action": "new",
    "side": "buy",
    "price": 65654.92734999998,
    "quantity": 0.06,
    "remaining_quantity": 0.06
  },
  {
    "event_id": "83781a40487a7edef3764111a196f7d992921e7cc8058a7c805ef16e236d7b51",
    "schema_version": "1.0.0",
    "event_type": "agent_order",
    "source": "synthetic_agent",
    "symbol": "BTCUSDT",
    "exchange": "binance_usdm",
    "timestamp": "2024-05-01T00:00:00.840000Z",
    "sequence": 28,
    "scenario_id": "scenario-501-stop_run_sweep",
    "agent_id": "agent-stop_run_sweep",
    "order_id": "scenario-501-stop_run_sweep-agent-stop_run_sweep-28",
    "action": "new",
    "side": "buy",
    "price": 65658.2024,
    "quantity": 0.06,
    "remaining_quantity": 0.06
  },
  {
    "event_id": "3341aa377e723f9c58416c5a5463ae074a59bcbe6ac9445cd928542f4e828ddb",
    "schema_version": "1.0.0",
    "event_type": "agent_order",
    "source": "synthetic_agent",
    "symbol": "BTCUSDT",
    "exchange": "binance_usdm",
    "timestamp": "2024-05-01T00:00:00.870000Z",
    "sequence": 29,
    "scenario_id": "scenario-501-stop_run_sweep",
    "agent_id": "agent-stop_run_sweep",
    "order_id": "scenario-501-stop_run_sweep-agent-stop_run_sweep-29",
    "action": "new",
    "side": "buy",
    "price": 65661.47744999999,
    "quantity": 0.06,
    "remaining_quantity": 0.06
  }
]