[
  {
    "event_id": "08de8bc9a8ca420b31144096386a9157a00a0f529a9acee5ce4574f699b563f7",
    "schema_version": "1.0.0",
    "event_type": "agent_order",
    "source": "synthetic_agent",
    "symbol": "BTCUSDT",
    "exchange": "binance_usdm",
    "timestamp": "2024-05-01T00:00:00Z",
    "sequence": 0,
    "scenario_id": "scenario-535-coordinated_burst",
    "agent_id": "agent-coordinated_burst-0",
    "order_id": "scenario-535-coordinated_burst-agent-coordinated_burst-0-0",
    "action": "new",
    "side": "buy",
    "price": 65548.107,
    "quantity": 0.04,
    "remaining_quantity": 0.04
  },
  {
    "event_id": "c2d3cb0ede0985b093f84eb36a1de49ee6c15dd54db9c880f5b9bc4bf5154520",
    "schema_version": "1.0.0",
    "event_type": "agent_order",
    "source": "synthetic_agent",
    "symbol": "BTCUSDT",
    "exchange": "binance_usdm",
    "timestamp": "2024-05-01T00:00:00.012000Z",
    "sequence": 1,
    "scenario_id": "scenario-535-coordinated_burst",
    "agent_id": "agent-coordinated_burst-1",
    "order_id": "scenario-535-coordinated_burst-agent-coordinated_burst-1-1",
    "action": "new",
    "side": "sell",
    "price": 65521.893000000004,
    "quantity": 0.04,
    "remaining_quantity": 0.04
  },
  {
    "event_id": "159432b096304ae1c175efcc0468f60eb59ac9ff86ca9964c3930a592b0e93b6",
    "schema_version": "1.0.0",
    "event_type": "agent_order",
    "source": "synthetic_agent",
    "symbol": "BTCUSDT",
    "exchange": "binance_usdm",
    "timestamp": "2024-05-01T00:00:00.024000Z",
    "sequence": 2,
    "scenario_id": "scenario-535-coordinated_burst",
    "agent_id": "agent-coordinated_burst-2",
    "order_id": "scenario-535-coordinated_burst-agent-coordinated_burst-2-2",
    "action": "new",
    "side": "sell",
    "price": 65521.893000000004,
    "quantity": 0.04,
    "remaining_quantity": 0.04
  },
  {
    "event_id": "0c2060e279a167f6d3fb29be468a992a94e1796a83a54cf5657ad76cdad48c5d",
    "schema_version": "1.0.0",
    "event_type": "agent_order",
    "source": "synthetic_agent",
    "symbol": "BTCUSDT",
    "exchange": "binance_usdm",
    "timestamp": "2024-05-01T00:00:00.036000Z",
    "sequence": 3,
    "scenario_id": "scenario-535-coordinated_burst",
    "agent_id": "agent-coordinated_burst-0",
    "order_id": "scenario-535-coordinated_burst-agent-coordinated_burst-0-3",
    "action": "new",
    "side": "buy",
    "price": 65548.107,
    "quantity": 0.04,
    "remaining_quantity": 0.04
  },
  {
    "event_id": "71ceb0d75cb62b9f5d59a7f7fb18ad70830efa154e5b10bb34a507cdcd5ddad0",
    "schema_version": "1.0.0",
    "event_type": "agent_order",
    "source": "synthetic_agent",
    "symbol": "BTCUSDT",
    "exchange": "binance_usdm",
    "timestamp": "2024-05-01T00:00:00.048000Z",
    "sequence": 4,
    "scenario_id": "scenario-535-coordinated_burst",
    "agent_id": "agent-coordinated_burst-1",
    "order_id": "scenario-535-coordinated_burst-agent-coordinated_burst-1-4",
    "action": "new",
    "side": "sell",
    "price": 65521.893000000004,
    "quantity": 0.04,
    "remaining_quantity": 0.04
  },
  {
    "event_id": "4aa39eb666356e84d677d0163c437ea1683adb9e99720a401e20550573f60491",
    "schema_version": "1.0.0",
    "event_type": "agent_order",
    "source": "synthetic_agent",
    "symbol": "BTCUSDT",
    "exchange": "binance_usdm",
    "timestamp": "2024-05-01T00:00:00.600000Z",
    "sequence": 5,
    "scenario_id": "scenario-535-coordinated_burst",
    "agent_id": "agent-coordinated_burst-2",
    "order_id": "scenario-535-coordinated_burst-agent-coordinated_burst-2-5",
    "action": "new",
    "side": "sell",
    "price": 65521.893000000004,
    "quantity": 0.04,
    "remaining_quantity": 0.04
  },
  {
    "event_id": "0cf527e6d4893e5ee01d51a9e7cfb4b30ac9e1358624de1c20939c8a0ace33a2",
    "schema_version": "1.0.0",
    "event_type": "agent_order",
    "source": "synthetic_agent",
    "symbol": "BTCUSDT",
    "exchange": "binance_usdm",
    "timestamp": "2024-05-01T00:00:00.072000Z",
    "sequence": 6,
    "scenario_id": "scenario-535-coordinated_burst",
    "agent_id": "agent-coordinated_burst-0",
    "order_id": "scenario-535-coordinated_burst-agent-coordinated_burst-0-6",
    "action": "new",
    "side": "buy",
    "price": 65548.107,
    "quantity": 0.04,
    "remaining_quantity": 0.04
  },
  {
    "event_id": "6e5eeebaceeb8f39d4a54cabdfd72424a0d385f76615374dc71dce48cda4a588",
    "schema_version": "1.0.0",
    "event_type": "agent_order",
    "source": "synthetic_agent",
    "symbol": "BTCUSDT",
    "exchange": "binance_usdm",
    "timestamp": "2024-05-01T00:00:00.084000Z",
    "sequence": 7,
    "scenario_id": "scenario-535-coordinated_burst",
    "agent_id": "agent-coordinated_burst-1",
    "order_id": "scenario-535-coordinated_burst-agent-coordinated_burst-1-7",
    "action": "new",
    "side": "sell",
    "price": 65521.893000000004,
    "quantity": 0.04,
    "remaining_quantity": 0.04
  },
  {
    "event_id": "8d0bd6520e940c508640f15cfbbd1f804de4f21bb3cdf49a0182f7c518eabf4b",
    "schema_version": "1.0.0",
    "event_type": "agent_order",
    "source": "synthetic_agent",
    "symbol": "BTCUSDT",
    "exchange": "binance_usdm",
    "timestamp": "2024-05-01T00:00:00.096000Z",
    "sequence": 8,
    "scenario_id": "scenario-535-coordinated_burst",
    "agent_id": "agent-coordinated_burst-2",
    "order_id": "scenario-535-coordinated_burst-agent-coordinated_burst-2-8",
    "action": "new",
    "side": "sell",
    "price": 65521.893000000004,
    "quantity": 0.04,
    "remaining_quantity": 0.04
  },
  {
    "event_id": "9575cd21bc8a6575017d9f2baefefed612227c8d57cc087eb3df9e4d0557b0d9",
    "schema_version": "1.0.0",
    "event_type": "agent_order",
    "source": "synthetic_agent",
    "symbol": "BTCUSDT",
    "exchange": "binance_usdm",
    "timestamp": "2024-05-01T00:00:00.108000Z",
    "sequence": 9,
    "scenario_id": "scenario-535-coordinated_burst",
    "agent_id": "agent-coordinated_burst-0",
    "order_id": "scenario-535-coordinated_burst-agent-coordinated_burst-0-9",
    "action": "new",
    "side": "buy",
    "price": 65548.107,
    "quantity": 0.04,
    "remaining_quantity": 0.04
  },
  {
    "event_id": "8a20da60f3be3e8ab52cc281a13c8cce042b7c56866d5249ba30ff691db72576",
    "schema_version": "1.0.0",
    "event_type": "agent_order",
    "source": "synthetic_agent",
    "symbol": "BTCUSDT",
    "exchange": "binance_usdm",
    "timestamp": "2024-05-01T00:00:01.200000Z",
    "sequence": 10,
    "scenario_id": "scenario-535-coordinated_burst",
    "agent_id": "agent-coordinated_burst-1",
    "order_id": "scenario-535-coordinated_burst-agent-coordinated_burst-1-10",
    "action": "new",
    "side": "sell",
    "price": 65521.893000000004,
    "quantity": 0.04,
    "remaining_quantity": 0.04
  },
  {
    "event_id": "56cf0a39bdab400d7fcaba3ed837765fab8144aa18b4683895c47b597601ddab",
    "schema_version": "1.0.0",
    "event_type": "agent_order",
    "source": "synthetic_agent",
    "symbol": "BTCUSDT",
    "exchange": "binance_usdm",
    "timestamp": "2024-05-01T00:00:00.132000Z",
    "sequence": 11,
    "scenario_id": "scenario-535-coordinated_burst",
    "agent_id": "agent-coordinated_burst-2",
    "order_id": "scenario-535-coordinated_burst-agent-coordinated_burst-2-11",
    "action": "new",
    "side": "sell",
    "price": 65521.893000000004,
    "quantity": 0.04,
    "remaining_quantity": 0.04
  },
  {
    "event_id": "daaa04b7a656fef704afce2adcde5a491d1f0d9a459435686ac414e10a361200",
    "schema_version": "1.0.0",
    "event_type": "agent_order",
    "source": "synthetic_agent",
    "symbol": "BTCUSDT",
    "exchange": "binance_usdm",
    "timestamp": "2024-05-01T00:00:00.144000Z",
    "sequence": 12,
    "scenario_id": "scenario-535-coordinated_burst",
    "agent_id": "agent-coordinated_burst-0",
    "order_id": "scenario-535-coordinated_burst-agent-coordinated_burst-0-12",
    "action": "new",
    "side": "buy",
    "price": 65548.107,
    "quantity": 0.04,
    "remaining_quantity": 0.04
  },
  {
    "event_id": "86225ae65006267632d6f7ac93e067ba2dc5f8970cc1ee6b3be4ed689a3b1298",
    "schema_version": "1.0.0",
    "event_type": "agent_order",
    "source": "synthetic_agent",
    "symbol": "BTCUSDT",
    "exchange": "binance_usdm",
    "timestamp": "2024-05-01T00:00:00.156000Z",
    "sequence": 13,
    "scenario_id": "scenario-535-coordinated_burst",
    "agent_id": "agent-coordinated_burst-1",
    "order_id": "scenario-535-coordinated_burst-agent-coordinated_burst-1-13",
    "action": "new",
    "side": "sell",
    "price": 65521.893000000004,
    "quantity": 0.04,
    "remaining_quantity": 0.04
  },
  {
    "event_id": "d0bad1f59c0f3dc742dba5333c11ebb0d70ac66ee330374931b30425bc8eca7b",
    "schema_version": "1.0.0",
    "event_type": "agent_order",
    "source": "synthetic_agent",
    "symbol": "BTCUSDT",
    "exchange": "binance_usdm",
    "timestamp": "2024-05-01T00:00:00.168000Z",
    "sequence": 14,
    "scenario_id": "scenario-535-coordinated_burst",
    "agent_id": "agent-coordinated_burst-2",
    "order_id": "scenario-535-coordinated_burst-agent-coordinated_burst-2-14",
    "action": "new",
    "side": "sell",
    "price": 65521.893000000004,
    "quantity": 0.04,
    "remaining_quantity": 0.04
  },
  {
    "event_id": "4094f6e32a663774c0857507c19868a0ea2d2b3723266fec087147853dbf92d8",
    "schema_version": "1.0.0",
    "event_type": "agent_order",
    "source": "synthetic_agent",
    "symbol": "BTCUSDT",
    "exchange": "binance_usdm",
    "timestamp": "2024-05-01T00:00:01.800000Z",
    "sequence": 15,
    "scenario_id": "scenario-535-coordinated_burst",
    "agent_id": "agent-coordinated_burst-0",
    "order_id": "scenario-535-coordinated_burst-agent-coordinated_burst-0-15",
    "action": "new",
    "side": "buy",
    "price": 65548.107,
    "quantity": 0.04,
    "remaining_quantity": 0.04
  },
  {
    "event_id": "4c6c4d68aae6f50f66218c74ba732f5bb04da52403169bdf4de471d20b62d0bd",
    "schema_version": "1.0.0",
    "event_type": "agent_order",
    "source": "synthetic_agent",
    "symbol": "BTCUSDT",
    "exchange": "binance_usdm",
    "timestamp": "2024-05-01T00:00:00.192000Z",
    "sequence": 16,
    "scenario_id": "scenario-535-coordinated_burst",
    "agent_id": "agent-coordinated_burst-1",
    "order_id": "scenario-535-coordinated_burst-agent-coordinated_burst-1-16",
    "action": "new",
    "side": "sell",
    "price": 65521.893000000004,
    "quantity": 0.04,
    "remaining_quantity": 0.04
  },
  {
    "event_id": "838c2aa95983e745598addae7a0da3ff18dff7511a6c8c513d3c4aba701b23e4",
    "schema_version": "1.0.0",
    "event_type": "agent_order",
    "source": "synthetic_agent",
    "symbol": "BTCUSDT",
    "exchange": "binance_usdm",
    "timestamp": "2024-05-01T00:00:00.204000Z",
    "sequence": 17,
    "scenario_id": "scenario-535-coordinated_burst",
    "agent_id": "agent-coordinated_burst-2",
    "order_id": "scenario-535-coordinated_burst-agent-coordinated_burst-2-17",
    "action": "new",
    "side": "sell",
    "price": 65521.893000000004,
    "quantity": 0.04,
    "remaining_quantity": 0.04
  },
  {
    "event_id": "c4e6b4b0b40da8031a0ee698812d9c2546ec034a999064df83e63182461a5581",
    "schema_version": "1.0.0",
    "event_type": "agent_order",
    "source": "synthetic_agent",
    "symbol": "BTCUSDT",
    "exchange": "binance_usdm",
    "timestamp": "2024-05-01T00:00:00.216000Z",
    "sequence": 18,
    "scenario_id": "scenario-535-coordinated_burst",
    "agent_id": "agent-coordinated_burst-0",
    "order_id": "scenario-535-coordinated_burst-agent-coordinated_burst-0-18",
    "action": "new",
    "side": "buy",
    "price": 65548.107,
    "quantity": 0.04,
    "remaining_quantity": 0.04
  },
  {
    "event_id": "8ae172c643a0e359d1a013b81af0950b8bdc38c05466e9f58d512bbedafa2bda",
    "schema_version": "1.0.0",
    "event_type": "agent_order",
    "source": "synthetic_agent",
    "symbol": "BTCUSDT",
    "exchange": "binance_usdm",
    "timestamp": "2024-05-01T00:00:00.228000Z",
    "sequence": 19,
    "scenario_id": "scenario-535-coordinated_burst",
    "agent_id": "agent-coordinated_burst-1",
    "order_id": "scenario-535-coordinated_burst-agent-coordinated_burst-1-19",
    "action": "new",
    "side": "sell",
    "price": 65521.893000000004,
    "quantity": 0.04,
    "remaining_quantity": 0.04
  },
  {
    "event_id": "37b34490fc60c77b56336f49f7c7e0712f8745a567ea50153ecc4922fa2dc0e1",
    "schema_version": "1.0.0",
    "event_type": "agent_order",
    "source": "synthetic_agent",
    "symbol": "BTCUSDT",
    "exchange": "binance_usdm",
    "timestamp": "2024-05-01T00:00:02.400000Z",
    "sequence": 20,
    "scenario_id": "scenario-535-coordinated_burst",
    "agent_id": "agent-coordinated_burst-2",
    "order_id": "scenario-535-coordinated_burst-agent-coordinated_burst-2-20",
    "action": "new",
    "side": "sell",
    "price": 65521.893000000004,
    "quantity": 0.04,
    "remaining_quantity": 0.04
  },
  {
    "event_id": "7c8b49a372d14abcf5168f9177375e3bb498c78f24c2e2133c407615d14c6867",
    "schema_version": "1.0.0",
    "event_type": "agent_order",
    "source": "synthetic_agent",
    "symbol": "BTCUSDT",
    "exchange": "binance_usdm",
    "timestamp": "2024-05-01T00:00:00.252000Z",
    "sequence": 21,
    "scenario_id": "scenario-535-coordinated_burst",
    "agent_id": "agent-coordinated_burst-0",
    "order_id": "scenario-535-coordinated_burst-agent-coordinated_burst-0-21",
    "action": "new",
    "side": "buy",
    "price": 65548.107,
    "quantity": 0.04,
    "remaining_quantity": 0.04
  },
  {
    "event_id": "93b50e701c1921b84b69b8675d28bc6480327affcf523cdafbb4e91ee7f4db35",
    "schema_version": "1.0.0",
    "event_type": "agent_order",
    "source": "synthetic_agent",
    "symbol": "BTCUSDT",
    "exchange": "binance_usdm",
    "timestamp": "2024-05-01T00:00:00.264000Z",
    "sequence": 22,
    "scenario_id": "scenario-535-coordinated_burst",
    "agent_id": "agent-coordinated_burst-1",
    "order_id": "scenario-535-coordinated_burst-agent-coordinated_burst-1-22",
    "action": "new",
    "side": "sell",
    "price": 65521.893000000004,
    "quantity": 0.04,
    "remaining_quantity": 0.04
  },
  {
    "event_id": "d1aeeb35c078696c2c12fc98ea2de35dc09baf350aca57b51451a9e1e28663f2",
    "schema_version": "1.0.0",
    "event_type": "agent_order",
    "source": "synthetic_agent",
    "symbol": "BTCUSDT",
    "exchange": "binance_usdm",
    "timestamp": "2024-05-01T00:00:00.276000Z",
    "sequence": 23,
    "scenario_id": "scenario-535-coordinated_burst",
    "agent_id": "agent-coordinated_burst-2",
    "order_id": "scenario-535-coordinated_burst-agent-coordinated_burst-2-23",
    "action": "new",
    "side": "sell",
    "price": 65521.893000000004,
    "quantity": 0.04,
    "remaining_quantity": 0.04
  },
  {
    "event_id": "c206a8781db9e328b63a9f6e30adefd86d7aafe0675a32bb463e506e35637e42",
    "schema_version": "1.0.0",
    "event_type": "agent_order",
    "source": "synthetic_agent",
    "symbol": "BTCUSDT",
    "exchange": "binance_usdm",
    "timestamp": "2024-05-01T00:00:00.288000Z",
    "sequence": 24,
    "scenario_id": "scenario-535-coordinated_burst",
    "agent_id": "agent-coordinated_burst-0",
    "order_id": "scenario-535-coordinated_burst-agent-coordinated_burst-0-24",
    "action": "new",
    "side": "buy",
    "price": 65548.107,
    "quantity": 0.04,
    "remaining_quantity": 0.04
  },
  {
    "event_id": "00a2b325efda2cb9db14ce5eb30d1b2cbd2cfb654ed28cbdf9033b761d6d3c88",
    "schema_version": "1.0.0",
    "event_type": "agent_order",
    "source": "synthetic_agent",
    "symbol": "BTCUSDT",
    "exchange": "binance_usdm",
    "timestamp": "2024-05-01T00:00:03Z",
    "sequence": 25,
    "scenario_id": "scenario-535-coordinated_burst",
    "agent_id": "agent-coordinated_burst-1",
    "order_id": "scenario-535-coordinated_burst-agent-coordinated_burst-1-25",
    "action": "new",
    "side": "sell",
    "price": 65521.893000000004,
    "quantity": 0.04,
    "remaining_quantity": 0.04
  },
  {
    "event_id": "65db2266c5bd0f109083a2a6ea1110e040c8e5c2aedeab8996105f312e300023",
    "schema_version": "1.0.0",
    "event_type": "agent_order",
    "source": "synthetic_agent",
    "symbol": "BTCUSDT",
    "exchange": "binance_usdm",
    "timestamp": "2024-05-01T00:00:00.312000Z",
    "sequence": 26,
    "scenario_id": "scenario-535-coordinated_burst",
    "agent_id": "agent-coordinated_burst-2",
    "order_id": "scenario-535-coordinated_burst-agent-coordinated_burst-2-26",
    "action": "new",
    "side": "sell",
    "price": 65521.893000000004,
    "quantity": 0.04,
    "remaining_quantity": 0.04
  },
  {
    "event_id": "0e1e69818df2b29c7d3ac740c927306ebd4cd8168be8ffde4e893b38c8e0e8fd",
    "schema_version": "1.0.0",
    "event_type": "agent_order",
    "source": "synthetic_agent",
    "symbol": "BTCUSDT",
    "exchange": "binance_usdm",
    "timestamp": "2024-05-01T00:00:00.324000Z",
    "sequence": 27,
    "scenario_id": "scenario-535-coordinated_burst",
    "agent_id": "agent-coordinated_burst-0",
    "order_id": "scenario-535-coordinated_burst-agent-coordinated_burst-0-27",
    "action": "new",
    "side": "buy",
    "price": 65548.107,
    "quantity": 0.04,
    "remaining_quantity": 0.04
  },
  {
    "event_id": "30d6b522fe57607dabf9bccbd8063f7e8f63387a16a2d88736fa001f30fbe610",
    "schema_version": "1.0.0",
    "event_type": "agent_order",
    "source": "synthetic_agent",
    "symbol": "BTCUSDT",
    "exchange": "binance_usdm",
    "timestamp": "2024-05-01T00:00:00.336000Z",
    "sequence": 28,
    "scenario_id": "scenario-535-coordinated_burst",
    "agent_id": "agent-coordinated_burst-1",
    "order_id": "scenario-535-coordinated_burst-agent-coordinated_burst-1-28",
    "action": "new",
    "side": "sell",
    "price": 65521.893000000004,
    "quantity": 0.04,
    "remaining_quantity": 0.04
  },
  {
    "event_id": "325bd1edf1cf1111e440b895b719d48d2673c5dbde503778e6ec1faa5334452a",
    "schema_version": "1.0.0",
    "event_type": "agent_order",
    "source": "synthetic_agent",
    "symbol": "BTCUSDT",
    "exchange": "binance_usdm",
    "timestamp": "2024-05-01T00:00:00.348000Z",
    "sequence": 29,
    "scenario_id": "scenario-535-coordinated_burst",
    "agent_id": "agent-coordinated_burst-2",
    "order_id": "scenario-535-coordinated_burst-agent-coordinated_burst-2-29",
    "action": "new",
    "side": "sell",
    "price": 65521.893000000004,
    "quantity": 0.04,
    "remaining_quantity": 0.04
  }
]