[
  {
    "event_id": "73ee1d28a9167903e2c4e8108d3d251fe23bb5ed5f72e947bd3a75edc801bb64",
    "schema_version": "1.0.0",
    "event_type": "agent_order",
    "source": "synthetic_agent",
    "symbol": "BTCUSDT",
    "exchange": "binance_usdm",
    "timestamp": "2024-05-01T00:00:00Z",
    "sequence": 0,
    "scenario_id": "scenario-593-momentum_ignition",
    "agent_id": "agent-momentum_ignition",
    "order_id": "scenario-593-momentum_ignition-agent-momentum_ignition-0",
    "action": "new",
    "side": "buy",
    "price": 65658.593,
    "quantity": 0.08,
    "remaining_quantity": 0.08
  },
  {
    "event_id": "7331a52500fec16d4d182dad5ccff8979028ebd80b4af876b2edc2d5629e1293",
    "schema_version": "1.0.0",
    "event_type": "agent_order",
    "source": "synthetic_agent",
    "symbol": "BTCUSDT",
    "exchange": "binance_usdm",
    "timestamp": "2024-05-01T00:00:00.080000Z",
    "sequence": 1,
    "scenario_id": "scenario-593-momentum_ignition",
    "agent_id": "agent-momentum_ignition",
    "order_id": "scenario-593-momentum_ignition-agent-momentum_ignition-1",
    "action": "new",
    "side": "buy",
    "price": 65659.90485999998,
    "quantity": 0.08,
    "remaining_quantity": 0.08
  },
  {
    "event_id": "4f25d88e072a4368acac7c06f8305fd4a7feee4be3ac6a75615e7751c5cd7833",
    "schema_version": "1.0.0",
    "event_type": "agent_order",
    "source": "synthetic_agent",
    "symbol": "BTCUSDT",
    "exchange": "binance_usdm",
    "timestamp": "2024-05-01T00:00:00.160000Z",
    "sequence": 2,
    "scenario_id": "scenario-593-momentum_ignition",
    "agent_id": "agent-momentum_ignition",
    "order_id": "scenario-593-momentum_ignition-agent-momentum_ignition-2",
    "action": "new",
    "side": "buy",
    "price": 65661.21672,
    "quantity": 0.08,
    "remaining_quantity": 0.08
  },
  {
    "event_id": "4197d0a9f2a2958689e7b48b579459f39aef51c9306908d2ee5ec446a2dc9e66",
    "schema_version": "1.0.0",
    "event_type": "agent_order",
    "source": "synthetic_agent",
    "symbol": "BTCUSDT",
    "exchange": "binance_usdm",
    "timestamp": "2024-05-01T00:00:00.240000Z",
    "sequence": 3,
    "scenario_id": "scenario-593-momentum_ignition",
    "agent_id": "agent-momentum_ignition",
    "order_id": "scenario-593-momentum_ignition-agent-momentum_ignition-3",
    "action": "new",
    "side": "buy",
    "price": 65662.52857999998,
    "quantity": 0.08,
    "remaining_quantity": 0.08
  },
  {
    "event_id": "cca598690ff1b52da6e82d8442f962a194a013dd9dc64ffd36861aeb1d6db279",
    "schema_version": "1.0.0",
    "event_type": "agent_order",
    "source": "synthetic_agent",
    "symbol": "BTCUSDT",
    "exchange": "binance_usdm",
    "timestamp": "2024-05-01T00:00:00.320000Z",
    "sequence": 4,
    "scenario_id": "scenario-593-momentum_ignition",
    "agent_id": "agent-momentum_ignition",
    "order_id": "scenario-593-momentum_ignition-agent-momentum_ignition-4",
    "action": "new",
    "side": "buy",
    "price": 65663.84044,
    "quantity": 0.08,
    "remaining_quantity": 0.08
  },
  {
    "event_id": "b122dc8b6813ce57832e053fd60496aad5555a4a8c5d61eacfe34832f3e0fa0c",
    "schema_version": "1.0.0",
    "event_type": "agent_order",
    "source": "synthetic_agent",
    "symbol": "BTCUSDT",
    "exchange": "binance_usdm",
    "timestamp": "2024-05-01T00:00:00.400000Z",
    "sequence": 5,
    "scenario_id": "scenario-593-momentum_ignition",
    "agent_id": "agent-momentum_ignition",
    "order_id": "scenario-593-momentum_ignition-agent-momentum_ignition-5",
    "action": "new",
    "side": "buy",
    "price": 65665.15229999999,
    "quantity": 0.08,
    "remaining_quantity": 0.08
  },
  {
    "event_id": "f7e730d615171424f5094983289aa9d0c115ff17464fa930a722d221e181eb91",
    "schema_version": "1.0.0",
    "event_type": "agent_order",
    "source": "synthetic_agent",
    "symbol": "BTCUSDT",
    "exchange": "binance_usdm",
    "timestamp": "2024-05-01T00:00:00.480000Z",
    "sequence": 6,
    "scenario_id": "scenario-593-momentum_ignition",
    "agent_id": "agent-momentum_ignition",
    "order_id": "scenario-593-momentum_ignition-agent-momentum_ignition-6",
    "action": "new",
    "side": "buy",
    "price": 65666.46415999999,
    "quantity": 0.08,
    "remaining_quantity": 0.08
  },
  {
    "event_id": "8cf8cff030faa26cc1c08b45fa0f64be459a89f6f35a975b7ebcc36efa175a4c",
    "schema_version": "1.0.0",
    "event_type": "agent_order",
    "source": "synthetic_agent",
    "symbol": "BTCUSDT",
    "exchange": "binance_usdm",
    "timestamp": "2024-05-01T00:00:00.560000Z",
    "sequence": 7,
    "scenario_id": "scenario-593-momentum_ignition",
    "agent_id": "agent-momentum_ignition",
    "order_id": "scenario-593-momentum_ignition-agent-momentum_ignition-7",
    "action": "new",
    "side": "buy",
    "price": 65667.77601999999,
    "quantity": 0.08,
    "remaining_quantity": 0.08
  },
  {
    "event_id": "673ebb9ee8cede258094a9303c89fc3cb7ce197c12d9fd19928fe05fca9618b9",
    "schema_version": "1.0.0",
    "event_type": "agent_order",
    "source": "synthetic_agent",
    "symbol": "BTCUSDT",
    "exchange": "binance_usdm",
    "timestamp": "2024-05-01T00:00:00.640000Z",
    "sequence": 8,
    "scenario_id": "scenario-593-momentum_ignition",
    "agent_id": "agent-momentum_ignition",
    "order_id": "scenario-593-momentum_ignition-agent-momentum_ignition-8",
    "action": "new",
    "side": "buy",
    "price": 65669.08787999999,
    "quantity": 0.08,
    "remaining_quantity": 0.08
  },
  {
    "event_id": "9c4794570426d2dac1ac9bb9aa09e2883ce456830d9a908aa1fa2ffa3fd5b399",
    "schema_version": "1.0.0",
    "event_type": "agent_order",
    "source": "synthetic_agent",
    "symbol": "BTCUSDT",
    "exchange": "binance_usdm",
    "timestamp": "2024-05-01T00:00:00.720000Z",
    "sequence": 9,
    "scenario_id": "scenario-593-momentum_ignition",
    "agent_id": "agent-momentum_ignition",
    "order_id": "scenario-593-momentum_ignition-agent-momentum_ignition-9",
    "action": "new",
    "side": "buy",
    "price": 65670.39974,
    "quantity": 0.08,
    "remaining_quantity": 0.08
  },
  {
    "event_id": "280887329e96675bbebce9d2564b87eecf47ffc2858f617fb49ebdb1228846c0",
    "schema_version": "1.0.0",
    "event_type": "agent_order",
    "source": "synthetic_agent",
    "symbol": "BTCUSDT",
    "exchange": "binance_usdm",
    "timestamp": "2024-05-01T00:00:00.800000Z",
    "sequence": 10,
    "scenario_id": "scenario-593-momentum_ignition",
    "agent_id": "agent-momentum_ignition",
    "order_id": "scenario-593-momentum_ignition-agent-momentum_ignition-10",
    "action": "new",
    "side": "buy",
    "price": 65671.7116,
    "quantity": 0.08,
    "remaining_quantity": 0.08
  },
  {
    "event_id": "3fc60599f5aa17608089e3a4e1f40eb945123741cfec59a6cf22a0eae1a1258d",
    "schema_version": "1.0.0",
    "event_type": "agent_order",
    "source": "synthetic_agent",
    "symbol": "BTCUSDT",
    "exchange": "binance_usdm",
    "timestamp": "2024-05-01T00:00:00.880000Z",
    "sequence": 11,
    "scenario_id": "scenario-593-momentum_ignition",
    "agent_id": "agent-momentum_ignition",
    "order_id": "scenario-593-momentum_ignition-agent-momentum_ignition-11",
    "action": "new",
    "side": "buy",
    "price": 65673.02346,
    "quantity": 0.08,
    "remaining_quantity": 0.08
  },
  {
    "event_id": "17ab510a1154a2355002ebd4d2b19cca864fcbfb2badd4a933ec25f8fe3a5c9e",
    "schema_version": "1.0.0",
    "event_type": "agent_order",
    "source": "synthetic_agent",
    "symbol": "BTCUSDT",
    "exchange": "binance_usdm",
    "timestamp": "2024-05-01T00:00:00.960000Z",
    "sequence": 12,
    "scenario_id": "scenario-593-momentum_ignition",
    "agent_id": "agent-momentum_ignition",
    "order_id": "scenario-593-momentum_ignition-agent-momentum_ignition-12",
    "action": "new",
    "side": "buy",
    "price": 65674.33532,
    "quantity": 0.08,
    "remaining_quantity": 0.08
  },
  {
    "event_id": "7005b398cf0107e1fdafccc6a5887b6a5dfdcdd52d81bf234565b8610de908aa",
    "schema_version": "1.0.0",
    "event_type": "agent_order",
    "source": "synthetic_agent",
    "symbol": "BTCUSDT",
    "exchange": "binance_usdm",
    "timestamp": "2024-05-01T00:00:01.040000Z",
    "sequence": 13,
    "scenario_id": "scenario-593-momentum_ignition",
    "agent_id": "agent-momentum_ignition",
    "order_id": "scenario-593-momentum_ignition-agent-momentum_ignition-13",
    "action": "new",
    "side": "buy",
    "price": 65675.64717999999,
    "quantity": 0.08,
    "remaining_quantity": 0.08
  },
  {
    "event_id": "59113bd1e9cd0102e49f8f4de5e6afdf7ed0ddec5bb5bfe289a048a1dbd82f10",
    "schema_version": "1.0.0",
    "event_type": "agent_order",
    "source": "synthetic_agent",
    "symbol": "BTCUSDT",
    "exchange": "binance_usdm",
    "timestamp": "2024-05-01T00:00:01.120000Z",
    "sequence": 14,
    "scenario_id": "scenario-593-momentum_ignition",
    "agent_id": "agent-momentum_ignition",
    "order_id": "scenario-593-momentum_ignition-agent-momentum_ignition-14",
    "action": "new",
    "side": "buy",
    "price": 65676.95904,
    "quantity": 0.08,
    "remaining_quantity": 0.08
  },
  {
    "event_id": "100a570e55b4315ab0fe39dd9789c0370d050a03979633efc1a883273c9d8907",
    "schema_version": "1.0.0",
    "event_type": "agent_order",
    "source": "synthetic_agent",
    "symbol": "BTCUSDT",
    "exchange": "binance_usdm",
    "timestamp": "2024-05-01T00:00:01.200000Z",
    "sequence": 15,
    "scenario_id": "scenario-593-momentum_ignition",
    "agent_id": "agent-momentum_ignition",
    "order_id": "scenario-593-momentum_ignition-agent-momentum_ignition-15",
    "action": "new",
    "side": "buy",
    "price": 65678.27089999999,
    "quantity": 0.08,
    "remaining_quantity": 0.08
  },
  {
    "event_id": "b7d54c3924f81116046005576f503b4f0cb5f694d0bf5d2c91e389c6ca2c1fe5",
    "schema_version": "1.0.0",
    "event_type": "agent_order",
    "source": "synthetic_agent",
    "symbol": "BTCUSDT",
    "exchange": "binance_usdm",
    "timestamp": "2024-05-01T00:00:01.280000Z",
    "sequence": 16,
    "scenario_id": "scenario-593-momentum_ignition",
    "agent_id": "agent-momentum_ignition",
    "order_id": "scenario-593-momentum_ignition-agent-momentum_ignition-16",
    "action": "new",
    "side": "buy",
    "price": 65679.58276,
    "quantity": 0.08,
    "remaining_quantity": 0.08
  },
  {
    "event_id": "e687b38aa00f1b7ffccc3a63e613aa165f626434439ad245776d73bcd3d0ae40",
    "schema_version": "1.0.0",
    "event_type": "agent_order",
    "source": "synthetic_agent",
    "symbol": "BTCUSDT",
    "exchange": "binance_usdm",
    "timestamp": "2024-05-01T00:00:01.360000Z",
    "sequence": 17,
    "scenario_id": "scenario-593-momentum_ignition",
    "agent_id": "agent-momentum_ignition",
    "order_id": "scenario-593-momentum_ignition-agent-momentum_ignition-17",
    "action": "new",
    "side": "buy",
    "price": 65680.89461999999,
    "quantity": 0.08,
    "remaining_quantity": 0.08
  },
  {
    "event_id": "e4aa165a86124480d1a6ca502a02ff7d53b415a74a86e9bb98152df7ef262688",
    "schema_version": "1.0.0",
    "event_type": "agent_order",
    "source": "synthetic_agent",
    "symbol": "BTCUSDT",
    "exchange": "binance_usdm",
    "timestamp": "2024-05-01T00:00:01.440000Z",
    "sequence": 18,
    "scenario_id": "scenario-593-momentum_ignition",
    "agent_id": "agent-momentum_ignition",
    "order_id": "scenario-593-momentum_ignition-agent-momentum_ignition-18",
    "action": "new",
    "side": "buy",
    "price": 65682.20648,
    "quantity": 0.08,
    "remaining_quantity": 0.08
  },
  {
    "event_id": "fb26648b161930327bf5d7c378ff15eec695716c729d9751c5d7648e8aeb2456",
    "schema_version": "1.0.0",
    "event_type": "agent_order",
    "source": "synthetic_agent",
    "symbol": "BTCUSDT",
    "exchange": "binance_usdm",
    "timestamp": "2024-05-01T00:00:01.520000Z",
    "sequence": 19,
    "scenario_id": "scenario-593-momentum_ignition",
    "agent_id": "agent-momentum_ignition",
    "order_id": "scenario-593-momentum_ignition-agent-momentum_ignition-19",
    "action": "new",
    "side": "buy",
    "price": 65683.51834,
    "quantity": 0.08,
    "remaining_quantity": 0.08
  },
  {
    "event_id": "813c11aec7f0717729161222439baca1a986e7abaff51df84d646fe2f60e88d2",
    "schema_version": "1.0.0",
    "event_type": "agent_order",
    "source": "synthetic_agent",
    "symbol": "BTCUSDT",
    "exchange": "binance_usdm",
    "timestamp": "2024-05-01T00:00:01.600000Z",
    "sequence": 20,
    "scenario_id": "scenario-593-momentum_ignition",
    "agent_id": "agent-momentum_ignition",
    "order_id": "scenario-593-momentum_ignition-agent-momentum_ignition-20",
    "action": "new",
    "side": "buy",
    "price": 65684.8302,
    "quantity": 0.08,
    "remaining_quantity": 0.08
  },
  {
    "event_id": "850038bed691688043df1fe34539888f3a485cdb0a6e1ce0cffc10f213bdc26a",
    "schema_version": "1.0.0",
    "event_type": "agent_order",
    "source": "synthetic_agent",
    "symbol": "BTCUSDT",
    "exchange": "binance_usdm",
    "timestamp": "2024-05-01T00:00:01.680000Z",
    "sequence": 21,
    "scenario_id": "scenario-593-momentum_ignition",
    "agent_id": "agent-momentum_ignition",
    "order_id": "scenario-593-momentum_ignition-agent-momentum_ignition-21",
    "action": "new",
    "side": "buy",
    "price": 65686.14206,
    "quantity": 0.08,
    "remaining_quantity": 0.08
  },
  {
    "event_id": "511c5b880819b6026f5fe2de88daa958c9113ea7c5a2176e68a8ee79c03ba72b",
    "schema_version": "1.0.0",
    "event_type": "agent_order",
    "source": "synthetic_agent",
    "symbol": "BTCUSDT",
    "exchange": "binance_usdm",
    "timestamp": "2024-05-01T00:00:01.760000Z",
    "sequence": 22,
    "scenario_id": "scenario-593-momentum_ignition",
    "agent_id": "agent-momentum_ignition",
    "order_id": "scenario-593-momentum_ignition-agent-momentum_ignition-22",
    "action": "new",
    "side": "buy",
    "price": 65687.45391999999,
    "quantity": 0.08,
    "remaining_quantity": 0.08
  },
  {
    "event_id": "f552abb3af980c189f1f5af590d722214d7397543ee129c1538a2ff303465a3d",
    "schema_version": "1.0.0",
    "event_type": "agent_order",
    "source": "synthetic_agent",
    "symbol": "BTCUSDT",
    "exchange": "binance_usdm",
    "timestamp": "2024-05-01T00:00:01.840000Z",
    "sequence": 23,
    "scenario_id": "scenario-593-momentum_ignition",
    "agent_id": "agent-momentum_ignition",
    "order_id": "scenario-593-momentum_ignition-agent-momentum_ignition-23",
    "action": "new",
    "side": "buy",
    "price": 65688.76577999999,
    "quantity": 0.08,
    "remaining_quantity": 0.08
  },
  {
    "event_id": "a3f65ea9b15c91064056f09e7b4b3e7468fa2bd261ce422318f67f936654c7ba",
    "schema_version": "1.0.0",
    "event_type": "agent_order",
    "source": "synthetic_agent",
    "symbol": "BTCUSDT",
    "exchange": "binance_usdm",
    "timestamp": "2024-05-01T00:00:01.920000Z",
    "sequence": 24,
    "scenario_id": "scenario-593-momentum_ignition",
    "agent_id": "agent-momentum_ignition",
    "order_id": "scenario-593-momentum_ignition-agent-momentum_ignition-24",
    "action": "new",
    "side": "buy",
    "price": 65690.07763999999,
    "quantity": 0.08,
    "remaining_quantity": 0.08
  },
  {
    "event_id": "ffe280b9cd37fbdda343c79cd43f996e982d1267fac700e63cc984e53ad55881",
    "schema_version": "1.0.0",
    "event_type": "agent_order",
    "source": "synthetic_agent",
    "symbol": "BTCUSDT",
    "exchange": "binance_usdm",
    "timestamp": "2024-05-01T00:00:02Z",
    "sequence": 25,
    "scenario_id": "scenario-593-momentum_ignition",
    "agent_id": "agent-momentum_ignition",
    "order_id": "scenario-593-momentum_ignition-agent-momentum_ignition-25",
    "action": "new",
    "side": "buy",
    "price": 65691.38949999999,
    "quantity": 0.08,
    "remaining_quantity": 0.08
  },
  {
    "event_id": "21e851fdc048ddbce9e28d66f05c17bc5c52efdc59229d645697b4b82351c69b",
    "schema_version": "1.0.0",
    "event_type": "agent_order",
    "source": "synthetic_agent",
    "symbol": "BTCUSDT",
    "exchange": "binance_usdm",
    "timestamp": "2024-05-01T00:00:02.080000Z",
    "sequence": 26,
    "scenario_id": "scenario-593-momentum_ignition",
    "agent_id": "agent-momentum_ignition",
    "order_id": "scenario-593-momentum_ignition-agent-momentum_ignition-26",
    "action": "new",
    "side": "buy",
    "price": 65692.70135999999,
    "quantity": 0.08,
    "remaining_quantity": 0.08
  },
  {
    "event_id": "4c6ed92d60ea537289f1ba827f44a0360b92f131744359711aeef286edff4ca3",
    "schema_version": "1.0.0",
    "event_type": "agent_order",
    "source": "synthetic_agent",
    "symbol": "BTCUSDT",
    "exchange": "binance_usdm",
    "timestamp": "2024-05-01T00:00:02.160000Z",
    "sequence": 27,
    "scenario_id": "scenario-593-momentum_ignition",
    "agent_id": "agent-momentum_ignition",
    "order_id": "scenario-593-momentum_ignition-agent-momentum_ignition-27",
    "action": "new",
    "side": "buy",
    "price": 65694.01322,
    "quantity": 0.08,
    "remaining_quantity": 0.08
  },
  {
    "event_id": "a0ce5f28007c6d42364a6129a3e9b1ead327191aa397f56cdb63efe8894dcc25",
    "schema_version": "1.0.0",
    "event_type": "agent_order",
    "source": "synthetic_agent",
    "symbol": "BTCUSDT",
    "exchange": "binance_usdm",
    "timestamp": "2024-05-01T00:00:02.240000Z",
    "sequence": 28,
    "scenario_id": "scenario-593-momentum_ignition",
    "agent_id": "agent-momentum_ignition",
    "order_id": "scenario-593-momentum_ignition-agent-momentum_ignition-28",
    "action": "new",
    "side": "buy",
    "price": 65695.32507999998,
    "quantity": 0.08,
    "remaining_quantity": 0.08
  },
  {
    "event_id": "38cb2b5bccc293781f3f15be5c1682fc4a492a29a87ed24c8f7508046d7c5f04",
    "schema_version": "1.0.0",
    "event_type": "agent_order",
    "source": "synthetic_agent",
    "symbol": "BTCUSDT",
    "exchange": "binance_usdm",
    "timestamp": "2024-05-01T00:00:02.320000Z",
    "sequence": 29,
    "scenario_id": "scenario-593-momentum_ignition",
    "agent_id": "agent-momentum_ignition",
    "order_id": "scenario-593-momentum_ignition-agent-momentum_ignition-29",
    "action": "new",
    "side": "buy",
    "price": 65696.63694,
    "quantity": 0.08,
    "remaining_quantity": 0.08
  }
]