[
  {
    "event_id": "8e5aab375bcf7387d46d34cfd35a2bc4d3662c3b25f4a610b273801043b6f46d",
    "schema_version": "1.0.0",
    "event_type": "agent_order",
    "source": "synthetic_agent",
    "symbol": "BTCUSDT",
    "exchange": "binance_usdm",
    "timestamp": "2024-05-01T00:00:00Z",
    "sequence": 0,
    "scenario_id": "scenario-563-volatility_feedback",
    "agent_id": "agent-volatility_feedback",
    "order_id": "scenario-563-volatility_feedback-agent-volatility_feedback-0",
    "action": "new",
    "side": "buy",
    "price": 65628.563,
    "quantity": 0.02,
    "remaining_quantity": 0.02
  },
  {
    "event_id": "21d035d61e157eff148c2c3dcca0390b428fa707257ac439c2135707fd923cf9",
    "schema_version": "1.0.0",
    "event_type": "agent_order",
    "source": "synthetic_agent",
    "symbol": "BTCUSDT",
    "exchange": "binance_usdm",
    "timestamp": "2024-05-01T00:00:00.020000Z",
    "sequence": 1,
    "scenario_id": "scenario-563-volatility_feedback",
    "agent_id": "agent-volatility_feedback",
    "order_id": "scenario-563-volatility_feedback-agent-volatility_feedback-1",
    "action": "new",
    "side": "sell",
    "price": 65496.125739999996,
    "quantity": 0.03,
    "remaining_quantity": 0.03
  },
  {
    "event_id": "446eab012fe3b19b3d12753f7956b04a516ae56d1131684b7b9d9166f8fd2da2",
    "schema_version": "1.0.0",
    "event_type": "agent_order",
    "source": "synthetic_agent",
    "symbol": "BTCUSDT",
    "exchange": "binance_usdm",
    "timestamp": "2024-05-01T00:00:00.040000Z",
    "sequence": 2,
    "scenario_id": "scenario-563-volatility_feedback",
    "agent_id": "agent-volatility_feedback",
    "order_id": "scenario-563-volatility_feedback-agent-volatility_feedback-2",
    "action": "new",
    "side": "buy",
    "price": 65631.18552,
    "quantity": 0.04,
    "remaining_quantity": 0.04
  },
  {
    "event_id": "21370326bd32e03968e343787c14850a3a28dd1971b35534e3ce2f3cee0ccc5d",
    "schema_version": "1.0.0",
    "event_type": "agent_order",
    "source": "synthetic_agent",
    "symbol": "BTCUSDT",
    "exchange": "binance_usdm",
    "timestamp": "2024-05-01T00:00:00.060000Z",
    "sequence": 3,
    "scenario_id": "scenario-563-volatility_feedback",
    "agent_id": "agent-volatility_feedback",
    "order_id": "scenario-563-volatility_feedback-agent-volatility_feedback-3",
    "action": "new",
    "side": "sell",
    "price": 65493.503220000006,
    "quantity": 0.05,
    "remaining_quantity": 0.05
  },
  {
    "event_id": "d9ca0356560615014978b5be15e320af6b4d8e2af86500342353306da4f54b83",
    "schema_version": "1.0.0",
    "event_type": "agent_order",
    "source": "synthetic_agent",
    "symbol": "BTCUSDT",
    "exchange": "binance_usdm",
    "timestamp": "2024-05-01T00:00:00.080000Z",
    "sequence": 4,
    "scenario_id": "scenario-563-volatility_feedback",
    "agent_id": "agent-volatility_feedback",
    "order_id": "scenario-563-volatility_feedback-agent-volatility_feedback-4",
    "action": "new",
    "side": "buy",
    "price": 65633.80804,
    "quantity": 0.02,
    "remaining_quantity": 0.02
  },
  {
    "event_id": "8dc4c976f36eef58196755c605d7d5626d16f91ba296a1d6c8d81413839be685",
    "schema_version": "1.0.0",
    "event_type": "agent_order",
    "source": "synthetic_agent",
    "symbol": "BTCUSDT",
    "exchange": "binance_usdm",
    "timestamp": "2024-05-01T00:00:00.100000Z",
    "sequence": 5,
    "scenario_id": "scenario-563-volatility_feedback",
    "agent_id": "agent-volatility_feedback",
    "order_id": "scenario-563-volatility_feedback-agent-volatility_feedback-5",
    "action": "new",
    "side": "sell",
    "price": 65490.8807,
    "quantity": 0.03,
    "remaining_quantity": 0.03
  },
  {
    "event_id": "d799cc8f69272782b42f92721b391741b0d5a80a530622fd2d610f5966883428",
    "schema_version": "1.0.0",
    "event_type": "agent_order",
    "source": "synthetic_agent",
    "symbol": "BTCUSDT",
    "exchange": "binance_usdm",
    "timestamp": "2024-05-01T00:00:00.120000Z",
    "sequence": 6,
    "scenario_id": "scenario-563-volatility_feedback",
    "agent_id": "agent-volatility_feedback",
    "order_id": "scenario-563-volatility_feedback-agent-volatility_feedback-6",
    "action": "new",
    "side": "buy",
    "price": 65636.43056,
    "quantity": 0.04,
    "remaining_quantity": 0.04
  },
  {
    "event_id": "d0068fb0e3972c7138b64225749e745fda81ea81e1a66817853769c9895af5c7",
    "schema_version": "1.0.0",
    "event_type": "agent_order",
    "source": "synthetic_agent",
    "symbol": "BTCUSDT",
    "exchange": "binance_usdm",
    "timestamp": "2024-05-01T00:00:00.140000Z",
    "sequence": 7,
    "scenario_id": "scenario-563-volatility_feedback",
    "agent_id": "agent-volatility_feedback",
    "order_id": "scenario-563-volatility_feedback-agent-volatility_feedback-7",
    "action": "new",
    "side": "sell",
    "price": 65488.25818,
    "quantity": 0.05,
    "remaining_quantity": 0.05
  },
  {
    "event_id": "072082ddcc97b31746cc891dd3a9955f336c103315d555c8bfa123b728be3b27",
    "schema_version": "1.0.0",
    "event_type": "agent_order",
    "source": "synthetic_agent",
    "symbol": "BTCUSDT",
    "exchange": "binance_usdm",
    "timestamp": "2024-05-01T00:00:00.160000Z",
    "sequence": 8,
    "scenario_id": "scenario-563-volatility_feedback",
    "agent_id": "agent-volatility_feedback",
    "order_id": "scenario-563-volatility_feedback-agent-volatility_feedback-8",
    "action": "new",
    "side": "buy",
    "price": 65639.05308,
    "quantity": 0.02,
    "remaining_quantity": 0.02
  },
  {
    "event_id": "8fd1a44ce5aab93d761fd74826779f2d2380c669ec138366feed1fa31fa8765e",
    "schema_version": "1.0.0",
    "event_type": "agent_order",
    "source": "synthetic_agent",
    "symbol": "BTCUSDT",
    "exchange": "binance_usdm",
    "timestamp": "2024-05-01T00:00:00.180000Z",
    "sequence": 9,
    "scenario_id": "scenario-563-volatility_feedback",
    "agent_id": "agent-volatility_feedback",
    "order_id": "scenario-563-volatility_feedback-agent-volatility_feedback-9",
    "action": "new",
    "side": "sell",
    "price": 65485.63566,
    "quantity": 0.03,
    "remaining_quantity": 0.03
  },
  {
    "event_id": "701b7a309516671ab0ea8703219a647ca3fde2f9afa4dfc3d85af024cefd4553",
    "schema_version": "1.0.0",
    "event_type": "agent_order",
    "source": "synthetic_agent",
    "symbol": "BTCUSDT",
    "exchange": "binance_usdm",
    "timestamp": "2024-05-01T00:00:00.200000Z",
    "sequence": 10,
    "scenario_id": "scenario-563-volatility_feedback",
    "agent_id": "agent-volatility_feedback",
    "order_id": "scenario-563-volatility_feedback-agent-volatility_feedback-10",
    "action": "new",
    "side": "buy",
    "price": 65641.6756,
    "quantity": 0.04,
    "remaining_quantity": 0.04
  },
  {
    "event_id": "8f032bc70955c92d6ac0c62d1d33b9a5ac096105783f9c660590e00a846825d4",
    "schema_version": "1.0.0",
    "event_type": "agent_order",
    "source": "synthetic_agent",
    "symbol": "BTCUSDT",
    "exchange": "binance_usdm",
    "timestamp": "2024-05-01T00:00:00.220000Z",
    "sequence": 11,
    "scenario_id": "scenario-563-volatility_feedback",
    "agent_id": "agent-volatility_feedback",
    "order_id": "scenario-563-volatility_feedback-agent-volatility_feedback-11",
    "action": "new",
    "side": "sell",
    "price": 65483.01314,
    "quantity": 0.05,
    "remaining_quantity": 0.05
  },
  {
    "event_id": "8b52c9076cd1ee4b22d7268232ab4788f158e24b122916b7920d346665718c4c",
    "schema_version": "1.0.0",
    "event_type": "agent_order",
    "source": "synthetic_agent",
    "symbol": "BTCUSDT",
    "exchange": "binance_usdm",
    "timestamp": "2024-05-01T00:00:00.240000Z",
    "sequence": 12,
    "scenario_id": "scenario-563-volatility_feedback",
    "agent_id": "agent-volatility_feedback",
    "order_id": "scenario-563-volatility_feedback-agent-volatility_feedback-12",
    "action": "new",
    "side": "buy",
    "price": 65644.29811999999,
    "quantity": 0.02,
    "remaining_quantity": 0.02
  },
  {
    "event_id": "1ebf474a723b5cc3f1e5d3803529c984c0aaeb403d05c837b6b2956ce597d9db",
    "schema_version": "1.0.0",
    "event_type": "agent_order",
    "source": "synthetic_agent",
    "symbol": "BTCUSDT",
    "exchange": "binance_usdm",
    "timestamp": "2024-05-01T00:00:00.260000Z",
    "sequence": 13,
    "scenario_id": "scenario-563-volatility_feedback",
    "agent_id": "agent-volatility_feedback",
    "order_id": "scenario-563-volatility_feedback-agent-volatility_feedback-13",
    "action": "new",
    "side": "sell",
    "price": 65480.39062,
    "quantity": 0.03,
    "remaining_quantity": 0.03
  },
  {
    "event_id": "5bb42875c82e8c03ec28ac6a1d6bf11a469d7d31968325ff5c224514d9282c70",
    "schema_version": "1.0.0",
    "event_type": "agent_order",
    "source": "synthetic_agent",
    "symbol": "BTCUSDT",
    "exchange": "binance_usdm",
    "timestamp": "2024-05-01T00:00:00.280000Z",
    "sequence": 14,
    "scenario_id": "scenario-563-volatility_feedback",
    "agent_id": "agent-volatility_feedback",
    "order_id": "scenario-563-volatility_feedback-agent-volatility_feedback-14",
    "action": "new",
    "side": "buy",
    "price": 65646.92064,
    "quantity": 0.04,
    "remaining_quantity": 0.04
  },
  {
    "event_id": "0d7dffafe4f21b25e544b9d453824c955d485605ca8e74a7e7c4cb01991ec505",
    "schema_version": "1.0.0",
    "event_type": "agent_order",
    "source": "synthetic_agent",
    "symbol": "BTCUSDT",
    "exchange": "binance_usdm",
    "timestamp": "2024-05-01T00:00:00.300000Z",
    "sequence": 15,
    "scenario_id": "scenario-563-volatility_feedback",
    "agent_id": "agent-volatility_feedback",
    "order_id": "scenario-563-volatility_feedback-agent-volatility_feedback-15",
    "action": "new",
    "side": "sell",
    "price": 65477.7681,
    "quantity": 0.05,
    "remaining_quantity": 0.05
  },
  {
    "event_id": "ec10955ee1d41c39066634a28e902873d66498a13be5359a2452e2d8c5b1d44e",
    "schema_version": "1.0.0",
    "event_type": "agent_order",
    "source": "synthetic_agent",
    "symbol": "BTCUSDT",
    "exchange": "binance_usdm",
    "timestamp": "2024-05-01T00:00:00.320000Z",
    "sequence": 16,
    "scenario_id": "scenario-563-volatility_feedback",
    "agent_id": "agent-volatility_feedback",
    "order_id": "scenario-563-volatility_feedback-agent-volatility_feedback-16",
    "action": "new",
    "side": "buy",
    "price": 65649.54316,
    "quantity": 0.02,
    "remaining_quantity": 0.02
  },
  {
    "event_id": "8fb0e910783078ce5c44047f855350acf81ac7f1cbf0db1a03c675d9a97b7403",
    "schema_version": "1.0.0",
    "event_type": "agent_order",
    "source": "synthetic_agent",
    "symbol": "BTCUSDT",
    "exchange": "binance_usdm",
    "timestamp": "2024-05-01T00:00:00.340000Z",
    "sequence": 17,
    "scenario_id": "scenario-563-volatility_feedback",
    "agent_id": "agent-volatility_feedback",
    "order_id": "scenario-563-volatility_feedback-agent-volatility_feedback-17",
    "action": "new",
    "side": "sell",
    "price": 65475.14558,
    "quantity": 0.03,
    "remaining_quantity": 0.03
  },
  {
    "event_id": "796a12071ac224fb2be6ca643d237d0ba8dd57a12733e3f2aed84de3ef8815dd",
    "schema_version": "1.0.0",
    "event_type": "agent_order",
    "source": "synthetic_agent",
    "symbol": "BTCUSDT",
    "exchange": "binance_usdm",
    "timestamp": "2024-05-01T00:00:00.360000Z",
    "sequence": 18,
    "scenario_id": "scenario-563-volatility_feedback",
    "agent_id": "agent-volatility_feedback",
    "order_id": "scenario-563-volatility_feedback-agent-volatility_feedback-18",
    "action": "new",
    "side": "buy",
    "price": 65652.16568,
    "quantity": 0.04,
    "remaining_quantity": 0.04
  },
  {
    "event_id": "7db3cc9fadc4ef44aff66dba67eedd844c098c1fabd41b3c32451c3f5d9aa457",
    "schema_version": "1.0.0",
    "event_type": "agent_order",
    "source": "synthetic_agent",
    "symbol": "BTCUSDT",
    "exchange": "binance_usdm",
    "timestamp": "2024-05-01T00:00:00.380000Z",
    "sequence": 19,
    "scenario_id": "scenario-563-volatility_feedback",
    "agent_id": "agent-volatility_feedback",
    "order_id": "scenario-563-volatility_feedback-agent-volatility_feedback-19",
    "action": "new",
    "side": "sell",
    "price": 65472.52306,
    "quantity": 0.05,
    "remaining_quantity": 0.05
  },
  {
    "event_id": "8315a85dd9f9fe644c35a3072b1d2c2a4fc834d19a03c08994f51804e1caefd1",
    "schema_version": "1.0.0",
    "event_type": "agent_order",
    "source": "synthetic_agent",
    "symbol": "BTCUSDT",
    "exchange": "binance_usdm",
    "timestamp": "2024-05-01T00:00:00.400000Z",
    "sequence": 20,
    "scenario_id": "scenario-563-volatility_feedback",
    "agent_id": "agent-volatility_feedback",
    "order_id": "scenario-563-volatility_feedback-agent-volatility_feedback-20",
    "action": "new",
    "side": "buy",
    "price": 65654.78820000001,
    "quantity": 0.02,
    "remaining_quantity": 0.02
  },
  {
    "event_id": "b058a1f9e9f093bbaa7f1d3989bc740e2575edcbb4dca79f07aad81f86e82f94",
    "schema_version": "1.0.0",
    "event_type": "agent_order",
    "source": "synthetic_agent",
    "symbol": "BTCUSDT",
    "exchange": "binance_usdm",
    "timestamp": "2024-05-01T00:00:00.420000Z",
    "sequence": 21,
    "scenario_id": "scenario-563-volatility_feedback",
    "agent_id": "agent-volatility_feedback",
    "order_id": "scenario-563-volatility_feedback-agent-volatility_feedback-21",
    "action": "new",
    "side": "sell",
    "price": 65469.90054,
    "quantity": 0.03,
    "remaining_quantity": 0.03
  },
  {
    "event_id": "5aab637441db8ea9285f2cc5e264d32d24858f0104b58fdd91088f96e261679a",
    "schema_version": "1.0.0",
    "event_type": "agent_order",
    "source": "synthetic_agent",
    "symbol": "BTCUSDT",
    "exchange": "binance_usdm",
    "timestamp": "2024-05-01T00:00:00.440000Z",
    "sequence": 22,
    "scenario_id": "scenario-563-volatility_feedback",
    "agent_id": "agent-volatility_feedback",
    "order_id": "scenario-563-volatility_feedback-agent-volatility_feedback-22",
    "action": "new",
    "side": "buy",
    "price": 65657.41072,
    "quantity": 0.04,
    "remaining_quantity": 0.04
  },
  {
    "event_id": "b941b98c12eebc302b9e2db5bcfa27f67fe358e7da7bd30a6e4bea29516edb60",
    "schema_version": "1.0.0",
    "event_type": "agent_order",
    "source": "synthetic_agent",
    "symbol": "BTCUSDT",
    "exchange": "binance_usdm",
    "timestamp": "2024-05-01T00:00:00.460000Z",
    "sequence": 23,
    "scenario_id": "scenario-563-volatility_feedback",
    "agent_id": "agent-volatility_feedback",
    "order_id": "scenario-563-volatility_feedback-agent-volatility_feedback-23",
    "action": "new",
    "side": "sell",
    "price": 65467.27802,
    "quantity": 0.05,
    "remaining_quantity": 0.05
  },
  {
    "event_id": "7c6e7bdeeef34eb077330bc6afc70b6dc7b2cd68c69b5ba16bed1d357cfd096d",
    "schema_version": "1.0.0",
    "event_type": "agent_order",
    "source": "synthetic_agent",
    "symbol": "BTCUSDT",
    "exchange": "binance_usdm",
    "timestamp": "2024-05-01T00:00:00.480000Z",
    "sequence": 24,
    "scenario_id": "scenario-563-volatility_feedback",
    "agent_id": "agent-volatility_feedback",
    "order_id": "scenario-563-volatility_feedback-agent-volatility_feedback-24",
    "action": "new",
    "side": "buy",
    "price": 65660.03323999999,
    "quantity": 0.02,
    "remaining_quantity": 0.02
  },
  {
    "event_id": "0100e0fb4b72d62f14589ff7067f2daa7d63793606f01802f1178fe96688912b",
    "schema_version": "1.0.0",
    "event_type": "agent_order",
    "source": "synthetic_agent",
    "symbol": "BTCUSDT",
    "exchange": "binance_usdm",
    "timestamp": "2024-05-01T00:00:00.500000Z",
    "sequence": 25,
    "scenario_id": "scenario-563-volatility_feedback",
    "agent_id": "agent-volatility_feedback",
    "order_id": "scenario-563-volatility_feedback-agent-volatility_feedback-25",
    "action": "new",
    "side": "sell",
    "price": 65464.6555,
    "quantity": 0.03,
    "remaining_quantity": 0.03
  },
  {
    "event_id": "0fc1c969e4259f7e08e8ea873f992763a606c7bdcc2b3dbc4f1d9339a29e2e80",
    "schema_version": "1.0.0",
    "event_type": "agent_order",
    "source": "synthetic_agent",
    "symbol": "BTCUSDT",
    "exchange": "binance_usdm",
    "timestamp": "2024-05-01T00:00:00.520000Z",
    "sequence": 26,
    "scenario_id": "scenario-563-volatility_feedback",
    "agent_id": "agent-volatility_feedback",
    "order_id": "scenario-563-volatility_feedback-agent-volatility_feedback-26",
    "action": "new",
    "side": "buy",
    "price": 65662.65576,
    "quantity": 0.04,
    "remaining_quantity": 0.04
  },
  {
    "event_id": "ee88c420309da3e28776cb943091ff0c54013e660fe50e04353d925d550831dc",
    "schema_version": "1.0.0",
    "event_type": "agent_order",
    "source": "synthetic_agent",
    "symbol": "BTCUSDT",
    "exchange": "binance_usdm",
    "timestamp": "2024-05-01T00:00:00.540000Z",
    "sequence": 27,
    "scenario_id": "scenario-563-volatility_feedback",
    "agent_id": "agent-volatility_feedback",
    "order_id": "scenario-563-volatility_feedback-agent-volatility_feedback-27",
    "action": "new",
    "side": "sell",
    "price": 65462.03298,
    "quantity": 0.05,
    "remaining_quantity": 0.05
  },
  {
    "event_id": "85eac689a0392ae7313c5db83446c471c4bb90d0e19c5fc4c2b8e912e5aa6c24",
    "schema_version": "1.0.0",
    "event_type": "agent_order",
    "source": "synthetic_agent",
    "symbol": "BTCUSDT",
    "exchange": "binance_usdm",
    "timestamp": "2024-05-01T00:00:00.560000Z",
    "sequence": 28,
    "scenario_id": "scenario-563-volatility_feedback",
    "agent_id": "agent-volatility_feedback",
    "order_id": "scenario-563-volatility_feedback-agent-volatility_feedback-28",
    "action": "new",
    "side": "buy",
    "price": 65665.27828,
    "quantity": 0.02,
    "remaining_quantity": 0.02
  },
  {
    "event_id": "58afea57982f6714217604be85a79c76a7ba359897522df474a7e004db2119d3",
    "schema_version": "1.0.0",
    "event_type": "agent_order",
    "source": "synthetic_agent",
    "symbol": "BTCUSDT",
    "exchange": "binance_usdm",
    "timestamp": "2024-05-01T00:00:00.580000Z",
    "sequence": 29,
    "scenario_id": "scenario-563-volatility_feedback",
    "agent_id": "agent-volatility_feedback",
    "order_id": "scenario-563-volatility_feedback-agent-volatility_feedback-29",
    "action": "new",
    "side": "sell",
    "price": 65459.41046,
    "quantity": 0.03,
    "remaining_quantity": 0.03
  }
]