[
  {
    "event_id": "639d9937bffde5f0a143c9527cbd633c4e3d9883566fa8b7211583e9a9a9ceb5",
    "schema_version": "1.0.0",
    "event_type": "agent_order",
    "source": "synthetic_agent",
    "symbol": "BTCUSDT",
    "exchange": "binance_usdm",
    "timestamp": "2024-05-01T00:00:00Z",
    "sequence": 0,
    "scenario_id": "scenario-443-volatility_feedback",
    "agent_id": "agent-volatility_feedback",
    "order_id": "scenario-443-volatility_feedback-agent-volatility_feedback-0",
    "action": "new",
    "side": "buy",
    "price": 65508.44299999999,
    "quantity": 0.02,
    "remaining_quantity": 0.02
  },
  {
    "event_id": "33130c07b50a028306304321ff512366725c5da85a5253a4e6ea0bd5419251e9",
    "schema_version": "1.0.0",
    "event_type": "agent_order",
    "source": "synthetic_agent",
    "symbol": "BTCUSDT",
    "exchange": "binance_usdm",
    "timestamp": "2024-05-01T00:00:00.020000Z",
    "sequence": 1,
    "scenario_id": "scenario-443-volatility_feedback",
    "agent_id": "agent-volatility_feedback",
    "order_id": "scenario-443-volatility_feedback-agent-volatility_feedback-1",
    "action": "new",
    "side": "sell",
    "price": 65376.248139999996,
    "quantity": 0.03,
    "remaining_quantity": 0.03
  },
  {
    "event_id": "b211f3f3ac50a1100667744ff94c8ec9ad8c612d4e82befaec8b11390104dac8",
    "schema_version": "1.0.0",
    "event_type": "agent_order",
    "source": "synthetic_agent",
    "symbol": "BTCUSDT",
    "exchange": "binance_usdm",
    "timestamp": "2024-05-01T00:00:00.040000Z",
    "sequence": 2,
    "scenario_id": "scenario-443-volatility_feedback",
    "agent_id": "agent-volatility_feedback",
    "order_id": "scenario-443-volatility_feedback-agent-volatility_feedback-2",
    "action": "new",
    "side": "buy",
    "price": 65511.060719999994,
    "quantity": 0.04,
    "remaining_quantity": 0.04
  },
  {
    "event_id": "03980887ecda55bdea65c2b6141a237f229a54880d1d1460d2ed5636811cd21f",
    "schema_version": "1.0.0",
    "event_type": "agent_order",
    "source": "synthetic_agent",
    "symbol": "BTCUSDT",
    "exchange": "binance_usdm",
    "timestamp": "2024-05-01T00:00:00.060000Z",
    "sequence": 3,
    "scenario_id": "scenario-443-volatility_feedback",
    "agent_id": "agent-volatility_feedback",
    "order_id": "scenario-443-volatility_feedback-agent-volatility_feedback-3",
    "action": "new",
    "side": "sell",
    "price": 65373.63042,
    "quantity": 0.05,
    "remaining_quantity": 0.05
  },
  {
    "event_id": "8ee6f4dd28cc169797bfa07f2a2bde289bc9859993678e64fb60d3cf20f983e5",
    "schema_version": "1.0.0",
    "event_type": "agent_order",
    "source": "synthetic_agent",
    "symbol": "BTCUSDT",
    "exchange": "binance_usdm",
    "timestamp": "2024-05-01T00:00:00.080000Z",
    "sequence": 4,
    "scenario_id": "scenario-443-volatility_feedback",
    "agent_id": "agent-volatility_feedback",
    "order_id": "scenario-443-volatility_feedback-agent-volatility_feedback-4",
    "action": "new",
    "side": "buy",
    "price": 65513.678439999996,
    "quantity": 0.02,
    "remaining_quantity": 0.02
  },
  {
    "event_id": "ef28cef1f73bebc468c285acafd71b4166185c53c184abaaefb03ea9204185b4",
    "schema_version": "1.0.0",
    "event_type": "agent_order",
    "source": "synthetic_agent",
    "symbol": "BTCUSDT",
    "exchange": "binance_usdm",
    "timestamp": "2024-05-01T00:00:00.100000Z",
    "sequence": 5,
    "scenario_id": "scenario-443-volatility_feedback",
    "agent_id": "agent-volatility_feedback",
    "order_id": "scenario-443-volatility_feedback-agent-volatility_feedback-5",
    "action": "new",
    "side": "sell",
    "price": 65371.0127,
    "quantity": 0.03,
    "remaining_quantity": 0.03
  },
  {
    "event_id": "8287ecfe99664c50aa8d6ce9b1ea18003857d17430efb3bb811fcf44acb11fab",
    "schema_version": "1.0.0",
    "event_type": "agent_order",
    "source": "synthetic_agent",
    "symbol": "BTCUSDT",
    "exchange": "binance_usdm",
    "timestamp": "2024-05-01T00:00:00.120000Z",
    "sequence": 6,
    "scenario_id": "scenario-443-volatility_feedback",
    "agent_id": "agent-volatility_feedback",
    "order_id": "scenario-443-volatility_feedback-agent-volatility_feedback-6",
    "action": "new",
    "side": "buy",
    "price": 65516.29616,
    "quantity": 0.04,
    "remaining_quantity": 0.04
  },
  {
    "event_id": "5edba7968245842452da9d7ce871ee361890c9bd7dd9390e8eeb5a9bb802c51d",
    "schema_version": "1.0.0",
    "event_type": "agent_order",
    "source": "synthetic_agent",
    "symbol": "BTCUSDT",
    "exchange": "binance_usdm",
    "timestamp": "2024-05-01T00:00:00.140000Z",
    "sequence": 7,
    "scenario_id": "scenario-443-volatility_feedback",
    "agent_id": "agent-volatility_feedback",
    "order_id": "scenario-443-volatility_feedback-agent-volatility_feedback-7",
    "action": "new",
    "side": "sell",
    "price": 65368.39498,
    "quantity": 0.05,
    "remaining_quantity": 0.05
  },
  {
    "event_id": "97447665dbd60caef7cd18961987aa0ada8be75c585940ee98688d6befdeac32",
    "schema_version": "1.0.0",
    "event_type": "agent_order",
    "source": "synthetic_agent",
    "symbol": "BTCUSDT",
    "exchange": "binance_usdm",
    "timestamp": "2024-05-01T00:00:00.160000Z",
    "sequence": 8,
    "scenario_id": "scenario-443-volatility_feedback",
    "agent_id": "agent-volatility_feedback",
    "order_id": "scenario-443-volatility_feedback-agent-volatility_feedback-8",
    "action": "new",
    "side": "buy",
    "price": 65518.91388,
    "quantity": 0.02,
    "remaining_quantity": 0.02
  },
  {
    "event_id": "7b827432fe3bdbd02302365bdb4bb1621b80b7fdc7853499e46adcda54214b1f",
    "schema_version": "1.0.0",
    "event_type": "agent_order",
    "source": "synthetic_agent",
    "symbol": "BTCUSDT",
    "exchange": "binance_usdm",
    "timestamp": "2024-05-01T00:00:00.180000Z",
    "sequence": 9,
    "scenario_id": "scenario-443-volatility_feedback",
    "agent_id": "agent-volatility_feedback",
    "order_id": "scenario-443-volatility_feedback-agent-volatility_feedback-9",
    "action": "new",
    "side": "sell",
    "price": 65365.77726,
    "quantity": 0.03,
    "remaining_quantity": 0.03
  },
  {
    "event_id": "393e561542438c4469879ec325f5decfacb0124fa8087c5f8b56c21c674b96db",
    "schema_version": "1.0.0",
    "event_type": "agent_order",
    "source": "synthetic_agent",
    "symbol": "BTCUSDT",
    "exchange": "binance_usdm",
    "timestamp": "2024-05-01T00:00:00.200000Z",
    "sequence": 10,
    "scenario_id": "scenario-443-volatility_feedback",
    "agent_id": "agent-volatility_feedback",
    "order_id": "scenario-443-volatility_feedback-agent-volatility_feedback-10",
    "action": "new",
    "side": "buy",
    "price": 65521.53160000001,
    "quantity": 0.04,
    "remaining_quantity": 0.04
  },
  {
    "event_id": "b84b897eb327254207bd70d235f30b2508445842bf2df5f73daf8e5cea37efea",
    "schema_version": "1.0.0",
    "event_type": "agent_order",
    "source": "synthetic_agent",
    "symbol": "BTCUSDT",
    "exchange": "binance_usdm",
    "timestamp": "2024-05-01T00:00:00.220000Z",
    "sequence": 11,
    "scenario_id": "scenario-443-volatility_feedback",
    "agent_id": "agent-volatility_feedback",
    "order_id": "scenario-443-volatility_feedback-agent-volatility_feedback-11",
    "action": "new",
    "side": "sell",
    "price": 65363.15954,
    "quantity": 0.05,
    "remaining_quantity": 0.05
  },
  {
    "event_id": "c97342384c6a0d39080ffa968416c77c33a3c62b3c79233222f21510e394219f",
    "schema_version": "1.0.0",
    "event_type": "agent_order",
    "source": "synthetic_agent",
    "symbol": "BTCUSDT",
    "exchange": "binance_usdm",
    "timestamp": "2024-05-01T00:00:00.240000Z",
    "sequence": 12,
    "scenario_id": "scenario-443-volatility_feedback",
    "agent_id": "agent-volatility_feedback",
    "order_id": "scenario-443-volatility_feedback-agent-volatility_feedback-12",
    "action": "new",
    "side": "buy",
    "price": 65524.14932,
    "quantity": 0.02,
    "remaining_quantity": 0.02
  },
  {
    "event_id": "397e9c41e32f7a14a015da5c13e26405d22678776f50eb4857f0c26136014927",
    "schema_version": "1.0.0",
    "event_type": "agent_order",
    "source": "synthetic_agent",
    "symbol": "BTCUSDT",
    "exchange": "binance_usdm",
    "timestamp": "2024-05-01T00:00:00.260000Z",
    "sequence": 13,
    "scenario_id": "scenario-443-volatility_feedback",
    "agent_id": "agent-volatility_feedback",
    "order_id": "scenario-443-volatility_feedback-agent-volatility_feedback-13",
    "action": "new",
    "side": "sell",
    "price": 65360.54182,
    "quantity": 0.03,
    "remaining_quantity": 0.03
  },
  {
    "event_id": "481dcbb13f8a6c42a9fa976bbe35958a76772ea69789d6f61d8b242457433fe7",
    "schema_version": "1.0.0",
    "event_type": "agent_order",
    "source": "synthetic_agent",
    "symbol": "BTCUSDT",
    "exchange": "binance_usdm",
    "timestamp": "2024-05-01T00:00:00.280000Z",
    "sequence": 14,
    "scenario_id": "scenario-443-volatility_feedback",
    "agent_id": "agent-volatility_feedback",
    "order_id": "scenario-443-volatility_feedback-agent-volatility_feedback-14",
    "action": "new",
    "side": "buy",
    "price": 65526.76704,
    "quantity": 0.04,
    "remaining_quantity": 0.04
  },
  {
    "event_id": "0604e59035fc2b8d0b648c8fe5ddf2c38cf3d1db24dd7c119698be96c33e2d6d",
    "schema_version": "1.0.0",
    "event_type": "agent_order",
    "source": "synthetic_agent",
    "symbol": "BTCUSDT",
    "exchange": "binance_usdm",
    "timestamp": "2024-05-01T00:00:00.300000Z",
    "sequence": 15,
    "scenario_id": "scenario-443-volatility_feedback",
    "agent_id": "agent-volatility_feedback",
    "order_id": "scenario-443-volatility_feedback-agent-volatility_feedback-15",
    "action": "new",
    "side": "sell",
    "price": 65357.924100000004,
    "quantity": 0.05,
    "remaining_quantity": 0.05
  },
  {
    "event_id": "71c1d073d469653a35c7419154f9f015c751f0a8c2c0df769287f49b964f654b",
    "schema_version": "1.0.0",
    "event_type": "agent_order",
    "source": "synthetic_agent",
    "symbol": "BTCUSDT",
    "exchange": "binance_usdm",
    "timestamp": "2024-05-01T00:00:00.320000Z",
    "sequence": 16,
    "scenario_id": "scenario-443-volatility_feedback",
    "agent_id": "agent-volatility_feedback",
    "order_id": "scenario-443-volatility_feedback-agent-volatility_feedback-16",
    "action": "new",
    "side": "buy",
    "price": 65529.38476,
    "quantity": 0.02,
    "remaining_quantity": 0.02
  },
  {
    "event_id": "b9fafc8f9f267e65788433746470f454dbb9157084452f07c59728ff336dff66",
    "schema_version": "1.0.0",
    "event_type": "agent_order",
    "source": "synthetic_agent",
    "symbol": "BTCUSDT",
    "exchange": "binance_usdm",
    "timestamp": "2024-05-01T00:00:00.340000Z",
    "sequence": 17,
    "scenario_id": "scenario-443-volatility_feedback",
    "agent_id": "agent-volatility_feedback",
    "order_id": "scenario-443-volatility_feedback-agent-volatility_feedback-17",
    "action": "new",
    "side": "sell",
    "price": 65355.30638,
    "quantity": 0.03,
    "remaining_quantity": 0.03
  },
  {
    "event_id": "3f6da8937300aaeac01ee494fb64016991bb57879f3d47d27809efbdce36c9a9",
    "schema_version": "1.0.0",
    "event_type": "agent_order",
    "source": "synthetic_agent",
    "symbol": "BTCUSDT",
    "exchange": "binance_usdm",
    "timestamp": "2024-05-01T00:00:00.360000Z",
    "sequence": 18,
    "scenario_id": "scenario-443-volatility_feedback",
    "agent_id": "agent-volatility_feedback",
    "order_id": "scenario-443-volatility_feedback-agent-volatility_feedback-18",
    "action": "new",
    "side": "buy",
    "price": 65532.00248,
    "quantity": 0.04,
    "remaining_quantity": 0.04
  },
  {
    "event_id": "4ee433fa322157f061e6e8378efcd8c369d191d2bb69f0b555615bc57450c626",
    "schema_version": "1.0.0",
    "event_type": "agent_order",
    "source": "synthetic_agent",
    "symbol": "BTCUSDT",
    "exchange": "binance_usdm",
    "timestamp": "2024-05-01T00:00:00.380000Z",
    "sequence": 19,
    "scenario_id": "scenario-443-volatility_feedback",
    "agent_id": "agent-volatility_feedback",
    "order_id": "scenario-443-volatility_feedback-agent-volatility_feedback-19",
    "action": "new",
    "side": "sell",
    "price": 65352.68866,
    "quantity": 0.05,
    "remaining_quantity": 0.05
  },
  {
    "event_id": "efa7842f402c654b42590bcd95b8ecdd20e9725935e4fd5ba53628c1f96948a2",
    "schema_version": "1.0.0",
    "event_type": "agent_order",
    "source": "synthetic_agent",
    "symbol": "BTCUSDT",
    "exchange": "binance_usdm",
    "timestamp": "2024-05-01T00:00:00.400000Z",
    "sequence": 20,
    "scenario_id": "scenario-443-volatility_feedback",
    "agent_id": "agent-volatility_feedback",
    "order_id": "scenario-443-volatility_feedback-agent-volatility_feedback-20",
    "action": "new",
    "side": "buy",
    "price": 65534.620200000005,
    "quantity": 0.02,
    "remaining_quantity": 0.02
  },
  {
    "event_id": "bdd11bc5290df65eab627f7b0540c3e604c6dd04ff6e878eb6866e8aad33986e",
    "schema_version": "1.0.0",
    "event_type": "agent_order",
    "source": "synthetic_agent",
    "symbol": "BTCUSDT",
    "exchange": "binance_usdm",
    "timestamp": "2024-05-01T00:00:00.420000Z",
    "sequence": 21,
    "scenario_id": "scenario-443-volatility_feedback",
    "agent_id": "agent-volatility_feedback",
    "order_id": "scenario-443-volatility_feedback-agent-volatility_feedback-21",
    "action": "new",
    "side": "sell",
    "price": 65350.070940000005,
    "quantity": 0.03,
    "remaining_quantity": 0.03
  },
  {
    "event_id": "aefc53877d0c35cc7ae0b4b15062a7c41716bfc84c403ac156f5586be770aa17",
    "schema_version": "1.0.0",
    "event_type": "agent_order",
    "source": "synthetic_agent",
    "symbol": "BTCUSDT",
    "exchange": "binance_usdm",
    "timestamp": "2024-05-01T00:00:00.440000Z",
    "sequence": 22,
    "scenario_id": "scenario-443-volatility_feedback",
    "agent_id": "agent-volatility_feedback",
    "order_id": "scenario-443-volatility_feedback-agent-volatility_feedback-22",
    "action": "new",
    "side": "buy",
    "price": 65537.23792000001,
    "quantity": 0.04,
    "remaining_quantity": 0.04
  },
  {
    "event_id": "4e7b4f513fc26a43e687fd8e9809496ffbfc2eac4e4f32d20203161460a40712",
    "schema_version": "1.0.0",
    "event_type": "agent_order",
    "source": "synthetic_agent",
    "symbol": "BTCUSDT",
    "exchange": "binance_usdm",
    "timestamp": "2024-05-01T00:00:00.460000Z",
    "sequence": 23,
    "scenario_id": "scenario-443-volatility_feedback",
    "agent_id": "agent-volatility_feedback",
    "order_id": "scenario-443-volatility_feedback-agent-volatility_feedback-23",
    "action": "new",
    "side": "sell",
    "price": 65347.453219999996,
    "quantity": 0.05,
    "remaining_quantity": 0.05
  },
  {
    "event_id": "99d26edce295852fce7bf93eb6368f693e3a7b03ce936460a5be41d4eeb613e2",
    "schema_version": "1.0.0",
    "event_type": "agent_order",
    "source": "synthetic_agent",
    "symbol": "BTCUSDT",
    "exchange": "binance_usdm",
    "timestamp": "2024-05-01T00:00:00.480000Z",
    "sequence": 24,
    "scenario_id": "scenario-443-volatility_feedback",
    "agent_id": "agent-volatility_feedback",
    "order_id": "scenario-443-volatility_feedback-agent-volatility_feedback-24",
    "action": "new",
    "side": "buy",
    "price": 65539.85564,
    "quantity": 0.02,
    "remaining_quantity": 0.02
  },
  {
    "event_id": "27b668e4e3751eb6735b0d7ea0e41a712b297bd9ddbefa51b54b2c4d997d7087",
    "schema_version": "1.0.0",
    "event_type": "agent_order",
    "source": "synthetic_agent",
    "symbol": "BTCUSDT",
    "exchange": "binance_usdm",
    "timestamp": "2024-05-01T00:00:00.500000Z",
    "sequence": 25,
    "scenario_id": "scenario-443-volatility_feedback",
    "agent_id": "agent-volatility_feedback",
    "order_id": "scenario-443-volatility_feedback-agent-volatility_feedback-25",
    "action": "new",
    "side": "sell",
    "price": 65344.8355,
    "quantity": 0.03,
    "remaining_quantity": 0.03
  },
  {
    "event_id": "7ec52ca72e4b91015778b2d63f06589906c455fbf9cb8152654c49d5be5d35d3",
    "schema_version": "1.0.0",
    "event_type": "agent_order",
    "source": "synthetic_agent",
    "symbol": "BTCUSDT",
    "exchange": "binance_usdm",
    "timestamp": "2024-05-01T00:00:00.520000Z",
    "sequence": 26,
    "scenario_id": "scenario-443-volatility_feedback",
    "agent_id": "agent-volatility_feedback",
    "order_id": "scenario-443-volatility_feedback-agent-volatility_feedback-26",
    "action": "new",
    "side": "buy",
    "price": 65542.47336,
    "quantity": 0.04,
    "remaining_quantity": 0.04
  },
  {
    "event_id": "bb0b61192347a16cc3b32d842378027af5e2988bc31b0aeda3991dc0e0931ca9",
    "schema_version": "1.0.0",
    "event_type": "agent_order",
    "source": "synthetic_agent",
    "symbol": "BTCUSDT",
    "exchange": "binance_usdm",
    "timestamp": "2024-05-01T00:00:00.540000Z",
    "sequence": 27,
    "scenario_id": "scenario-443-volatility_feedback",
    "agent_id": "agent-volatility_feedback",
    "order_id": "scenario-443-volatility_feedback-agent-volatility_feedback-27",
    "action": "new",
    "side": "sell",
    "price": 65342.21778,
    "quantity": 0.05,
    "remaining_quantity": 0.05
  },
  {
    "event_id": "bd662b3c785bc471b6f331ed09d57716b4e6905b28c2f4fa30d9ff1414ecc985",
    "schema_version": "1.0.0",
    "event_type": "agent_order",
    "source": "synthetic_agent",
    "symbol": "BTCUSDT",
    "exchange": "binance_usdm",
    "timestamp": "2024-05-01T00:00:00.560000Z",
    "sequence": 28,
    "scenario_id": "scenario-443-volatility_feedback",
    "agent_id": "agent-volatility_feedback",
    "order_id": "scenario-443-volatility_feedback-agent-volatility_feedback-28",
    "action": "new",
    "side": "buy",
    "price": 65545.09108,
    "quantity": 0.02,
    "remaining_quantity": 0.02
  },
  {
    "event_id": "6cc725cb7c9443f06f5a72c1f995d04f15b99f6f327dd141bfab37aa03fb14d6",
    "schema_version": "1.0.0",
    "event_type": "agent_order",
    "source": "synthetic_agent",
    "symbol": "BTCUSDT",
    "exchange": "binance_usdm",
    "timestamp": "2024-05-01T00:00:00.580000Z",
    "sequence": 29,
    "scenario_id": "scenario-443-volatility_feedback",
    "agent_id": "agent-volatility_feedback",
    "order_id": "scenario-443-volatility_feedback-agent-volatility_feedback-29",
    "action": "new",
    "side": "sell",
    "price": 65339.60006,
    "quantity": 0.03,
    "remaining_quantity": 0.03
  }
]