[
  {
    "event_id": "065ef38c9d1983f2b9c0f03fb8d7344c85cec8fa954250ecfd7aa806933e2946",
    "schema_version": "1.0.0",
    "event_type": "agent_order",
    "source": "synthetic_agent",
    "symbol": "BTCUSDT",
    "exchange": "binance_usdm",
    "timestamp": "2024-05-01T00:00:00Z",
    "sequence": 0,
    "scenario_id": "scenario-429-stop_run_sweep",
    "agent_id": "agent-stop_run_sweep",
    "order_id": "scenario-429-stop_run_sweep-agent-stop_run_sweep-0",
    "action": "new",
    "side": "buy",
    "price": 65494.42899999999,
    "quantity": 0.06,
    "remaining_quantity": 0.06
  },
  {
    "event_id": "832c09a0ebb806ab9a652999d50f88f6633fd5a2f59e0a5e42ed963bd1069b0c",
    "schema_version": "1.0.0",
    "event_type": "agent_order",
    "source": "synthetic_agent",
    "symbol": "BTCUSDT",
    "exchange": "binance_usdm",
    "timestamp": "2024-05-01T00:00:00.030000Z",
    "sequence": 1,
    "scenario_id": "scenario-429-stop_run_sweep",
    "agent_id": "agent-stop_run_sweep",
    "order_id": "scenario-429-stop_run_sweep-agent-stop_run_sweep-1",
    "action": "new",
    "side": "buy",
    "price": 65497.70045,
    "quantity": 0.06,
    "remaining_quantity": 0.06
  },
  {
    "event_id": "53c3b956949362651ac14b91fe953879a959f2cb9ce3e3ce6efc78b8c39aedaa",
    "schema_version": "1.0.0",
    "event_type": "agent_order",
    "source": "synthetic_agent",
    "symbol": "BTCUSDT",
    "exchange": "binance_usdm",
    "timestamp": "2024-05-01T00:00:00.060000Z",
    "sequence": 2,
    "scenario_id": "scenario-429-stop_run_sweep",
    "agent_id": "agent-stop_run_sweep",
    "order_id": "scenario-429-stop_run_sweep-agent-stop_run_sweep-2",
    "action": "new",
    "side": "buy",
    "price": 65500.97189999999,
    "quantity": 0.06,
    "remaining_quantity": 0.06
  },
  {
    "event_id": "cb9df8f24a9d6e002d1c4682d10a1fed3786b58b23f849c88bb62155495939e7",
    "schema_version": "1.0.0",
    "event_type": "agent_order",
    "source": "synthetic_agent",
    "symbol": "BTCUSDT",
    "exchange": "binance_usdm",
    "timestamp": "2024-05-01T00:00:00.090000Z",
    "sequence": 3,
    "scenario_id": "scenario-429-stop_run_sweep",
    "agent_id": "agent-stop_run_sweep",
    "order_id": "scenario-429-stop_run_sweep-agent-stop_run_sweep-3",
    "action": "new",
    "side": "buy",
    "price": 65504.24335,
    "quantity": 0.06,
    "remaining_quantity": 0.06
  },
  {
    "event_id": "d9071000e48bb075530850274d896d0b29df53fad42d205083b175eb8bdd1113",
    "schema_version": "1.0.0",
    "event_type": "agent_order",
    "source": "synthetic_agent",
    "symbol": "BTCUSDT",
    "exchange": "binance_usdm",
    "timestamp": "2024-05-01T00:00:00.120000Z",
    "sequence": 4,
    "scenario_id": "scenario-429-stop_run_sweep",
    "agent_id": "agent-stop_run_sweep",
    "order_id": "scenario-429-stop_run_sweep-agent-stop_run_sweep-4",
    "action": "new",
    "side": "buy",
    "price": 65507.51479999999,
    "quantity": 0.06,
    "remaining_quantity": 0.06
  },
  {
    "event_id": "8e633ed6a7f380ebef85f2449ce6dd1332f175cd1577d2a3793dc3f5d55dce27",
    "schema_version": "1.0.0",
    "event_type": "agent_order",
    "source": "synthetic_agent",
    "symbol": "BTCUSDT",
    "exchange": "binance_usdm",
    "timestamp": "2024-05-01T00:00:00.150000Z",
    "sequence": 5,
    "scenario_id": "scenario-429-stop_run_sweep",
    "agent_id": "agent-stop_run_sweep",
    "order_id": "scenario-429-stop_run_sweep-agent-stop_run_sweep-5",
    "action": "new",
    "side": "buy",
    "price": 65510.78625,
    "quantity": 0.06,
    "remaining_quantity": 0.06
  },
  {
    "event_id": "a29c4e6e221f9ca605bb6abb2ea70c13874ab33588e94261e589728bc2be8153",
    "schema_version": "1.0.0",
    "event_type": "agent_order",
    "source": "synthetic_agent",
    "symbol": "BTCUSDT",
    "exchange": "binance_usdm",
    "timestamp": "2024-05-01T00:00:00.180000Z",
    "sequence": 6,
    "scenario_id": "scenario-429-stop_run_sweep",
    "agent_id": "agent-stop_run_sweep",
    "order_id": "scenario-429-stop_run_sweep-agent-stop_run_sweep-6",
    "action": "new",
    "side": "buy",
    "price": 65514.05769999999,
    "quantity": 0.06,
    "remaining_quantity": 0.06
  },
  {
    "event_id": "5d6b153aa1d579628419e187aca3bffbf58324df43a1ce9e761987a76bb87ef3",
    "schema_version": "1.0.0",
    "event_type": "agent_order",
    "source": "synthetic_agent",
    "symbol": "BTCUSDT",
    "exchange": "binance_usdm",
    "timestamp": "2024-05-01T00:00:00.210000Z",
    "sequence": 7,
    "scenario_id": "scenario-429-stop_run_sweep",
    "agent_id": "agent-stop_run_sweep",
    "order_id": "scenario-429-stop_run_sweep-agent-stop_run_sweep-7",
    "action": "new",
    "side": "buy",
    "price": 65517.32915,
    "quantity": 0.06,
    "remaining_quantity": 0.06
  },
  {
    "event_id": "18595f9b99777037c39343a8f282c956d442194f24cba6d12732b1fe8fe7f092",
    "schema_version": "1.0.0",
    "event_type": "agent_order",
    "source": "synthetic_agent",
    "symbol": "BTCUSDT",
    "exchange": "binance_usdm",
    "timestamp": "2024-05-01T00:00:00.240000Z",
    "sequence": 8,
    "scenario_id": "scenario-429-stop_run_sweep",
    "agent_id": "agent-stop_run_sweep",
    "order_id": "scenario-429-stop_run_sweep-agent-stop_run_sweep-8",
    "action": "new",
    "side": "buy",
    "price": 65520.60059999999,
    "quantity": 0.06,
    "remaining_quantity": 0.06
  },
  {
    "event_id": "dc11c79c8d08b591ff668b37b1e0fcb1d31c882c45174f74e4cdacf724075ebd",
    "schema_version": "1.0.0",
    "event_type": "agent_order",
    "source": "synthetic_agent",
    "symbol": "BTCUSDT",
    "exchange": "binance_usdm",
    "timestamp": "2024-05-01T00:00:00.270000Z",
    "sequence": 9,
    "scenario_id": "scenario-429-stop_run_sweep",
    "agent_id": "agent-stop_run_sweep",
    "order_id": "scenario-429-stop_run_sweep-agent-stop_run_sweep-9",
    "action": "new",
    "side": "buy",
    "price": 65523.87205,
    "quantity": 0.06,
    "remaining_quantity": 0.06
  },
  {
    "event_id": "18adea04d6ae044446b30400b235da9dbb678d626bcb786434c0fe0056d47c48",
    "schema_version": "1.0.0",
    "event_type": "agent_order",
    "source": "synthetic_agent",
    "symbol": "BTCUSDT",
    "exchange": "binance_usdm",
    "timestamp": "2024-05-01T00:00:00.300000Z",
    "sequence": 10,
    "scenario_id": "scenario-429-stop_run_sweep",
    "agent_id": "agent-stop_run_sweep",
    "order_id": "scenario-429-stop_run_sweep-agent-stop_run_sweep-10",
    "action": "new",
    "side": "buy",
    "price": 65527.14349999999,
    "quantity": 0.06,
    "remaining_quantity": 0.06
  },
  {
    "event_id": "dfe46f960178721cd64a899d22356c55cf3a707bbb9a4408c4fe1d174740121f",
    "schema_version": "1.0.0",
    "event_type": "agent_order",
    "source": "synthetic_agent",
    "symbol": "BTCUSDT",
    "exchange": "binance_usdm",
    "timestamp": "2024-05-01T00:00:00.330000Z",
    "sequence": 11,
    "scenario_id": "scenario-429-stop_run_sweep",
    "agent_id": "agent-stop_run_sweep",
    "order_id": "scenario-429-stop_run_sweep-agent-stop_run_sweep-11",
    "action": "new",
    "side": "buy",
    "price": 65530.41495,
    "quantity": 0.06,
    "remaining_quantity": 0.06
  },
  {
    "event_id": "186eb40f8484835c90c65c4ce607db0a7aebf5226f32a4c2132e2a2ca3435251",
    "schema_version": "1.0.0",
    "event_type": "agent_order",
    "source": "synthetic_agent",
    "symbol": "BTCUSDT",
    "exchange": "binance_usdm",
    "timestamp": "2024-05-01T00:00:00.360000Z",
    "sequence": 12,
    "scenario_id": "scenario-429-stop_run_sweep",
    "agent_id": "agent-stop_run_sweep",
    "order_id": "scenario-429-stop_run_sweep-agent-stop_run_sweep-12",
    "action": "new",
    "side": "buy",
    "price": 65533.68639999999,
    "quantity": 0.06,
    "remaining_quantity": 0.06
  },
  {
    "event_id": "6633d78d0f372ade0ce66d384f3d2ae09b6534476a5262e54f5cb58ad42a1a62",
    "schema_version": "1.0.0",
    "event_type": "agent_order",
    "source": "synthetic_agent",
    "symbol": "BTCUSDT",
    "exchange": "binance_usdm",
    "timestamp": "2024-05-01T00:00:00.390000Z",
    "sequence": 13,
    "scenario_id": "scenario-429-stop_run_sweep",
    "agent_id": "agent-stop_run_sweep",
    "order_id": "scenario-429-stop_run_sweep-agent-stop_run_sweep-13",
    "action": "new",
    "side": "buy",
    "price": 65536.95784999999,
    "quantity": 0.06,
    "remaining_quantity": 0.06
  },
  {
    "event_id": "207ed74de145355af958b6528ee86ff0a979523e9179a34ddd5c9206cd18eb27",
    "schema_version": "1.0.0",
    "event_type": "agent_order",
    "source": "synthetic_agent",
    "symbol": "BTCUSDT",
    "exchange": "binance_usdm",
    "timestamp": "2024-05-01T00:00:00.420000Z",
    "sequence": 14,
    "scenario_id": "scenario-429-stop_run_sweep",
    "agent_id": "agent-stop_run_sweep",
    "order_id": "scenario-429-stop_run_sweep-agent-stop_run_sweep-14",
    "action": "new",
    "side": "buy",
    "price": 65540.22929999999,
    "quantity": 0.06,
    "remaining_quantity": 0.06
  },
  {
    "event_id": "267a8d57046ab6c7b86fc1f50380edb04f914ccde33f7bd519d846697d0f8eda",
    "schema_version": "1.0.0",
    "event_type": "agent_order",
    "source": "synthetic_agent",
    "symbol": "BTCUSDT",
    "exchange": "binance_usdm",
    "timestamp": "2024-05-01T00:00:00.450000Z",
    "sequence": 15,
    "scenario_id": "scenario-429-stop_run_sweep",
    "agent_id": "agent-stop_run_sweep",
    "order_id": "scenario-429-stop_run_sweep-agent-stop_run_sweep-15",
    "action": "new",
    "side": "buy",
    "price": 65543.50074999999,
    "quantity": 0.06,
    "remaining_quantity": 0.06
  },
  {
    "event_id": "d7df91efab00acedbf28248562cd7a5a71e7eee00e7b17e414d978bc4d50fa76",
    "schema_version": "1.0.0",
    "event_type": "agent_order",
    "source": "synthetic_agent",
    "symbol": "BTCUSDT",
    "exchange": "binance_usdm",
    "timestamp": "2024-05-01T00:00:00.480000Z",
    "sequence": 16,
    "scenario_id": "scenario-429-stop_run_sweep",
    "agent_id": "agent-stop_run_sweep",
    "order_id": "scenario-429-stop_run_sweep-agent-stop_run_sweep-16",
    "action": "new",
    "side": "buy",
    "price": 65546.77219999999,
    "quantity": 0.06,
    "remaining_quantity": 0.06
  },
  {
    "event_id": "eb1f2dab2f2940cc9876313ce1c07b2a97da5a512d2593484833309d70da39cb",
    "schema_version": "1.0.0",
    "event_type": "agent_order",
    "source": "synthetic_agent",
    "symbol": "BTCUSDT",
    "exchange": "binance_usdm",
    "timestamp": "2024-05-01T00:00:00.510000Z",
    "sequence": 17,
    "scenario_id": "scenario-429-stop_run_sweep",
    "agent_id": "agent-stop_run_sweep",
    "order_id": "scenario-429-stop_run_sweep-agent-stop_run_sweep-17",
    "action": "new",
    "side": "buy",
    "price": 65550.04364999999,
    "quantity": 0.06,
    "remaining_quantity": 0.06
  },
  {
    "event_id": "cd114fb5565311ade3b1fab083b5cb0d39fb238f2c0cd8182cb708e8eb98d05b",
    "schema_version": "1.0.0",
    "event_type": "agent_order",
    "source": "synthetic_agent",
    "symbol": "BTCUSDT",
    "exchange": "binance_usdm",
    "timestamp": "2024-05-01T00:00:00.540000Z",
    "sequence": 18,
    "scenario_id": "scenario-429-stop_run_sweep",
    "agent_id": "agent-stop_run_sweep",
    "order_id": "scenario-429-stop_run_sweep-agent-stop_run_sweep-18",
    "action": "new",
    "side": "buy",
    "price": 65553.31509999999,
    "quantity": 0.06,
    "remaining_quantity": 0.06
  },
  {
    "event_id": "b9971148d4aa332deaa7752045d903e7f70d596e1b8dbc21c881dfcbda1d4f3d",
    "schema_version": "1.0.0",
    "event_type": "agent_order",
    "source": "synthetic_agent",
    "symbol": "BTCUSDT",
    "exchange": "binance_usdm",
    "timestamp": "2024-05-01T00:00:00.570000Z",
    "sequence": 19,
    "scenario_id": "scenario-429-stop_run_sweep",
    "agent_id": "agent-stop_run_sweep",
    "order_id": "scenario-429-stop_run_sweep-agent-stop_run_sweep-19",
    "action": "new",
    "side": "buy",
    "price": 65556.58654999999,
    "quantity": 0.06,
    "remaining_quantity": 0.06
  },
  {
    "event_id": "7c8b0f2b12834571312e94be5ac11a8738f113b83fba556db2507737d90bedcf",
    "schema_version": "1.0.0",
    "event_type": "agent_order",
    "source": "synthetic_agent",
    "symbol": "BTCUSDT",
    "exchange": "binance_usdm",
    "timestamp": "2024-05-01T00:00:00.600000Z",
    "sequence": 20,
    "scenario_id": "scenario-429-stop_run_sweep",
    "agent_id": "agent-stop_run_sweep",
    "order_id": "scenario-429-stop_run_sweep-agent-stop_run_sweep-20",
    "action": "new",
    "side": "buy",
    "price": 65559.85799999998,
    "quantity": 0.06,
    "remaining_quantity": 0.06
  },
  {
    "event_id": "dcc6ce2612463fa6964364b7efac42c09759b52327e93efd99c6f6baa5500495",
    "schema_version": "1.0.0",
    "event_type": "agent_order",
    "source": "synthetic_agent",
    "symbol": "BTCUSDT",
    "exchange": "binance_usdm",
    "timestamp": "2024-05-01T00:00:00.630000Z",
    "sequence": 21,
    "scenario_id": "scenario-429-stop_run_sweep",
    "agent_id": "agent-stop_run_sweep",
    "order_id": "scenario-429-stop_run_sweep-agent-stop_run_sweep-21",
    "action": "new",
    "side": "buy",
    "price": 65563.12945,
    "quantity": 0.06,
    "remaining_quantity": 0.06
  },
  {
    "event_id": "3c9d656481aaac42fe96c820d6a14fa2a4a82f53d748b7b1e9399ae4c3464aa3",
    "schema_version": "1.0.0",
    "event_type": "agent_order",
    "source": "synthetic_agent",
    "symbol": "BTCUSDT",
    "exchange": "binance_usdm",
    "timestamp": "2024-05-01T00:00:00.660000Z",
    "sequence": 22,
    "scenario_id": "scenario-429-stop_run_sweep",
    "agent_id": "agent-stop_run_sweep",
    "order_id": "scenario-429-stop_run_sweep-agent-stop_run_sweep-22",
    "action": "new",
    "side": "buy",
    "price": 65566.4009,
    "quantity": 0.06,
    "remaining_quantity": 0.06
  },
  {
    "event_id": "02f544176d83b33407dc3cbeffa26661b5984c86b1a144b0237504bba6d1d082",
    "schema_version": "1.0.0",
    "event_type": "agent_order",
    "source": "synthetic_agent",
    "symbol": "BTCUSDT",
    "exchange": "binance_usdm",
    "timestamp": "2024-05-01T00:00:00.690000Z",
    "sequence": 23,
    "scenario_id": "scenario-429-stop_run_sweep",
    "agent_id": "agent-stop_run_sweep",
    "order_id": "scenario-429-stop_run_sweep-agent-stop_run_sweep-23",
    "action": "new",
    "side": "buy",
    "price": 65569.67235,
    "quantity": 0.06,
    "remaining_quantity": 0.06
  },
  {
    "event_id": "0c2bb41eab8c5c3b9da2363f53aa8558ec4215f36fcc8272d74e17680fc03c74",
    "schema_version": "1.0.0",
    "event_type": "agent_order",
    "source": "synthetic_agent",
    "symbol": "BTCUSDT",
    "exchange": "binance_usdm",
    "timestamp": "2024-05-01T00:00:00.720000Z",
    "sequence": 24,
    "scenario_id": "scenario-429-stop_run_sweep",
    "agent_id": "agent-stop_run_sweep",
    "order_id": "scenario-429-stop_run_sweep-agent-stop_run_sweep-24",
    "action": "new",
    "side": "buy",
    "price": 65572.9438,
    "quantity": 0.06,
    "remaining_quantity": 0.06
  },
  {
    "event_id": "8cdcbe5aa55f7b02184a0dc193fab92127ad7e311befb8598b2d14c031f91f5d",
    "schema_version": "1.0.0",
    "event_type": "agent_order",
    "source": "synthetic_agent",
    "symbol": "BTCUSDT",
    "exchange": "binance_usdm",
    "timestamp": "2024-05-01T00:00:00.750000Z",
    "sequence": 25,
    "scenario_id": "scenario-429-stop_run_sweep",
    "agent_id": "agent-stop_run_sweep",
    "order_id": "scenario-429-stop_run_sweep-agent-stop_run_sweep-25",
    "action": "new",
    "side": "buy",
    "price": 65576.21525,
    "quantity": 0.06,
    "remaining_quantity": 0.06
  },
  {
    "event_id": "451075fcf77dc923fa684c4e73b9ab51067eea9fd1eca5af4911a5115f9e3470",
    "schema_version": "1.0.0",
    "event_type": "agent_order",
    "source": "synthetic_agent",
    "symbol": "BTCUSDT",
    "exchange": "binance_usdm",
    "timestamp": "2024-05-01T00:00:00.780000Z",
    "sequence": 26,
    "scenario_id": "scenario-429-stop_run_sweep",
    "agent_id": "agent-stop_run_sweep",
    "order_id": "scenario-429-stop_run_sweep-agent-stop_run_sweep-26",
    "action": "new",
    "side": "buy",
    "price": 65579.4867,
    "quantity": 0.06,
    "remaining_quantity": 0.06
  },
  {
    "event_id": "ef5484db54398d9c01abee6a1479837cf1d09f111f1db3a00f6a31aea6ff5779",
    "schema_version": "1.0.0",
    "event_type": "agent_order",
    "source": "synthetic_agent",
    "symbol": "BTCUSDT",
    "exchange": "binance_usdm",
    "timestamp": "2024-05-01T00:00:00.810000Z",
    "sequence": 27,
    "scenario_id": "scenario-429-stop_run_sweep",
    "agent_id": "agent-stop_run_sweep",
    "order_id": "scenario-429-stop_run_sweep-agent-stop_run_sweep-27",
    "action": "new",
    "side": "buy",
    "price": 65582.75815,
    "quantity": 0.06,
    "remaining_quantity": 0.06
  },
  {
    "event_id": "d3e518bd13b8cc5861a9ccd39a1222b3de52a4d61eac85755c0a683421bcefca",
    "schema_version": "1.0.0",
    "event_type": "agent_order",
    "source": "synthetic_agent",
    "symbol": "BTCUSDT",
    "exchange": "binance_usdm",
    "timestamp": "2024-05-01T00:00:00.840000Z",
    "sequence": 28,
    "scenario_id": "scenario-429-stop_run_sweep",
    "agent_id": "agent-stop_run_sweep",
    "order_id": "scenario-429-stop_run_sweep-agent-stop_run_sweep-28",
    "action": "new",
    "side": "buy",
    "price": 65586.0296,
    "quantity": 0.06,
    "remaining_quantity": 0.06
  },
  {
    "event_id": "b96e9f598720cf0b79517f2840407c024c6e82f4241d5661d6713be5cdcc18b3",
    "schema_version": "1.0.0",
    "event_type": "agent_order",
    "source": "synthetic_agent",
    "symbol": "BTCUSDT",
    "exchange": "binance_usdm",
    "timestamp": "2024-05-01T00:00:00.870000Z",
    "sequence": 29,
    "scenario_id": "scenario-429-stop_run_sweep",
    "agent_id": "agent-stop_run_sweep",
    "order_id": "scenario-429-stop_run_sweep-agent-stop_run_sweep-29",
    "action": "new",
    "side": "buy",
    "price": 65589.30105,
    "quantity": 0.06,
    "remaining_quantity": 0.06
  }
]