[
  {
    "event_id": "ae8cd2a2211815194ecf894a0e316822284f0d4e9b8bab5868e2fa8f15b85485",
    "schema_version": "1.0.0",
    "event_type": "agent_order",
    "source": "synthetic_agent",
    "symbol": "BTCUSDT",
    "exchange": "binance_usdm",
    "timestamp": "2024-05-01T00:00:00Z",
    "sequence": 0,
    "scenario_id": "scenario-509-momentum_ignition",
    "agent_id": "agent-momentum_ignition",
    "order_id": "scenario-509-momentum_ignition-agent-momentum_ignition-0",
    "action": "new",
    "side": "buy",
    "price": 65574.50899999999,
    "quantity": 0.08,
    "remaining_quantity": 0.08
  },
  {
    "event_id": "4b93a27c0907f6d0691301927e3ee1a22321284add379dd5f38509da87ff2ed7",
    "schema_version": "1.0.0",
    "event_type": "agent_order",
    "source": "synthetic_agent",
    "symbol": "BTCUSDT",
    "exchange": "binance_usdm",
    "timestamp": "2024-05-01T00:00:00.080000Z",
    "sequence": 1,
    "scenario_id": "scenario-509-momentum_ignition",
    "agent_id": "agent-momentum_ignition",
    "order_id": "scenario-509-momentum_ignition-agent-momentum_ignition-1",
    "action": "new",
    "side": "buy",
    "price": 65575.81917999999,
    "quantity": 0.08,
    "remaining_quantity": 0.08
  },
  {
    "event_id": "176b0de61237d3e06ca4ee36ac243dfcf1831c6b2ae912fdf7496300267e8d5a",
    "schema_version": "1.0.0",
    "event_type": "agent_order",
    "source": "synthetic_agent",
    "symbol": "BTCUSDT",
    "exchange": "binance_usdm",
    "timestamp": "2024-05-01T00:00:00.160000Z",
    "sequence": 2,
    "scenario_id": "scenario-509-momentum_ignition",
    "agent_id": "agent-momentum_ignition",
    "order_id": "scenario-509-momentum_ignition-agent-momentum_ignition-2",
    "action": "new",
    "side": "buy",
    "price": 65577.12935999999,
    "quantity": 0.08,
    "remaining_quantity": 0.08
  },
  {
    "event_id": "95808b2a8a0ab77caae5e4cf5aaa0bfc5d495906898d671b69832f13f31698ac",
    "schema_version": "1.0.0",
    "event_type": "agent_order",
    "source": "synthetic_agent",
    "symbol": "BTCUSDT",
    "exchange": "binance_usdm",
    "timestamp": "2024-05-01T00:00:00.240000Z",
    "sequence": 3,
    "scenario_id": "scenario-509-momentum_ignition",
    "agent_id": "agent-momentum_ignition",
    "order_id": "scenario-509-momentum_ignition-agent-momentum_ignition-3",
    "action": "new",
    "side": "buy",
    "price": 65578.43953999999,
    "quantity": 0.08,
    "remaining_quantity": 0.08
  },
  {
    "event_id": "12329ecad346ce8e742596e69dda06ef512581bbfd8c32f8d956bd31393c2711",
    "schema_version": "1.0.0",
    "event_type": "agent_order",
    "source": "synthetic_agent",
    "symbol": "BTCUSDT",
    "exchange": "binance_usdm",
    "timestamp": "2024-05-01T00:00:00.320000Z",
    "sequence": 4,
    "scenario_id": "scenario-509-momentum_ignition",
    "agent_id": "agent-momentum_ignition",
    "order_id": "scenario-509-momentum_ignition-agent-momentum_ignition-4",
    "action": "new",
    "side": "buy",
    "price": 65579.74971999999,
    "quantity": 0.08,
    "remaining_quantity": 0.08
  },
  {
    "event_id": "3e4db1a95acd528cedc68211e2c79144c193970ec4985100a266551d316d02ff",
    "schema_version": "1.0.0",
    "event_type": "agent_order",
    "source": "synthetic_agent",
    "symbol": "BTCUSDT",
    "exchange": "binance_usdm",
    "timestamp": "2024-05-01T00:00:00.400000Z",
    "sequence": 5,
    "scenario_id": "scenario-509-momentum_ignition",
    "agent_id": "agent-momentum_ignition",
    "order_id": "scenario-509-momentum_ignition-agent-momentum_ignition-5",
    "action": "new",
    "side": "buy",
    "price": 65581.0599,
    "quantity": 0.08,
    "remaining_quantity": 0.08
  },
  {
    "event_id": "e29c46299c0a58b42c18266170630f12068b31f492064ed7b1563e072656fdac",
    "schema_version": "1.0.0",
    "event_type": "agent_order",
    "source": "synthetic_agent",
    "symbol": "BTCUSDT",
    "exchange": "binance_usdm",
    "timestamp": "2024-05-01T00:00:00.480000Z",
    "sequence": 6,
    "scenario_id": "scenario-509-momentum_ignition",
    "agent_id": "agent-momentum_ignition",
    "order_id": "scenario-509-momentum_ignition-agent-momentum_ignition-6",
    "action": "new",
    "side": "buy",
    "price": 65582.37008,
    "quantity": 0.08,
    "remaining_quantity": 0.08
  },
  {
    "event_id": "34977ef978dfe7598f6b2f906cca13d4ccd807b04afb0f7b91e7ecb480563ed6",
    "schema_version": "1.0.0",
    "event_type": "agent_order",
    "source": "synthetic_agent",
    "symbol": "BTCUSDT",
    "exchange": "binance_usdm",
    "timestamp": "2024-05-01T00:00:00.560000Z",
    "sequence": 7,
    "scenario_id": "scenario-509-momentum_ignition",
    "agent_id": "agent-momentum_ignition",
    "order_id": "scenario-509-momentum_ignition-agent-momentum_ignition-7",
    "action": "new",
    "side": "buy",
    "price": 65583.68026,
    "quantity": 0.08,
    "remaining_quantity": 0.08
  },
  {
    "event_id": "6bba34af36ec2aec0b6116d8690f2d633e2389f9833f95ea88216918ff8bf081",
    "schema_version": "1.0.0",
    "event_type": "agent_order",
    "source": "synthetic_agent",
    "symbol": "BTCUSDT",
    "exchange": "binance_usdm",
    "timestamp": "2024-05-01T00:00:00.640000Z",
    "sequence": 8,
    "scenario_id": "scenario-509-momentum_ignition",
    "agent_id": "agent-momentum_ignition",
    "order_id": "scenario-509-momentum_ignition-agent-momentum_ignition-8",
    "action": "new",
    "side": "buy",
    "price": 65584.99044,
    "quantity": 0.08,
    "remaining_quantity": 0.08
  },
  {
    "event_id": "d1874d47c187a881a74a27182e97d808442d8eee0b160ec49c19f095e7483889",
    "schema_version": "1.0.0",
    "event_type": "agent_order",
    "source": "synthetic_agent",
    "symbol": "BTCUSDT",
    "exchange": "binance_usdm",
    "timestamp": "2024-05-01T00:00:00.720000Z",
    "sequence": 9,
    "scenario_id": "scenario-509-momentum_ignition",
    "agent_id": "agent-momentum_ignition",
    "order_id": "scenario-509-momentum_ignition-agent-momentum_ignition-9",
    "action": "new",
    "side": "buy",
    "price": 65586.30062,
    "quantity": 0.08,
    "remaining_quantity": 0.08
  },
  {
    "event_id": "3def43be14b2342f1e725e088056c5ac7208d4e7b06b63611e263641f272f2c2",
    "schema_version": "1.0.0",
    "event_type": "agent_order",
    "source": "synthetic_agent",
    "symbol": "BTCUSDT",
    "exchange": "binance_usdm",
    "timestamp": "2024-05-01T00:00:00.800000Z",
    "sequence": 10,
    "scenario_id": "scenario-509-momentum_ignition",
    "agent_id": "agent-momentum_ignition",
    "order_id": "scenario-509-momentum_ignition-agent-momentum_ignition-10",
    "action": "new",
    "side": "buy",
    "price": 65587.6108,
    "quantity": 0.08,
    "remaining_quantity": 0.08
  },
  {
    "event_id": "74fcd255a061aeccda630794bc4195cb595be73a5384884633f6b7d4c5d5f6ea",
    "schema_version": "1.0.0",
    "event_type": "agent_order",
    "source": "synthetic_agent",
    "symbol": "BTCUSDT",
    "exchange": "binance_usdm",
    "timestamp": "2024-05-01T00:00:00.880000Z",
    "sequence": 11,
    "scenario_id": "scenario-509-momentum_ignition",
    "agent_id": "agent-momentum_ignition",
    "order_id": "scenario-509-momentum_ignition-agent-momentum_ignition-11",
    "action": "new",
    "side": "buy",
    "price": 65588.92098,
    "quantity": 0.08,
    "remaining_quantity": 0.08
  },
  {
    "event_id": "0d929dfafb45ee9bfc088b8528b41bf5ca3e6eb6b222fc28a8e888ed84a14768",
    "schema_version": "1.0.0",
    "event_type": "agent_order",
    "source": "synthetic_agent",
    "symbol": "BTCUSDT",
    "exchange": "binance_usdm",
    "timestamp": "2024-05-01T00:00:00.960000Z",
    "sequence": 12,
    "scenario_id": "scenario-509-momentum_ignition",
    "agent_id": "agent-momentum_ignition",
    "order_id": "scenario-509-momentum_ignition-agent-momentum_ignition-12",
    "action": "new",
    "side": "buy",
    "price": 65590.23116,
    "quantity": 0.08,
    "remaining_quantity": 0.08
  },
  {
    "event_id": "37b3a90ba09d36ebd110290fea45df4269aa42ac53690ae27b7e8dcb63f1bab9",
    "schema_version": "1.0.0",
    "event_type": "agent_order",
    "source": "synthetic_agent",
    "symbol": "BTCUSDT",
    "exchange": "binance_usdm",
    "timestamp": "2024-05-01T00:00:01.040000Z",
    "sequence": 13,
    "scenario_id": "scenario-509-momentum_ignition",
    "agent_id": "agent-momentum_ignition",
    "order_id": "scenario-509-momentum_ignition-agent-momentum_ignition-13",
    "action": "new",
    "side": "buy",
    "price": 65591.54133999998,
    "quantity": 0.08,
    "remaining_quantity": 0.08
  },
  {
    "event_id": "0adc9baa40e1cce00e6763b9f784bfb85d840dabca416befecc5b56f5145b0e8",
    "schema_version": "1.0.0",
    "event_type": "agent_order",
    "source": "synthetic_agent",
    "symbol": "BTCUSDT",
    "exchange": "binance_usdm",
    "timestamp": "2024-05-01T00:00:01.120000Z",
    "sequence": 14,
    "scenario_id": "scenario-509-momentum_ignition",
    "agent_id": "agent-momentum_ignition",
    "order_id": "scenario-509-momentum_ignition-agent-momentum_ignition-14",
    "action": "new",
    "side": "buy",
    "price": 65592.85152,
    "quantity": 0.08,
    "remaining_quantity": 0.08
  },
  {
    "event_id": "8ec1b17c626fd4617710e1cea11d6d7cd02a5ed06ffa05eb19708b608d3ebfb7",
    "schema_version": "1.0.0",
    "event_type": "agent_order",
    "source": "synthetic_agent",
    "symbol": "BTCUSDT",
    "exchange": "binance_usdm",
    "timestamp": "2024-05-01T00:00:01.200000Z",
    "sequence": 15,
    "scenario_id": "scenario-509-momentum_ignition",
    "agent_id": "agent-momentum_ignition",
    "order_id": "scenario-509-momentum_ignition-agent-momentum_ignition-15",
    "action": "new",
    "side": "buy",
    "price": 65594.1617,
    "quantity": 0.08,
    "remaining_quantity": 0.08
  },
  {
    "event_id": "efc75814189cf38132b430990985915a276b2721995fe00bdf5b3588e1d76161",
    "schema_version": "1.0.0",
    "event_type": "agent_order",
    "source": "synthetic_agent",
    "symbol": "BTCUSDT",
    "exchange": "binance_usdm",
    "timestamp": "2024-05-01T00:00:01.280000Z",
    "sequence": 16,
    "scenario_id": "scenario-509-momentum_ignition",
    "agent_id": "agent-momentum_ignition",
    "order_id": "scenario-509-momentum_ignition-agent-momentum_ignition-16",
    "action": "new",
    "side": "buy",
    "price": 65595.47188,
    "quantity": 0.08,
    "remaining_quantity": 0.08
  },
  {
    "event_id": "91b2e9ba8727b8757a40def896697940bac10543195efc8ce1a295c530435316",
    "schema_version": "1.0.0",
    "event_type": "agent_order",
    "source": "synthetic_agent",
    "symbol": "BTCUSDT",
    "exchange": "binance_usdm",
    "timestamp": "2024-05-01T00:00:01.360000Z",
    "sequence": 17,
    "scenario_id": "scenario-509-momentum_ignition",
    "agent_id": "agent-momentum_ignition",
    "order_id": "scenario-509-momentum_ignition-agent-momentum_ignition-17",
    "action": "new",
    "side": "buy",
    "price": 65596.78206,
    "quantity": 0.08,
    "remaining_quantity": 0.08
  },
  {
    "event_id": "4a90de18a639d4276cd91da8604a967a3ad5fe0de62fdb59f79963e70216de35",
    "schema_version": "1.0.0",
    "event_type": "agent_order",
    "source": "synthetic_agent",
    "symbol": "BTCUSDT",
    "exchange": "binance_usdm",
    "timestamp": "2024-05-01T00:00:01.440000Z",
    "sequence": 18,
    "scenario_id": "scenario-509-momentum_ignition",
    "agent_id": "agent-momentum_ignition",
    "order_id": "scenario-509-momentum_ignition-agent-momentum_ignition-18",
    "action": "new",
    "side": "buy",
    "price": 65598.09223999998,
    "quantity": 0.08,
    "remaining_quantity": 0.08
  },
  {
    "event_id": "39e7b8130ce13402efbdeb60e8f018abe6da5b03f9d2edfea2e97387b7556ca6",
    "schema_version": "1.0.0",
    "event_type": "agent_order",
    "source": "synthetic_agent",
    "symbol": "BTCUSDT",
    "exchange": "binance_usdm",
    "timestamp": "2024-05-01T00:00:01.520000Z",
    "sequence": 19,
    "scenario_id": "scenario-509-momentum_ignition",
    "agent_id": "agent-momentum_ignition",
    "order_id": "scenario-509-momentum_ignition-agent-momentum_ignition-19",
    "action": "new",
    "side": "buy",
    "price": 65599.40242,
    "quantity": 0.08,
    "remaining_quantity": 0.08
  },
  {
    "event_id": "954d9f46f2d64cf9bc0a9ce1b38a7150ad1e1aa012953a6c0163e3d856872f72",
    "schema_version": "1.0.0",
    "event_type": "agent_order",
    "source": "synthetic_agent",
    "symbol": "BTCUSDT",
    "exchange": "binance_usdm",
    "timestamp": "2024-05-01T00:00:01.600000Z",
    "sequence": 20,
    "scenario_id": "scenario-509-momentum_ignition",
    "agent_id": "agent-momentum_ignition",
    "order_id": "scenario-509-momentum_ignition-agent-momentum_ignition-20",
    "action": "new",
    "side": "buy",
    "price": 65600.71259999998,
    "quantity": 0.08,
    "remaining_quantity": 0.08
  },
  {
    "event_id": "0db8e0703ce46c1ae82fd57826ca7bb27917ebd93c873f669c5fc8326c4097ad",
    "schema_version": "1.0.0",
    "event_type": "agent_order",
    "source": "synthetic_agent",
    "symbol": "BTCUSDT",
    "exchange": "binance_usdm",
    "timestamp": "2024-05-01T00:00:01.680000Z",
    "sequence": 21,
    "scenario_id": "scenario-509-momentum_ignition",
    "agent_id": "agent-momentum_ignition",
    "order_id": "scenario-509-momentum_ignition-agent-momentum_ignition-21",
    "action": "new",
    "side": "buy",
    "price": 65602.02278,
    "quantity": 0.08,
    "remaining_quantity": 0.08
  },
  {
    "event_id": "759e963c89179e1b01969a00407502ea29c77badbdd6a709c98ed78efddb282c",
    "schema_version": "1.0.0",
    "event_type": "agent_order",
    "source": "synthetic_agent",
    "symbol": "BTCUSDT",
    "exchange": "binance_usdm",
    "timestamp": "2024-05-01T00:00:01.760000Z",
    "sequence": 22,
    "scenario_id": "scenario-509-momentum_ignition",
    "agent_id": "agent-momentum_ignition",
    "order_id": "scenario-509-momentum_ignition-agent-momentum_ignition-22",
    "action": "new",
    "side": "buy",
    "price": 65603.33296,
    "quantity": 0.08,
    "remaining_quantity": 0.08
  },
  {
    "event_id": "d43938787e936528b07625af4dac3546f85a43ca46b576b4d7207ac5083c373d",
    "schema_version": "1.0.0",
    "event_type": "agent_order",
    "source": "synthetic_agent",
    "symbol": "BTCUSDT",
    "exchange": "binance_usdm",
    "timestamp": "2024-05-01T00:00:01.840000Z",
    "sequence": 23,
    "scenario_id": "scenario-509-momentum_ignition",
    "agent_id": "agent-momentum_ignition",
    "order_id": "scenario-509-momentum_ignition-agent-momentum_ignition-23",
    "action": "new",
    "side": "buy",
    "price": 65604.64313999999,
    "quantity": 0.08,
    "remaining_quantity": 0.08
  },
  {
    "event_id": "3c8c2491d6f21221e7af8cc46dda6648d2291123c9d2b703376d23f5b12ba893",
    "schema_version": "1.0.0",
    "event_type": "agent_order",
    "source": "synthetic_agent",
    "symbol": "BTCUSDT",
    "exchange": "binance_usdm",
    "timestamp": "2024-05-01T00:00:01.920000Z",
    "sequence": 24,
    "scenario_id": "scenario-509-momentum_ignition",
    "agent_id": "agent-momentum_ignition",
    "order_id": "scenario-509-momentum_ignition-agent-momentum_ignition-24",
    "action": "new",
    "side": "buy",
    "price": 65605.95332,
    "quantity": 0.08,
    "remaining_quantity": 0.08
  },
  {
    "event_id": "9440666120193d94a7b2db84a5fa776770dc4b36627115d624e5d0505390e210",
    "schema_version": "1.0.0",
    "event_type": "agent_order",
    "source": "synthetic_agent",
    "symbol": "BTCUSDT",
    "exchange": "binance_usdm",
    "timestamp": "2024-05-01T00:00:02Z",
    "sequence": 25,
    "scenario_id": "scenario-509-momentum_ignition",
    "agent_id": "agent-momentum_ignition",
    "order_id": "scenario-509-momentum_ignition-agent-momentum_ignition-25",
    "action": "new",
    "side": "buy",
    "price": 65607.26349999999,
    "quantity": 0.08,
    "remaining_quantity": 0.08
  },
  {
    "event_id": "807035065a04cec5d7fd0d0970a69f9c7b7a5e614f7b17e3069212b3f15d64a5",
    "schema_version": "1.0.0",
    "event_type": "agent_order",
    "source": "synthetic_agent",
    "symbol": "BTCUSDT",
    "exchange": "binance_usdm",
    "timestamp": "2024-05-01T00:00:02.080000Z",
    "sequence": 26,
    "scenario_id": "scenario-509-momentum_ignition",
    "agent_id": "agent-momentum_ignition",
    "order_id": "scenario-509-momentum_ignition-agent-momentum_ignition-26",
    "action": "new",
    "side": "buy",
    "price": 65608.57368,
    "quantity": 0.08,
    "remaining_quantity": 0.08
  },
  {
    "event_id": "9d73144f5036436da883e37b88ee24e4d2ffbf57bed35350c9f23e731dc21e7a",
    "schema_version": "1.0.0",
    "event_type": "agent_order",
    "source": "synthetic_agent",
    "symbol": "BTCUSDT",
    "exchange": "binance_usdm",
    "timestamp": "2024-05-01T00:00:02.160000Z",
    "sequence": 27,
    "scenario_id": "scenario-509-momentum_ignition",
    "agent_id": "agent-momentum_ignition",
    "order_id": "scenario-509-momentum_ignition-agent-momentum_ignition-27",
    "action": "new",
    "side": "buy",
    "price": 65609.88385999999,
    "quantity": 0.08,
    "remaining_quantity": 0.08
  },
  {
    "event_id": "34b794bec04578ef02341bd40524e589c04443846c11d171d43420012ef0f8a4",
    "schema_version": "1.0.0",
    "event_type": "agent_order",
    "source": "synthetic_agent",
    "symbol": "BTCUSDT",
    "exchange": "binance_usdm",
    "timestamp": "2024-05-01T00:00:02.240000Z",
    "sequence": 28,
    "scenario_id": "scenario-509-momentum_ignition",
    "agent_id": "agent-momentum_ignition",
    "order_id": "scenario-509-momentum_ignition-agent-momentum_ignition-28",
    "action": "new",
    "side": "buy",
    "price": 65611.19403999999,
    "quantity": 0.08,
    "remaining_quantity": 0.08
  },
  {
    "event_id": "40253a7a4a1859821c6fc8522b97e6cbca64ef1d44c444809b9264f9a85f282c",
    "schema_version": "1.0.0",
    "event_type": "agent_order",
    "source": "synthetic_agent",
    "symbol": "BTCUSDT",
    "exchange": "binance_usdm",
    "timestamp": "2024-05-01T00:00:02.320000Z",
    "sequence": 29,
    "scenario_id": "scenario-509-momentum_ignition",
    "agent_id": "agent-momentum_ignition",
    "order_id": "scenario-509-momentum_ignition-agent-momentum_ignition-29",
    "action": "new",
    "side": "buy",
    "price": 65612.50421999999,
    "quantity": 0.08,
    "remaining_quantity": 0.08
  }
]