[
  {
    "event_id": "950a6f78146fa7c3c2fef9123ba6d747ca206db4490463b941ed34cf0f45dbdf",
    "schema_version": "1.0.0",
    "event_type": "agent_order",
    "source": "synthetic_agent",
    "symbol": "BTCUSDT",
    "exchange": "binance_usdm",
    "timestamp": "2024-05-01T00:00:00Z",
    "sequence": 0,
    "scenario_id": "scenario-505-twap_execution",
    "agent_id": "agent-twap_execution",
    "order_id": "scenario-505-twap_execution-agent-twap_execution-0",
    "action": "new",
    "side": "buy",
    "price": 65472.247500000005,
    "quantity": 0.005,
    "remaining_quantity": 0.005
  },
  {
    "event_id": "172c9c5485a92daf380ae269a6623d7ca3601cf3da7e5b334512460b3cb93c0d",
    "schema_version": "1.0.0",
    "event_type": "agent_order",
    "source": "synthetic_agent",
    "symbol": "BTCUSDT",
    "exchange": "binance_usdm",
    "timestamp": "2024-05-01T00:00:01Z",
    "sequence": 1,
    "scenario_id": "scenario-505-twap_execution",
    "agent_id": "agent-twap_execution",
    "order_id": "scenario-505-twap_execution-agent-twap_execution-1",
    "action": "new",
    "side": "buy",
    "price": 65472.247500000005,
    "quantity": 0.005,
    "remaining_quantity": 0.005
  },
  {
    "event_id": "00e2e089d3b28eac82a6c30e61d4638c77278e1c388034c89922ecfd845aac66",
    "schema_version": "1.0.0",
    "event_type": "agent_order",
    "source": "synthetic_agent",
    "symbol": "BTCUSDT",
    "exchange": "binance_usdm",
    "timestamp": "2024-05-01T00:00:02Z",
    "sequence": 2,
    "scenario_id": "scenario-505-twap_execution",
    "agent_id": "agent-twap_execution",
    "order_id": "scenario-505-twap_execution-agent-twap_execution-2",
    "action": "new",
    "side": "buy",
    "price": 65472.247500000005,
    "quantity": 0.005,
    "remaining_quantity": 0.005
  },
  {
    "event_id": "f27b258d4331774c0e4835fac080e92fc27ae288dcfaa787597317f84bc89e06",
    "schema_version": "1.0.0",
    "event_type": "agent_order",
    "source": "synthetic_agent",
    "symbol": "BTCUSDT",
    "exchange": "binance_usdm",
    "timestamp": "2024-05-01T00:00:03Z",
    "sequence": 3,
    "scenario_id": "scenario-505-twap_execution",
    "agent_id": "agent-twap_execution",
    "order_id": "scenario-505-twap_execution-agent-twap_execution-3",
    "action": "new",
    "side": "buy",
    "price": 65472.247500000005,
    "quantity": 0.005,
    "remaining_quantity": 0.005
  },
  {
    "event_id": "8f09369bd2682643bcc2a8ff1107f252d6686361c3014a7861eabeb782e085d7",
    "schema_version": "1.0.0",
    "event_type": "agent_order",
    "source": "synthetic_agent",
    "symbol": "BTCUSDT",
    "exchange": "binance_usdm",
    "timestamp": "2024-05-01T00:00:04Z",
    "sequence": 4,
    "scenario_id": "scenario-505-twap_execution",
    "agent_id": "agent-twap_execution",
    "order_id": "scenario-505-twap_execution-agent-twap_execution-4",
    "action": "new",
    "side": "buy",
    "price": 65472.247500000005,
    "quantity": 0.005,
    "remaining_quantity": 0.005
  },
  {
    "event_id": "cb65e02527ad96b2043ce60a5b36509cacc5d9922251d182273911cbefc03447",
    "schema_version": "1.0.0",
    "event_type": "agent_order",
    "source": "synthetic_agent",
    "symbol": "BTCUSDT",
    "exchange": "binance_usdm",
    "timestamp": "2024-05-01T00:00:05Z",
    "sequence": 5,
    "scenario_id": "scenario-505-twap_execution",
    "agent_id": "agent-twap_execution",
    "order_id": "scenario-505-twap_execution-agent-twap_execution-5",
    "action": "new",
    "side": "buy",
    "price": 65472.247500000005,
    "quantity": 0.005,
    "remaining_quantity": 0.005
  },
  {
    "event_id": "cda5eda75b02eeccb5c1eb7db1000fdfd0abcefe9966a1cd0b54392cf360113f",
    "schema_version": "1.0.0",
    "event_type": "agent_order",
    "source": "synthetic_agent",
    "symbol": "BTCUSDT",
    "exchange": "binance_usdm",
    "timestamp": "2024-05-01T00:00:06Z",
    "sequence": 6,
    "scenario_id": "scenario-505-twap_execution",
    "agent_id": "agent-twap_execution",
    "order_id": "scenario-505-twap_execution-agent-twap_execution-6",
    "action": "new",
    "side": "buy",
    "price": 65472.247500000005,
    "quantity": 0.005,
    "remaining_quantity": 0.005
  },
  {
    "event_id": "57cb7ed2a26cfd67a2d9e70eb064d93cbd452a03ea97ec3549444e37209339f6",
    "schema_version": "1.0.0",
    "event_type": "agent_order",
    "source": "synthetic_agent",
    "symbol": "BTCUSDT",
    "exchange": "binance_usdm",
    "timestamp": "2024-05-01T00:00:07Z",
    "sequence": 7,
    "scenario_id": "scenario-505-twap_execution",
    "agent_id": "agent-twap_execution",
    "order_id": "scenario-505-twap_execution-agent-twap_execution-7",
    "action": "new",
    "side": "buy",
    "price": 65472.247500000005,
    "quantity": 0.005,
    "remaining_quantity": 0.005
  },
  {
    "event_id": "e155460ea6c31daf106da1b87f913ed4143ce96d804933d1ab0cc89c74df5d77",
    "schema_version": "1.0.0",
    "event_type": "agent_order",
    "source": "synthetic_agent",
    "symbol": "BTCUSDT",
    "exchange": "binance_usdm",
    "timestamp": "2024-05-01T00:00:08Z",
    "sequence": 8,
    "scenario_id": "scenario-505-twap_execution",
    "agent_id": "agent-twap_execution",
    "order_id": "scenario-505-twap_execution-agent-twap_execution-8",
    "action": "new",
    "side": "buy",
    "price": 65472.247500000005,
    "quantity": 0.005,
    "remaining_quantity": 0.005
  },
  {
    "event_id": "8f25908e1d9a7eaf6aaf240381629e3061166e208116c7d068a18e660f93a489",
    "schema_version": "1.0.0",
    "event_type": "agent_order",
    "source": "synthetic_agent",
    "symbol": "BTCUSDT",
    "exchange": "binance_usdm",
    "timestamp": "2024-05-01T00:00:09Z",
    "sequence": 9,
    "scenario_id": "scenario-505-twap_execution",
    "agent_id": "agent-twap_execution",
    "order_id": "scenario-505-twap_execution-agent-twap_execution-9",
    "action": "new",
    "side": "buy",
    "price": 65472.247500000005,
    "quantity": 0.005,
    "remaining_quantity": 0.005
  },
  {
    "event_id": "1bfd069421857e72ee7f9943cb00d85cd7f831a05defbe7e3fe8f4f5e227619a",
    "schema_version": "1.0.0",
    "event_type": "agent_order",
    "source": "synthetic_agent",
    "symbol": "BTCUSDT",
    "exchange": "binance_usdm",
    "timestamp": "2024-05-01T00:00:10Z",
    "sequence": 10,
    "scenario_id": "scenario-505-twap_execution",
    "agent_id": "agent-twap_execution",
    "order_id": "scenario-505-twap_execution-agent-twap_execution-10",
    "action": "new",
    "side": "buy",
    "price": 65472.247500000005,
    "quantity": 0.005,
    "remaining_quantity": 0.005
  },
  {
    "event_id": "274c35339ab3aaedc0e32159db274dae24347b77c51c88f16d34b5a64bebfdb5",
    "schema_version": "1.0.0",
    "event_type": "agent_order",
    "source": "synthetic_agent",
    "symbol": "BTCUSDT",
    "exchange": "binance_usdm",
    "timestamp": "2024-05-01T00:00:11Z",
    "sequence": 11,
    "scenario_id": "scenario-505-twap_execution",
    "agent_id": "agent-twap_execution",
    "order_id": "scenario-505-twap_execution-agent-twap_execution-11",
    "action": "new",
    "side": "buy",
    "price": 65472.247500000005,
    "quantity": 0.005,
    "remaining_quantity": 0.005
  },
  {
    "event_id": "123ccfbbc2863586ff50ca2c26e774d487302ef8f5b50be3c769a4c0ee8f9f43",
    "schema_version": "1.0.0",
    "event_type": "agent_order",
    "source": "synthetic_agent",
    "symbol": "BTCUSDT",
    "exchange": "binance_usdm",
    "timestamp": "2024-05-01T00:00:12Z",
    "sequence": 12,
    "scenario_id": "scenario-505-twap_execution",
    "agent_id": "agent-twap_execution",
    "order_id": "scenario-505-twap_execution-agent-twap_execution-12",
    "action": "new",
    "side": "buy",
    "price": 65472.247500000005,
    "quantity": 0.005,
    "remaining_quantity": 0.005
  },
  {
    "event_id": "331b08df8540af2dfdc414056a8a9abf59d48f69cd4e98d151dc8d8960f077a4",
    "schema_version": "1.0.0",
    "event_type": "agent_order",
    "source": "synthetic_agent",
    "symbol": "BTCUSDT",
    "exchange": "binance_usdm",
    "timestamp": "2024-05-01T00:00:13Z",
    "sequence": 13,
    "scenario_id": "scenario-505-twap_execution",
    "agent_id": "agent-twap_execution",
    "order_id": "scenario-505-twap_execution-agent-twap_execution-13",
    "action": "new",
    "side": "buy",
    "price": 65472.247500000005,
    "quantity": 0.005,
    "remaining_quantity": 0.005
  },
  {
    "event_id": "b75cc6ef26d91dc7396eabc7e43ebca4d11c2b18d2743a5071e4ec121f82b1ac",
    "schema_version": "1.0.0",
    "event_type": "agent_order",
    "source": "synthetic_agent",
    "symbol": "BTCUSDT",
    "exchange": "binance_usdm",
    "timestamp": "2024-05-01T00:00:14Z",
    "sequence": 14,
    "scenario_id": "scenario-505-twap_execution",
    "agent_id": "agent-twap_execution",
    "order_id": "scenario-505-twap_execution-agent-twap_execution-14",
    "action": "new",
    "side": "buy",
    "price": 65472.247500000005,
    "quantity": 0.005,
    "remaining_quantity": 0.005
  },
  {
    "event_id": "d61167070ca5da39f804731ea80df150dcd9b0accc1708fc26a97b81c9972961",
    "schema_version": "1.0.0",
    "event_type": "agent_order",
    "source": "synthetic_agent",
    "symbol": "BTCUSDT",
    "exchange": "binance_usdm",
    "timestamp": "2024-05-01T00:00:15Z",
    "sequence": 15,
    "scenario_id": "scenario-505-twap_execution",
    "agent_id": "agent-twap_execution",
    "order_id": "scenario-505-twap_execution-agent-twap_execution-15",
    "action": "new",
    "side": "buy",
    "price": 65472.247500000005,
    "quantity": 0.005,
    "remaining_quantity": 0.005
  },
  {
    "event_id": "b20a1a39dd6cc818cf9e4793635816e370c19677d79f0186064096415a07ee60",
    "schema_version": "1.0.0",
    "event_type": "agent_order",
    "source": "synthetic_agent",
    "symbol": "BTCUSDT",
    "exchange": "binance_usdm",
    "timestamp": "2024-05-01T00:00:16Z",
    "sequence": 16,
    "scenario_id": "scenario-505-twap_execution",
    "agent_id": "agent-twap_execution",
    "order_id": "scenario-505-twap_execution-agent-twap_execution-16",
    "action": "new",
    "side": "buy",
    "price": 65472.247500000005,
    "quantity": 0.005,
    "remaining_quantity": 0.005
  },
  {
    "event_id": "d2dc5aaf29f5686b50398d4a537459d8f3db4b323f9605977a04a9084410216e",
    "schema_version": "1.0.0",
    "event_type": "agent_order",
    "source": "synthetic_agent",
    "symbol": "BTCUSDT",
    "exchange": "binance_usdm",
    "timestamp": "2024-05-01T00:00:17Z",
    "sequence": 17,
    "scenario_id": "scenario-505-twap_execution",
    "agent_id": "agent-twap_execution",
    "order_id": "scenario-505-twap_execution-agent-twap_execution-17",
    "action": "new",
    "side": "buy",
    "price": 65472.247500000005,
    "quantity": 0.005,
    "remaining_quantity": 0.005
  },
  {
    "event_id": "0a56057629f5f50e55b569144878659b02f9f763cf1b752153d6389ede4561c7",
    "schema_version": "1.0.0",
    "event_type": "agent_order",
    "source": "synthetic_agent",
    "symbol": "BTCUSDT",
    "exchange": "binance_usdm",
    "timestamp": "2024-05-01T00:00:18Z",
    "sequence": 18,
    "scenario_id": "scenario-505-twap_execution",
    "agent_id": "agent-twap_execution",
    "order_id": "scenario-505-twap_execution-agent-twap_execution-18",
    "action": "new",
    "side": "buy",
    "price": 65472.247500000005,
    "quantity": 0.005,
    "remaining_quantity": 0.005
  },
  {
    "event_id": "32752416a22bc6a84807be2111a58ca4b3589f2043947b428615e1de79f4d68e",
    "schema_version": "1.0.0",
    "event_type": "agent_order",
    "source": "synthetic_agent",
    "symbol": "BTCUSDT",
    "exchange": "binance_usdm",
    "timestamp": "2024-05-01T00:00:19Z",
    "sequence": 19,
    "scenario_id": "scenario-505-twap_execution",
    "agent_id": "agent-twap_execution",
    "order_id": "scenario-505-twap_execution-agent-twap_execution-19",
    "action": "new",
    "side": "buy",
    "price": 65472.247500000005,
    "quantity": 0.005,
    "remaining_quantity": 0.005
  },
  {
    "event_id": "0780f365e4a3cb7b44d826b69ce36b5baf03177a5b175f2b1f9733882c9a8e94",
    "schema_version": "1.0.0",
    "event_type": "agent_order",
    "source": "synthetic_agent",
    "symbol": "BTCUSDT",
    "exchange": "binance_usdm",
    "timestamp": "2024-05-01T00:00:20Z",
    "sequence": 20,
    "scenario_id": "scenario-505-twap_execution",
    "agent_id": "agent-twap_execution",
    "order_id": "scenario-505-twap_execution-agent-twap_execution-20",
    "action": "new",
    "side": "buy",
    "price": 65472.247500000005,
    "quantity": 0.005,
    "remaining_quantity": 0.005
  },
  {
    "event_id": "ebf2807aa0c96752c8545206c7a32325b3717fd466afbff76fde27555085299d",
    "schema_version": "1.0.0",
    "event_type": "agent_order",
    "source": "synthetic_agent",
    "symbol": "BTCUSDT",
    "exchange": "binance_usdm",
    "timestamp": "2024-05-01T00:00:21Z",
    "sequence": 21,
    "scenario_id": "scenario-505-twap_execution",
    "agent_id": "agent-twap_execution",
    "order_id": "scenario-505-twap_execution-agent-twap_execution-21",
    "action": "new",
    "side": "buy",
    "price": 65472.247500000005,
    "quantity": 0.005,
    "remaining_quantity": 0.005
  },
  {
    "event_id": "ad3f990929f8802948d32ed67cfeb0e510c8d836928675e217faacad1bbd28fe",
    "schema_version": "1.0.0",
    "event_type": "agent_order",
    "source": "synthetic_agent",
    "symbol": "BTCUSDT",
    "exchange": "binance_usdm",
    "timestamp": "2024-05-01T00:00:22Z",
    "sequence": 22,
    "scenario_id": "scenario-505-twap_execution",
    "agent_id": "agent-twap_execution",
    "order_id": "scenario-505-twap_execution-agent-twap_execution-22",
    "action": "new",
    "side": "buy",
    "price": 65472.247500000005,
    "quantity": 0.005,
    "remaining_quantity": 0.005
  },
  {
    "event_id": "25251f44773d2e043a5a4b8985e1456598227a5927e863502c590e2390575aaa",
    "schema_version": "1.0.0",
    "event_type": "agent_order",
    "source": "synthetic_agent",
    "symbol": "BTCUSDT",
    "exchange": "binance_usdm",
    "timestamp": "2024-05-01T00:00:23Z",
    "sequence": 23,
    "scenario_id": "scenario-505-twap_execution",
    "agent_id": "agent-twap_execution",
    "order_id": "scenario-505-twap_execution-agent-twap_execution-23",
    "action": "new",
    "side": "buy",
    "price": 65472.247500000005,
    "quantity": 0.005,
    "remaining_quantity": 0.005
  },
  {
    "event_id": "8d2bcdfd55778c2ec059f4c3a70c52a21273300f7c7dd5cb7e5d11c1f4911893",
    "schema_version": "1.0.0",
    "event_type": "agent_order",
    "source": "synthetic_agent",
    "symbol": "BTCUSDT",
    "exchange": "binance_usdm",
    "timestamp": "2024-05-01T00:00:24Z",
    "sequence": 24,
    "scenario_id": "scenario-505-twap_execution",
    "agent_id": "agent-twap_execution",
    "order_id": "scenario-505-twap_execution-agent-twap_execution-24",
    "action": "new",
    "side": "buy",
    "price": 65472.247500000005,
    "quantity": 0.005,
    "remaining_quantity": 0.005
  },
  {
    "event_id": "c16a694e484e0b7a55dfec37fbbe01c181d61c453813215a068f95dcfb20cbd8",
    "schema_version": "1.0.0",
    "event_type": "agent_order",
    "source": "synthetic_agent",
    "symbol": "BTCUSDT",
    "exchange": "binance_usdm",
    "timestamp": "2024-05-01T00:00:25Z",
    "sequence": 25,
    "scenario_id": "scenario-505-twap_execution",
    "agent_id": "agent-twap_execution",
    "order_id": "scenario-505-twap_execution-agent-twap_execution-25",
    "action": "new",
    "side": "buy",
    "price": 65472.247500000005,
    "quantity": 0.005,
    "remaining_quantity": 0.005
  },
  {
    "event_id": "541e9d5eb4e861409b3a4d59fcaca01981f33661b3b060f890b49056ea4bd04d",
    "schema_version": "1.0.0",
    "event_type": "agent_order",
    "source": "synthetic_agent",
    "symbol": "BTCUSDT",
    "exchange": "binance_usdm",
    "timestamp": "2024-05-01T00:00:26Z",
    "sequence": 26,
    "scenario_id": "scenario-505-twap_execution",
    "agent_id": "agent-twap_execution",
    "order_id": "scenario-505-twap_execution-agent-twap_execution-26",
    "action": "new",
    "side": "buy",
    "price": 65472.247500000005,
    "quantity": 0.005,
    "remaining_quantity": 0.005
  },
  {
    "event_id": "3751b5515032a69d9798cb7f2f7082fbf84238c14146c363d0fee2c88979b2fd",
    "schema_version": "1.0.0",
    "event_type": "agent_order",
    "source": "synthetic_agent",
    "symbol": "BTCUSDT",
    "exchange": "binance_usdm",
    "timestamp": "2024-05-01T00:00:27Z",
    "sequence": 27,
    "scenario_id": "scenario-505-twap_execution",
    "agent_id": "agent-twap_execution",
    "order_id": "scenario-505-twap_execution-agent-twap_execution-27",
    "action": "new",
    "side": "buy",
    "price": 65472.247500000005,
    "quantity": 0.005,
    "remaining_quantity": 0.005
  },
  {
    "event_id": "363e07d9c06f2ccdfc69e9fa8f1f084d269a4603a39c479a0baec4e5eb978ecd",
    "schema_version": "1.0.0",
    "event_type": "agent_order",
    "source": "synthetic_agent",
    "symbol": "BTCUSDT",
    "exchange": "binance_usdm",
    "timestamp": "2024-05-01T00:00:28Z",
    "sequence": 28,
    "scenario_id": "scenario-505-twap_execution",
    "agent_id": "agent-twap_execution",
    "order_id": "scenario-505-twap_execution-agent-twap_execution-28",
    "action": "new",
    "side": "buy",
    "price": 65472.247500000005,
    "quantity": 0.005,
    "remaining_quantity": 0.005
  },
  {
    "event_id": "e102da96e1c1d8cb7f83565de927df891ea2cae884f39f3586b1ebf6f8e8b4ff",
    "schema_version": "1.0.0",
    "event_type": "agent_order",
    "source": "synthetic_agent",
    "symbol": "BTCUSDT",
    "exchange": "binance_usdm",
    "timestamp": "2024-05-01T00:00:29Z",
    "sequence": 29,
    "scenario_id": "scenario-505-twap_execution",
    "agent_id": "agent-twap_execution",
    "order_id": "scenario-505-twap_execution-agent-twap_execution-29",
    "action": "new",
    "side": "buy",
    "price": 65472.247500000005,
    "quantity": 0.005,
    "remaining_quantity": 0.005
  }
]