[
  {
    "event_id": "df461730799219afef9d979bbe69ace43c153d6b13d4c26f95781acd9839f9b7",
    "schema_version": "1.0.0",
    "event_type": "agent_order",
    "source": "synthetic_agent",
    "symbol": "BTCUSDT",
    "exchange": "binance_usdm",
    "timestamp": "2024-05-01T00:00:00Z",
    "sequence": 0,
    "scenario_id": "scenario-135-spoofing_layering",
    "agent_id": "agent-spoofing_layering",
    "order_id": "scenario-135-spoofing_layering-agent-spoofing_layering-0",
    "action": "new",
    "side": "sell",
    "price": 65167.5675,
    "quantity": 0.5,
    "remaining_quantity": 0.5
  },
  {
    "event_id": "a354b36d80ce3677829160cbecac708935ca8e0f895e0353cb662fa803716676",
    "schema_version": "1.0.0",
    "event_type": "agent_order",
    "source": "synthetic_agent",
    "symbol": "BTCUSDT",
    "exchange": "binance_usdm",
    "timestamp": "2024-05-01T00:00:00.050000Z",
    "sequence": 1,
    "scenario_id": "scenario-135-spoofing_layering",
    "agent_id": "agent-spoofing_layering",
    "order_id": "scenario-135-spoofing_layering-agent-spoofing_layering-1",
    "action": "new",
    "side": "sell",
    "price": 65168.21885,
    "quantity": 0.5,
    "remaining_quantity": 0.5
  },
  {
    "event_id": "77d1016138a0992e8c5c934f5e038bfcb9b11c0fc6d082c17430aca20f871ee0",
    "schema_version": "1.0.0",
    "event_type": "agent_order",
    "source": "synthetic_agent",
    "symbol": "BTCUSDT",
    "exchange": "binance_usdm",
    "timestamp": "2024-05-01T00:00:00.100000Z",
    "sequence": 2,
    "scenario_id": "scenario-135-spoofing_layering",
    "agent_id": "agent-spoofing_layering",
    "order_id": "scenario-135-spoofing_layering-agent-spoofing_layering-2",
    "action": "new",
    "side": "sell",
    "price": 65168.87019999999,
    "quantity": 0.5,
    "remaining_quantity": 0.5
  },
  {
    "event_id": "53092658843f4135969288182fd66116430798be7d6a489702cb5e3ed015f605",
    "schema_version": "1.0.0",
    "event_type": "agent_order",
    "source": "synthetic_agent",
    "symbol": "BTCUSDT",
    "exchange": "binance_usdm",
    "timestamp": "2024-05-01T00:00:00.150000Z",
    "sequence": 3,
    "scenario_id": "scenario-135-spoofing_layering",
    "agent_id": "agent-spoofing_layering",
    "order_id": "scenario-135-spoofing_layering-agent-spoofing_layering-3",
    "action": "new",
    "side": "sell",
    "price": 65169.52155,
    "quantity": 0.5,
    "remaining_quantity": 0.5
  },
  {
    "event_id": "197dbe9ea5a4633c1a5e9236484775a4400f0018b2efbb19a984cea6193663a2",
    "schema_version": "1.0.0",
    "event_type": "agent_order",
    "source": "synthetic_agent",
    "symbol": "BTCUSDT",
    "exchange": "binance_usdm",
    "timestamp": "2024-05-01T00:00:00.200000Z",
    "sequence": 4,
    "scenario_id": "scenario-135-spoofing_layering",
    "agent_id": "agent-spoofing_layering",
    "order_id": "scenario-135-spoofing_layering-agent-spoofing_layering-4",
    "action": "new",
    "side": "sell",
    "price": 65170.1729,
    "quantity": 0.5,
    "remaining_quantity": 0.5
  },
  {
    "event_id": "f89c0e66a35343939ac2fad3c1a72cab5e3e2256c378f2af21edbc3a26563372",
    "schema_version": "1.0.0",
    "event_type": "agent_order",
    "source": "synthetic_agent",
    "symbol": "BTCUSDT",
    "exchange": "binance_usdm",
    "timestamp": "2024-05-01T00:00:00.250000Z",
    "sequence": 5,
    "scenario_id": "scenario-135-spoofing_layering",
    "agent_id": "agent-spoofing_layering",
    "order_id": "scenario-135-spoofing_layering-agent-spoofing_layering-5",
    "action": "new",
    "side": "sell",
    "price": 65170.824250000005,
    "quantity": 0.5,
    "remaining_quantity": 0.5
  },
  {
    "event_id": "74d0a5e48ccabc40ef5b2fd26003e8c594b7b2cd58903e5ee226566161ecd604",
    "schema_version": "1.0.0",
    "event_type": "agent_order",
    "source": "synthetic_agent",
    "symbol": "BTCUSDT",
    "exchange": "binance_usdm",
    "timestamp": "2024-05-01T00:00:00.300000Z",
    "sequence": 6,
    "scenario_id": "scenario-135-spoofing_layering",
    "agent_id": "agent-spoofing_layering",
    "order_id": "scenario-135-spoofing_layering-agent-spoofing_layering-6",
    "action": "new",
    "side": "sell",
    "price": 65171.47559999999,
    "quantity": 0.5,
    "remaining_quantity": 0.5
  },
  {
    "event_id": "56c489844d0d8b8e0a75139e7e03a53575cf4a9624bddee7ba478f5e958b23f3",
    "schema_version": "1.0.0",
    "event_type": "agent_order",
    "source": "synthetic_agent",
    "symbol": "BTCUSDT",
    "exchange": "binance_usdm",
    "timestamp": "2024-05-01T00:00:00.350000Z",
    "sequence": 7,
    "scenario_id": "scenario-135-spoofing_layering",
    "agent_id": "agent-spoofing_layering",
    "order_id": "scenario-135-spoofing_layering-agent-spoofing_layering-7",
    "action": "new",
    "side": "sell",
    "price": 65172.12695,
    "quantity": 0.5,
    "remaining_quantity": 0.5
  },
  {
    "event_id": "f8a83fde8dffe1a58866215c1e26c52c1cf725f5d6ebb7f76ad6b5a9a8a77b45",
    "schema_version": "1.0.0",
    "event_type": "agent_order",
    "source": "synthetic_agent",
    "symbol": "BTCUSDT",
    "exchange": "binance_usdm",
    "timestamp": "2024-05-01T00:00:00.400000Z",
    "sequence": 8,
    "scenario_id": "scenario-135-spoofing_layering",
    "agent_id": "agent-spoofing_layering",
    "order_id": "scenario-135-spoofing_layering-agent-spoofing_layering-8",
    "action": "new",
    "side": "sell",
    "price": 65172.7783,
    "quantity": 0.5,
    "remaining_quantity": 0.5
  },
  {
    "event_id": "8962cbc71b28edf98b6a3bc7a729c118760760c1600ffa7627117ed01f8ce973",
    "schema_version": "1.0.0",
    "event_type": "agent_order",
    "source": "synthetic_agent",
    "symbol": "BTCUSDT",
    "exchange": "binance_usdm",
    "timestamp": "2024-05-01T00:00:00.450000Z",
    "sequence": 9,
    "scenario_id": "scenario-135-spoofing_layering",
    "agent_id": "agent-spoofing_layering",
    "order_id": "scenario-135-spoofing_layering-agent-spoofing_layering-9",
    "action": "new",
    "side": "sell",
    "price": 65173.42964999999,
    "quantity": 0.5,
    "remaining_quantity": 0.5
  },
  {
    "event_id": "e7d3dfc3e68a85d0c793fb7e5a839a4d3c08a92c54dd739eff0ecf3c0eaa600b",
    "schema_version": "1.0.0",
    "event_type": "agent_order",
    "source": "synthetic_agent",
    "symbol": "BTCUSDT",
    "exchange": "binance_usdm",
    "timestamp": "2024-05-01T00:00:00.500000Z",
    "sequence": 10,
    "scenario_id": "scenario-135-spoofing_layering",
    "agent_id": "agent-spoofing_layering",
    "order_id": "scenario-135-spoofing_layering-agent-spoofing_layering-10",
    "action": "new",
    "side": "sell",
    "price": 65174.081,
    "quantity": 0.5,
    "remaining_quantity": 0.5
  },
  {
    "event_id": "0a156fb772f0522c0b5a637b5d29add67d6f2a40435d492d5797756a4f6691d1",
    "schema_version": "1.0.0",
    "event_type": "agent_order",
    "source": "synthetic_agent",
    "symbol": "BTCUSDT",
    "exchange": "binance_usdm",
    "timestamp": "2024-05-01T00:00:00.550000Z",
    "sequence": 11,
    "scenario_id": "scenario-135-spoofing_layering",
    "agent_id": "agent-spoofing_layering",
    "order_id": "scenario-135-spoofing_layering-agent-spoofing_layering-11",
    "action": "new",
    "side": "sell",
    "price": 65174.73235,
    "quantity": 0.5,
    "remaining_quantity": 0.5
  },
  {
    "event_id": "a74bcf6eb81d41fca2e8e6530d1cf871f7292d62427452a1b08d76feee9017e9",
    "schema_version": "1.0.0",
    "event_type": "agent_order",
    "source": "synthetic_agent",
    "symbol": "BTCUSDT",
    "exchange": "binance_usdm",
    "timestamp": "2024-05-01T00:00:00.600000Z",
    "sequence": 12,
    "scenario_id": "scenario-135-spoofing_layering",
    "agent_id": "agent-spoofing_layering",
    "order_id": "scenario-135-spoofing_layering-agent-spoofing_layering-12",
    "action": "new",
    "side": "sell",
    "price": 65175.38369999999,
    "quantity": 0.5,
    "remaining_quantity": 0.5
  },
  {
    "event_id": "a1a09ffd8a0145da055addd2465dbd9352289cd12e706bb20fbd0df8a9fd299e",
    "schema_version": "1.0.0",
    "event_type": "agent_order",
    "source": "synthetic_agent",
    "symbol": "BTCUSDT",
    "exchange": "binance_usdm",
    "timestamp": "2024-05-01T00:00:00.650000Z",
    "sequence": 13,
    "scenario_id": "scenario-135-spoofing_layering",
    "agent_id": "agent-spoofing_layering",
    "order_id": "scenario-135-spoofing_layering-agent-spoofing_layering-13",
    "action": "new",
    "side": "sell",
    "price": 65176.03504999999,
    "quantity": 0.5,
    "remaining_quantity": 0.5
  },
  {
    "event_id": "d1aa5e8f9a9a1d24d2767e41fc95f4619770c51a840228860aaccfe70260c0cc",
    "schema_version": "1.0.0",
    "event_type": "agent_order",
    "source": "synthetic_agent",
    "symbol": "BTCUSDT",
    "exchange": "binance_usdm",
    "timestamp": "2024-05-01T00:00:00.700000Z",
    "sequence": 14,
    "scenario_id": "scenario-135-spoofing_layering",
    "agent_id": "agent-spoofing_layering",
    "order_id": "scenario-135-spoofing_layering-agent-spoofing_layering-14",
    "action": "new",
    "side": "sell",
    "price": 65176.6864,
    "quantity": 0.5,
    "remaining_quantity": 0.5
  },
  {
    "event_id": "979f8a86aa365c06e7126adc79db3dfdef4a4c10c02df4f457e8185dfc30ea15",
    "schema_version": "1.0.0",
    "event_type": "agent_order",
    "source": "synthetic_agent",
    "symbol": "BTCUSDT",
    "exchange": "binance_usdm",
    "timestamp": "2024-05-01T00:00:00.750000Z",
    "sequence": 15,
    "scenario_id": "scenario-135-spoofing_layering",
    "agent_id": "agent-spoofing_layering",
    "order_id": "scenario-135-spoofing_layering-agent-spoofing_layering-15",
    "action": "new",
    "side": "sell",
    "price": 65177.337750000006,
    "quantity": 0.5,
    "remaining_quantity": 0.5
  },
  {
    "event_id": "0e5e3b2f6bb87d5d8e3d18b2d1692f37aebb5eb2a113f465a38d0b54c01742f7",
    "schema_version": "1.0.0",
    "event_type": "agent_order",
    "source": "synthetic_agent",
    "symbol": "BTCUSDT",
    "exchange": "binance_usdm",
    "timestamp": "2024-05-01T00:00:00.800000Z",
    "sequence": 16,
    "scenario_id": "scenario-135-spoofing_layering",
    "agent_id": "agent-spoofing_layering",
    "order_id": "scenario-135-spoofing_layering-agent-spoofing_layering-16",
    "action": "new",
    "side": "sell",
    "price": 65177.98909999999,
    "quantity": 0.5,
    "remaining_quantity": 0.5
  },
  {
    "event_id": "9a1890376486131103c264ef5765df1f0d78584eb3d19c2badae645c13ab224a",
    "schema_version": "1.0.0",
    "event_type": "agent_order",
    "source": "synthetic_agent",
    "symbol": "BTCUSDT",
    "exchange": "binance_usdm",
    "timestamp": "2024-05-01T00:00:00.850000Z",
    "sequence": 17,
    "scenario_id": "scenario-135-spoofing_layering",
    "agent_id": "agent-spoofing_layering",
    "order_id": "scenario-135-spoofing_layering-agent-spoofing_layering-17",
    "action": "new",
    "side": "sell",
    "price": 65178.64045,
    "quantity": 0.5,
    "remaining_quantity": 0.5
  },
  {
    "event_id": "f5129d65d92119e75ae69ac418f68661d470b271f99fbce5200435e44e4b5529",
    "schema_version": "1.0.0",
    "event_type": "agent_order",
    "source": "synthetic_agent",
    "symbol": "BTCUSDT",
    "exchange": "binance_usdm",
    "timestamp": "2024-05-01T00:00:00.900000Z",
    "sequence": 18,
    "scenario_id": "scenario-135-spoofing_layering",
    "agent_id": "agent-spoofing_layering",
    "order_id": "scenario-135-spoofing_layering-agent-spoofing_layering-18",
    "action": "new",
    "side": "sell",
    "price": 65179.2918,
    "quantity": 0.5,
    "remaining_quantity": 0.5
  },
  {
    "event_id": "69faa74c0008a4fd9b25f666d7d76e8bf95b6dd6a743d9adb88dab0c25841f62",
    "schema_version": "1.0.0",
    "event_type": "agent_order",
    "source": "synthetic_agent",
    "symbol": "BTCUSDT",
    "exchange": "binance_usdm",
    "timestamp": "2024-05-01T00:00:00.950000Z",
    "sequence": 19,
    "scenario_id": "scenario-135-spoofing_layering",
    "agent_id": "agent-spoofing_layering",
    "order_id": "scenario-135-spoofing_layering-agent-spoofing_layering-19",
    "action": "new",
    "side": "sell",
    "price": 65179.94314999999,
    "quantity": 0.5,
    "remaining_quantity": 0.5
  },
  {
    "event_id": "01cfad1ea0d57c6a37a2ebdf8c4b3b9c1ec6d8da28d64c443971feec0d34df20",
    "schema_version": "1.0.0",
    "event_type": "agent_order",
    "source": "synthetic_agent",
    "symbol": "BTCUSDT",
    "exchange": "binance_usdm",
    "timestamp": "2024-05-01T00:00:01Z",
    "sequence": 20,
    "scenario_id": "scenario-135-spoofing_layering",
    "agent_id": "agent-spoofing_layering",
    "order_id": "scenario-135-spoofing_layering-agent-spoofing_layering-20",
    "action": "new",
    "side": "sell",
    "price": 65180.59449999999,
    "quantity": 0.5,
    "remaining_quantity": 0.5
  },
  {
    "event_id": "35774617441cb0ee2dbef5330f851bbfcf8279ac77ee8ba8cd78960b524c33f8",
    "schema_version": "1.0.0",
    "event_type": "agent_order",
    "source": "synthetic_agent",
    "symbol": "BTCUSDT",
    "exchange": "binance_usdm",
    "timestamp": "2024-05-01T00:00:01.050000Z",
    "sequence": 21,
    "scenario_id": "scenario-135-spoofing_layering",
    "agent_id": "agent-spoofing_layering",
    "order_id": "scenario-135-spoofing_layering-agent-spoofing_layering-21",
    "action": "new",
    "side": "sell",
    "price": 65181.24585,
    "quantity": 0.5,
    "remaining_quantity": 0.5
  },
  {
    "event_id": "83f9f7b4567704db30d3ffa326a77f786b708ef9224a28b9f903ffac7935e047",
    "schema_version": "1.0.0",
    "event_type": "agent_order",
    "source": "synthetic_agent",
    "symbol": "BTCUSDT",
    "exchange": "binance_usdm",
    "timestamp": "2024-05-01T00:00:01.100000Z",
    "sequence": 22,
    "scenario_id": "scenario-135-spoofing_layering",
    "agent_id": "agent-spoofing_layering",
    "order_id": "scenario-135-spoofing_layering-agent-spoofing_layering-22",
    "action": "new",
    "side": "sell",
    "price": 65181.89720000001,
    "quantity": 0.5,
    "remaining_quantity": 0.5
  },
  {
    "event_id": "d77e8f87a4e3aaad8bb0966f30e17693a078edc64ee4177d2aebe3ec4dc068cc",
    "schema_version": "1.0.0",
    "event_type": "agent_order",
    "source": "synthetic_agent",
    "symbol": "BTCUSDT",
    "exchange": "binance_usdm",
    "timestamp": "2024-05-01T00:00:01.150000Z",
    "sequence": 23,
    "scenario_id": "scenario-135-spoofing_layering",
    "agent_id": "agent-spoofing_layering",
    "order_id": "scenario-135-spoofing_layering-agent-spoofing_layering-23",
    "action": "new",
    "side": "sell",
    "price": 65182.54854999999,
    "quantity": 0.5,
    "remaining_quantity": 0.5
  },
  {
    "event_id": "0544fd8403059be38a5ee23622a2bdffc168c08675b34ad12c2056a660b6ae33",
    "schema_version": "1.0.0",
    "event_type": "agent_order",
    "source": "synthetic_agent",
    "symbol": "BTCUSDT",
    "exchange": "binance_usdm",
    "timestamp": "2024-05-01T00:00:01.200000Z",
    "sequence": 24,
    "scenario_id": "scenario-135-spoofing_layering",
    "agent_id": "agent-spoofing_layering",
    "order_id": "scenario-135-spoofing_layering-agent-spoofing_layering-24",
    "action": "new",
    "side": "sell",
    "price": 65183.1999,
    "quantity": 0.5,
    "remaining_quantity": 0.5
  },
  {
    "event_id": "2824b031bf69d5c9e170238aeecacd380a7d6622cd4ffc1717dedf996d7ebaed",
    "schema_version": "1.0.0",
    "event_type": "agent_order",
    "source": "synthetic_agent",
    "symbol": "BTCUSDT",
    "exchange": "binance_usdm",
    "timestamp": "2024-05-01T00:00:01.250000Z",
    "sequence": 25,
    "scenario_id": "scenario-135-spoofing_layering",
    "agent_id": "agent-spoofing_layering",
    "order_id": "scenario-135-spoofing_layering-agent-spoofing_layering-25",
    "action": "new",
    "side": "sell",
    "price": 65183.85125,
    "quantity": 0.5,
    "remaining_quantity": 0.5
  },
  {
    "event_id": "3bb15d372d5dbe2df3a561cc866d69bb405c1546f27dfb489afc3b5e9785bf3c",
    "schema_version": "1.0.0",
    "event_type": "agent_order",
    "source": "synthetic_agent",
    "symbol": "BTCUSDT",
    "exchange": "binance_usdm",
    "timestamp": "2024-05-01T00:00:01.300000Z",
    "sequence": 26,
    "scenario_id": "scenario-135-spoofing_layering",
    "agent_id": "agent-spoofing_layering",
    "order_id": "scenario-135-spoofing_layering-agent-spoofing_layering-26",
    "action": "new",
    "side": "sell",
    "price": 65184.50259999999,
    "quantity": 0.5,
    "remaining_quantity": 0.5
  },
  {
    "event_id": "8f31479b22e5902aa7b9bb992741b8cde7c193517410efbf18dbeed1af89166e",
    "schema_version": "1.0.0",
    "event_type": "agent_order",
    "source": "synthetic_agent",
    "symbol": "BTCUSDT",
    "exchange": "binance_usdm",
    "timestamp": "2024-05-01T00:00:01.350000Z",
    "sequence": 27,
    "scenario_id": "scenario-135-spoofing_layering",
    "agent_id": "agent-spoofing_layering",
    "order_id": "scenario-135-spoofing_layering-agent-spoofing_layering-27",
    "action": "new",
    "side": "sell",
    "price": 65185.15394999999,
    "quantity": 0.5,
    "remaining_quantity": 0.5
  },
  {
    "event_id": "f3f0f0b09f8310faf3531d489b54135c7d574c4d725e2715328f26ca67032ece",
    "schema_version": "1.0.0",
    "event_type": "agent_order",
    "source": "synthetic_agent",
    "symbol": "BTCUSDT",
    "exchange": "binance_usdm",
    "timestamp": "2024-05-01T00:00:01.400000Z",
    "sequence": 28,
    "scenario_id": "scenario-135-spoofing_layering",
    "agent_id": "agent-spoofing_layering",
    "order_id": "scenario-135-spoofing_layering-agent-spoofing_layering-28",
    "action": "new",
    "side": "sell",
    "price": 65185.8053,
    "quantity": 0.5,
    "remaining_quantity": 0.5
  },
  {
    "event_id": "cddc71b8b78c1c72a0b57b0a1ed16c1c8aea33d55222eea96fab65282f8e34b0",
    "schema_version": "1.0.0",
    "event_type": "agent_order",
    "source": "synthetic_agent",
    "symbol": "BTCUSDT",
    "exchange": "binance_usdm",
    "timestamp": "2024-05-01T00:00:01.450000Z",
    "sequence": 29,
    "scenario_id": "scenario-135-spoofing_layering",
    "agent_id": "agent-spoofing_layering",
    "order_id": "scenario-135-spoofing_layering-agent-spoofing_layering-29",
    "action": "new",
    "side": "sell",
    "price": 65186.45664999999,
    "quantity": 0.5,
    "remaining_quantity": 0.5
  }
]