[
  {
    "event_id": "350c40385b821337b794e5eda60c1182be028517daff7caa197d5555697aaefa",
    "schema_version": "1.0.0",
    "event_type": "agent_order",
    "source": "synthetic_agent",
    "symbol": "BTCUSDT",
    "exchange": "binance_usdm",
    "timestamp": "2024-05-01T00:00:00Z",
    "sequence": 0,
    "scenario_id": "scenario-352-quote_stuffing",
    "agent_id": "agent-quote_stuffing",
    "order_id": "scenario-352-quote_stuffing-agent-quote_stuffing-0",
    "action": "new",
    "side": "buy",
    "price": 65345.4648,
    "quantity": 0.001,
    "remaining_quantity": 0.001
  },
  {
    "event_id": "e6f90f3e39f82e8b74f8577632e4bcf962a183d1e472020b7e799ff15c4db7d1",
    "schema_version": "1.0.0",
    "event_type": "agent_order",
    "source": "synthetic_agent",
    "symbol": "BTCUSDT",
    "exchange": "binance_usdm",
    "timestamp": "2024-05-01T00:00:00.005000Z",
    "sequence": 1,
    "scenario_id": "scenario-352-quote_stuffing",
    "agent_id": "agent-quote_stuffing",
    "order_id": "scenario-352-quote_stuffing-agent-quote_stuffing-1",
    "action": "new",
    "side": "sell",
    "price": 65358.5352,
    "quantity": 0.001,
    "remaining_quantity": 0.001
  },
  {
    "event_id": "e7574ae68913225b30072d3562a7a634b917c92f65063b0a052add60a4eb03d7",
    "schema_version": "1.0.0",
    "event_type": "agent_order",
    "source": "synthetic_agent",
    "symbol": "BTCUSDT",
    "exchange": "binance_usdm",
    "timestamp": "2024-05-01T00:00:00.010000Z",
    "sequence": 2,
    "scenario_id": "scenario-352-quote_stuffing",
    "agent_id": "agent-quote_stuffing",
    "order_id": "scenario-352-quote_stuffing-agent-quote_stuffing-2",
    "action": "new",
    "side": "buy",
    "price": 65345.4648,
    "quantity": 0.001,
    "remaining_quantity": 0.001
  },
  {
    "event_id": "7a2b4af364df32724097d9e8852c60139e90a3888b152cac542e42ff550eff76",
    "schema_version": "1.0.0",
    "event_type": "agent_order",
    "source": "synthetic_agent",
    "symbol": "BTCUSDT",
    "exchange": "binance_usdm",
    "timestamp": "2024-05-01T00:00:00.015000Z",
    "sequence": 3,
    "scenario_id": "scenario-352-quote_stuffing",
    "agent_id": "agent-quote_stuffing",
    "order_id": "scenario-352-quote_stuffing-agent-quote_stuffing-3",
    "action": "new",
    "side": "sell",
    "price": 65358.5352,
    "quantity": 0.001,
    "remaining_quantity": 0.001
  },
  {
    "event_id": "ba49fe78905c0330b82f5ddd46f7a972952258dba77279d4013bf6772dfe02d4",
    "schema_version": "1.0.0",
    "event_type": "agent_order",
    "source": "synthetic_agent",
    "symbol": "BTCUSDT",
    "exchange": "binance_usdm",
    "timestamp": "2024-05-01T00:00:00.020000Z",
    "sequence": 4,
    "scenario_id": "scenario-352-quote_stuffing",
    "agent_id": "agent-quote_stuffing",
    "order_id": "scenario-352-quote_stuffing-agent-quote_stuffing-4",
    "action": "new",
    "side": "buy",
    "price": 65345.4648,
    "quantity": 0.001,
    "remaining_quantity": 0.001
  },
  {
    "event_id": "4c6063c10a0da7c742531291a4865af9c5f72bb0652a8cf3485734e690a3fa68",
    "schema_version": "1.0.0",
    "event_type": "agent_order",
    "source": "synthetic_agent",
    "symbol": "BTCUSDT",
    "exchange": "binance_usdm",
    "timestamp": "2024-05-01T00:00:00.025000Z",
    "sequence": 5,
    "scenario_id": "scenario-352-quote_stuffing",
    "agent_id": "agent-quote_stuffing",
    "order_id": "scenario-352-quote_stuffing-agent-quote_stuffing-5",
    "action": "new",
    "side": "sell",
    "price": 65358.5352,
    "quantity": 0.001,
    "remaining_quantity": 0.001
  },
  {
    "event_id": "5c12b22066b97945c71a192c0ccad99306ff0085b6dba2a563f7ebc140c69b5d",
    "schema_version": "1.0.0",
    "event_type": "agent_order",
    "source": "synthetic_agent",
    "symbol": "BTCUSDT",
    "exchange": "binance_usdm",
    "timestamp": "2024-05-01T00:00:00.030000Z",
    "sequence": 6,
    "scenario_id": "scenario-352-quote_stuffing",
    "agent_id": "agent-quote_stuffing",
    "order_id": "scenario-352-quote_stuffing-agent-quote_stuffing-6",
    "action": "new",
    "side": "buy",
    "price": 65345.4648,
    "quantity": 0.001,
    "remaining_quantity": 0.001
  },
  {
    "event_id": "23ed05eb54caa220c11b79d276ea6005c28284f57efc6a7a9b1e0ae44afb6e7b",
    "schema_version": "1.0.0",
    "event_type": "agent_order",
    "source": "synthetic_agent",
    "symbol": "BTCUSDT",
    "exchange": "binance_usdm",
    "timestamp": "2024-05-01T00:00:00.035000Z",
    "sequence": 7,
    "scenario_id": "scenario-352-quote_stuffing",
    "agent_id": "agent-quote_stuffing",
    "order_id": "scenario-352-quote_stuffing-agent-quote_stuffing-7",
    "action": "new",
    "side": "sell",
    "price": 65358.5352,
    "quantity": 0.001,
    "remaining_quantity": 0.001
  },
  {
    "event_id": "91001a9ae4cd3a137e763520c5638a4c3053898c62c6c03d83b3463aaf84fb37",
    "schema_version": "1.0.0",
    "event_type": "agent_order",
    "source": "synthetic_agent",
    "symbol": "BTCUSDT",
    "exchange": "binance_usdm",
    "timestamp": "2024-05-01T00:00:00.040000Z",
    "sequence": 8,
    "scenario_id": "scenario-352-quote_stuffing",
    "agent_id": "agent-quote_stuffing",
    "order_id": "scenario-352-quote_stuffing-agent-quote_stuffing-8",
    "action": "new",
    "side": "buy",
    "price": 65345.4648,
    "quantity": 0.001,
    "remaining_quantity": 0.001
  },
  {
    "event_id": "a99b6b7c9f277752c0d0ab2b208cf0b531610b2510d1aa969f48b83ded289162",
    "schema_version": "1.0.0",
    "event_type": "agent_order",
    "source": "synthetic_agent",
    "symbol": "BTCUSDT",
    "exchange": "binance_usdm",
    "timestamp": "2024-05-01T00:00:00.045000Z",
    "sequence": 9,
    "scenario_id": "scenario-352-quote_stuffing",
    "agent_id": "agent-quote_stuffing",
    "order_id": "scenario-352-quote_stuffing-agent-quote_stuffing-9",
    "action": "new",
    "side": "sell",
    "price": 65358.5352,
    "quantity": 0.001,
    "remaining_quantity": 0.001
  },
  {
    "event_id": "0cc743b1351418ab805551330bdf77bae0a92f330e3004ce7ec6cf4ba1415058",
    "schema_version": "1.0.0",
    "event_type": "agent_order",
    "source": "synthetic_agent",
    "symbol": "BTCUSDT",
    "exchange": "binance_usdm",
    "timestamp": "2024-05-01T00:00:00.050000Z",
    "sequence": 10,
    "scenario_id": "scenario-352-quote_stuffing",
    "agent_id": "agent-quote_stuffing",
    "order_id": "scenario-352-quote_stuffing-agent-quote_stuffing-10",
    "action": "new",
    "side": "buy",
    "price": 65345.4648,
    "quantity": 0.001,
    "remaining_quantity": 0.001
  },
  {
    "event_id": "1895e7daa04fd05f9d26246e00a08f48c4da4a4e42edf75a3283e27f2e572c0c",
    "schema_version": "1.0.0",
    "event_type": "agent_order",
    "source": "synthetic_agent",
    "symbol": "BTCUSDT",
    "exchange": "binance_usdm",
    "timestamp": "2024-05-01T00:00:00.055000Z",
    "sequence": 11,
    "scenario_id": "scenario-352-quote_stuffing",
    "agent_id": "agent-quote_stuffing",
    "order_id": "scenario-352-quote_stuffing-agent-quote_stuffing-11",
    "action": "new",
    "side": "sell",
    "price": 65358.5352,
    "quantity": 0.001,
    "remaining_quantity": 0.001
  },
  {
    "event_id": "26d759ee6555fae5aac3eac5920fc6ba189d771ad316152a9beace24c68289f1",
    "schema_version": "1.0.0",
    "event_type": "agent_order",
    "source": "synthetic_agent",
    "symbol": "BTCUSDT",
    "exchange": "binance_usdm",
    "timestamp": "2024-05-01T00:00:00.060000Z",
    "sequence": 12,
    "scenario_id": "scenario-352-quote_stuffing",
    "agent_id": "agent-quote_stuffing",
    "order_id": "scenario-352-quote_stuffing-agent-quote_stuffing-12",
    "action": "new",
    "side": "buy",
    "price": 65345.4648,
    "quantity": 0.001,
    "remaining_quantity": 0.001
  },
  {
    "event_id": "041e0e87cf70295cad9e56b24d1cd41013ff3894f9cf0d4976e42401f90e5b1a",
    "schema_version": "1.0.0",
    "event_type": "agent_order",
    "source": "synthetic_agent",
    "symbol": "BTCUSDT",
    "exchange": "binance_usdm",
    "timestamp": "2024-05-01T00:00:00.065000Z",
    "sequence": 13,
    "scenario_id": "scenario-352-quote_stuffing",
    "agent_id": "agent-quote_stuffing",
    "order_id": "scenario-352-quote_stuffing-agent-quote_stuffing-13",
    "action": "new",
    "side": "sell",
    "price": 65358.5352,
    "quantity": 0.001,
    "remaining_quantity": 0.001
  },
  {
    "event_id": "0bbae03c3b92c175d4c8036d68474cd29d6ffe7111291edfd8ea2c85cf1c8465",
    "schema_version": "1.0.0",
    "event_type": "agent_order",
    "source": "synthetic_agent",
    "symbol": "BTCUSDT",
    "exchange": "binance_usdm",
    "timestamp": "2024-05-01T00:00:00.070000Z",
    "sequence": 14,
    "scenario_id": "scenario-352-quote_stuffing",
    "agent_id": "agent-quote_stuffing",
    "order_id": "scenario-352-quote_stuffing-agent-quote_stuffing-14",
    "action": "new",
    "side": "buy",
    "price": 65345.4648,
    "quantity": 0.001,
    "remaining_quantity": 0.001
  },
  {
    "event_id": "b22c435f6c5ccdefc66bdee1eb420d783cb2cbddffb4dfca78bc14c82ae66b81",
    "schema_version": "1.0.0",
    "event_type": "agent_order",
    "source": "synthetic_agent",
    "symbol": "BTCUSDT",
    "exchange": "binance_usdm",
    "timestamp": "2024-05-01T00:00:00.075000Z",
    "sequence": 15,
    "scenario_id": "scenario-352-quote_stuffing",
    "agent_id": "agent-quote_stuffing",
    "order_id": "scenario-352-quote_stuffing-agent-quote_stuffing-15",
    "action": "new",
    "side": "sell",
    "price": 65358.5352,
    "quantity": 0.001,
    "remaining_quantity": 0.001
  },
  {
    "event_id": "5cf3111d606b777d0d136544bc81ff1d7fee196e0f85a58ded584070356b7366",
    "schema_version": "1.0.0",
    "event_type": "agent_order",
    "source": "synthetic_agent",
    "symbol": "BTCUSDT",
    "exchange": "binance_usdm",
    "timestamp": "2024-05-01T00:00:00.080000Z",
    "sequence": 16,
    "scenario_id": "scenario-352-quote_stuffing",
    "agent_id": "agent-quote_stuffing",
    "order_id": "scenario-352-quote_stuffing-agent-quote_stuffing-16",
    "action": "new",
    "side": "buy",
    "price": 65345.4648,
    "quantity": 0.001,
    "remaining_quantity": 0.001
  },
  {
    "event_id": "8ba231f73757f34a54b0085d69f175b39b82731448f688b0ddf047e29203d75e",
    "schema_version": "1.0.0",
    "event_type": "agent_order",
    "source": "synthetic_agent",
    "symbol": "BTCUSDT",
    "exchange": "binance_usdm",
    "timestamp": "2024-05-01T00:00:00.085000Z",
    "sequence": 17,
    "scenario_id": "scenario-352-quote_stuffing",
    "agent_id": "agent-quote_stuffing",
    "order_id": "scenario-352-quote_stuffing-agent-quote_stuffing-17",
    "action": "new",
    "side": "sell",
    "price": 65358.5352,
    "quantity": 0.001,
    "remaining_quantity": 0.001
  },
  {
    "event_id": "619de4d4691f1791790b3947dc26c010db2a4efa52977bb711d37042383f3ea5",
    "schema_version": "1.0.0",
    "event_type": "agent_order",
    "source": "synthetic_agent",
    "symbol": "BTCUSDT",
    "exchange": "binance_usdm",
    "timestamp": "2024-05-01T00:00:00.090000Z",
    "sequence": 18,
    "scenario_id": "scenario-352-quote_stuffing",
    "agent_id": "agent-quote_stuffing",
    "order_id": "scenario-352-quote_stuffing-agent-quote_stuffing-18",
    "action": "new",
    "side": "buy",
    "price": 65345.4648,
    "quantity": 0.001,
    "remaining_quantity": 0.001
  },
  {
    "event_id": "73b5c5484248bc4adb5604b19a2c6ac15ed5883f53db4e08d8aa39c1ec3536e5",
    "schema_version": "1.0.0",
    "event_type": "agent_order",
    "source": "synthetic_agent",
    "symbol": "BTCUSDT",
    "exchange": "binance_usdm",
    "timestamp": "2024-05-01T00:00:00.095000Z",
    "sequence": 19,
    "scenario_id": "scenario-352-quote_stuffing",
    "agent_id": "agent-quote_stuffing",
    "order_id": "scenario-352-quote_stuffing-agent-quote_stuffing-19",
    "action": "new",
    "side": "sell",
    "price": 65358.5352,
    "quantity": 0.001,
    "remaining_quantity": 0.001
  },
  {
    "event_id": "b265453900e9970e5bf50921b81fc4e1cdb1bed6db283ee121f6497fcb6e290f",
    "schema_version": "1.0.0",
    "event_type": "agent_order",
    "source": "synthetic_agent",
    "symbol": "BTCUSDT",
    "exchange": "binance_usdm",
    "timestamp": "2024-05-01T00:00:00.100000Z",
    "sequence": 20,
    "scenario_id": "scenario-352-quote_stuffing",
    "agent_id": "agent-quote_stuffing",
    "order_id": "scenario-352-quote_stuffing-agent-quote_stuffing-20",
    "action": "new",
    "side": "buy",
    "price": 65345.4648,
    "quantity": 0.001,
    "remaining_quantity": 0.001
  },
  {
    "event_id": "4a68eea6665fe9e721342ca8c8a7da8927cbd57010c5cf7e117411baa91a9cff",
    "schema_version": "1.0.0",
    "event_type": "agent_order",
    "source": "synthetic_agent",
    "symbol": "BTCUSDT",
    "exchange": "binance_usdm",
    "timestamp": "2024-05-01T00:00:00.105000Z",
    "sequence": 21,
    "scenario_id": "scenario-352-quote_stuffing",
    "agent_id": "agent-quote_stuffing",
    "order_id": "scenario-352-quote_stuffing-agent-quote_stuffing-21",
    "action": "new",
    "side": "sell",
    "price": 65358.5352,
    "quantity": 0.001,
    "remaining_quantity": 0.001
  },
  {
    "event_id": "a555d8e2084d81c7bd44676663c444766ed92fe08a5ef5d4c24a853971bb5ef7",
    "schema_version": "1.0.0",
    "event_type": "agent_order",
    "source": "synthetic_agent",
    "symbol": "BTCUSDT",
    "exchange": "binance_usdm",
    "timestamp": "2024-05-01T00:00:00.110000Z",
    "sequence": 22,
    "scenario_id": "scenario-352-quote_stuffing",
    "agent_id": "agent-quote_stuffing",
    "order_id": "scenario-352-quote_stuffing-agent-quote_stuffing-22",
    "action": "new",
    "side": "buy",
    "price": 65345.4648,
    "quantity": 0.001,
    "remaining_quantity": 0.001
  },
  {
    "event_id": "9703411262aedffd6beb0425d5892cb7e1621ac1bc6139c23375fd2d8c984ce7",
    "schema_version": "1.0.0",
    "event_type": "agent_order",
    "source": "synthetic_agent",
    "symbol": "BTCUSDT",
    "exchange": "binance_usdm",
    "timestamp": "2024-05-01T00:00:00.115000Z",
    "sequence": 23,
    "scenario_id": "scenario-352-quote_stuffing",
    "agent_id": "agent-quote_stuffing",
    "order_id": "scenario-352-quote_stuffing-agent-quote_stuffing-23",
    "action": "new",
    "side": "sell",
    "price": 65358.5352,
    "quantity": 0.001,
    "remaining_quantity": 0.001
  },
  {
    "event_id": "0ee788299799805bb29785cb4563864fd0b5ad9f401bd1774c3072526ae2658c",
    "schema_version": "1.0.0",
    "event_type": "agent_order",
    "source": "synthetic_agent",
    "symbol": "BTCUSDT",
    "exchange": "binance_usdm",
    "timestamp": "2024-05-01T00:00:00.120000Z",
    "sequence": 24,
    "scenario_id": "scenario-352-quote_stuffing",
    "agent_id": "agent-quote_stuffing",
    "order_id": "scenario-352-quote_stuffing-agent-quote_stuffing-24",
    "action": "new",
    "side": "buy",
    "price": 65345.4648,
    "quantity": 0.001,
    "remaining_quantity": 0.001
  },
  {
    "event_id": "77b1b9d063227978855325048d38a6612eea0a669844a283e0bdac09e1fbf8bd",
    "schema_version": "1.0.0",
    "event_type": "agent_order",
    "source": "synthetic_agent",
    "symbol": "BTCUSDT",
    "exchange": "binance_usdm",
    "timestamp": "2024-05-01T00:00:00.125000Z",
    "sequence": 25,
    "scenario_id": "scenario-352-quote_stuffing",
    "agent_id": "agent-quote_stuffing",
    "order_id": "scenario-352-quote_stuffing-agent-quote_stuffing-25",
    "action": "new",
    "side": "sell",
    "price": 65358.5352,
    "quantity": 0.001,
    "remaining_quantity": 0.001
  },
  {
    "event_id": "58b827dedf30c9d35712254bba299357daf009592bf5f9dfc07c92b87d04176d",
    "schema_version": "1.0.0",
    "event_type": "agent_order",
    "source": "synthetic_agent",
    "symbol": "BTCUSDT",
    "exchange": "binance_usdm",
    "timestamp": "2024-05-01T00:00:00.130000Z",
    "sequence": 26,
    "scenario_id": "scenario-352-quote_stuffing",
    "agent_id": "agent-quote_stuffing",
    "order_id": "scenario-352-quote_stuffing-agent-quote_stuffing-26",
    "action": "new",
    "side": "buy",
    "price": 65345.4648,
    "quantity": 0.001,
    "remaining_quantity": 0.001
  },
  {
    "event_id": "0a10e748cd3df3b2c24f7aece825c544659f02573fd66b562991145d1f21b6a2",
    "schema_version": "1.0.0",
    "event_type": "agent_order",
    "source": "synthetic_agent",
    "symbol": "BTCUSDT",
    "exchange": "binance_usdm",
    "timestamp": "2024-05-01T00:00:00.135000Z",
    "sequence": 27,
    "scenario_id": "scenario-352-quote_stuffing",
    "agent_id": "agent-quote_stuffing",
    "order_id": "scenario-352-quote_stuffing-agent-quote_stuffing-27",
    "action": "new",
    "side": "sell",
    "price": 65358.5352,
    "quantity": 0.001,
    "remaining_quantity": 0.001
  },
  {
    "event_id": "5569fa9ab92d668707a8813375d9e90375cfcb7083a358aedc8b0337d9bb1d7f",
    "schema_version": "1.0.0",
    "event_type": "agent_order",
    "source": "synthetic_agent",
    "symbol": "BTCUSDT",
    "exchange": "binance_usdm",
    "timestamp": "2024-05-01T00:00:00.140000Z",
    "sequence": 28,
    "scenario_id": "scenario-352-quote_stuffing",
    "agent_id": "agent-quote_stuffing",
    "order_id": "scenario-352-quote_stuffing-agent-quote_stuffing-28",
    "action": "new",
    "side": "buy",
    "price": 65345.4648,
    "quantity": 0.001,
    "remaining_quantity": 0.001
  },
  {
    "event_id": "3f8f5a65ac03c03e32fb367b333358d7f343d1618b6b1d8e97b90347472171c3",
    "schema_version": "1.0.0",
    "event_type": "agent_order",
    "source": "synthetic_agent",
    "symbol": "BTCUSDT",
    "exchange": "binance_usdm",
    "timestamp": "2024-05-01T00:00:00.145000Z",
    "sequence": 29,
    "scenario_id": "scenario-352-quote_stuffing",
    "agent_id": "agent-quote_stuffing",
    "order_id": "scenario-352-quote_stuffing-agent-quote_stuffing-29",
    "action": "new",
    "side": "sell",
    "price": 65358.5352,
    "quantity": 0.001,
    "remaining_quantity": 0.001
  }
]