[
  {
    "event_id": "8a1642ecd92265b13c47f5b05d1efd7b8a1b0b60aeffc390c80883a4a9e58818",
    "schema_version": "1.0.0",
    "event_type": "agent_order",
    "source": "synthetic_agent",
    "symbol": "BTCUSDT",
    "exchange": "binance_usdm",
    "timestamp": "2024-05-01T00:00:00Z",
    "sequence": 0,
    "scenario_id": "scenario-262-runaway_inventory",
    "agent_id": "agent-runaway_inventory",
    "order_id": "scenario-262-runaway_inventory-agent-runaway_inventory-0",
    "action": "new",
    "side": "buy",
    "price": 65262.0,
    "quantity": 0.01,
    "remaining_quantity": 0.01
  },
  {
    "event_id": "3321036986e5a0f392a7e68e246c529d005a334c254839254eb263088937d9d7",
    "schema_version": "1.0.0",
    "event_type": "agent_order",
    "source": "synthetic_agent",
    "symbol": "BTCUSDT",
    "exchange": "binance_usdm",
    "timestamp": "2024-05-01T00:00:00.070000Z",
    "sequence": 1,
    "scenario_id": "scenario-262-runaway_inventory",
    "agent_id": "agent-runaway_inventory",
    "order_id": "scenario-262-runaway_inventory-agent-runaway_inventory-1",
    "action": "new",
    "side": "buy",
    "price": 65263.957859999995,
    "quantity": 0.012,
    "remaining_quantity": 0.012
  },
  {
    "event_id": "82ddac1923bf2267ca5471a1da5da6366c93c759c00c81825c3fc936ee617929",
    "schema_version": "1.0.0",
    "event_type": "agent_order",
    "source": "synthetic_agent",
    "symbol": "BTCUSDT",
    "exchange": "binance_usdm",
    "timestamp": "2024-05-01T00:00:00.140000Z",
    "sequence": 2,
    "scenario_id": "scenario-262-runaway_inventory",
    "agent_id": "agent-runaway_inventory",
    "order_id": "scenario-262-runaway_inventory-agent-runaway_inventory-2",
    "action": "new",
    "side": "buy",
    "price": 65265.91572,
    "quantity": 0.014,
    "remaining_quantity": 0.014
  },
  {
    "event_id": "e847169104cb7115ed1d7b546ae9cca5c85453134190581e6571f0fe074a67e8",
    "schema_version": "1.0.0",
    "event_type": "agent_order",
    "source": "synthetic_agent",
    "symbol": "BTCUSDT",
    "exchange": "binance_usdm",
    "timestamp": "2024-05-01T00:00:00.210000Z",
    "sequence": 3,
    "scenario_id": "scenario-262-runaway_inventory",
    "agent_id": "agent-runaway_inventory",
    "order_id": "scenario-262-runaway_inventory-agent-runaway_inventory-3",
    "action": "new",
    "side": "buy",
    "price": 65267.87357999999,
    "quantity": 0.016,
    "remaining_quantity": 0.016
  },
  {
    "event_id": "a7d7709dba265e2f55f5340c0000c6ca29adc4fd72cbc03d85eea96feb2d8627",
    "schema_version": "1.0.0",
    "event_type": "agent_order",
    "source": "synthetic_agent",
    "symbol": "BTCUSDT",
    "exchange": "binance_usdm",
    "timestamp": "2024-05-01T00:00:00.280000Z",
    "sequence": 4,
    "scenario_id": "scenario-262-runaway_inventory",
    "agent_id": "agent-runaway_inventory",
    "order_id": "scenario-262-runaway_inventory-agent-runaway_inventory-4",
    "action": "new",
    "side": "buy",
    "price": 65269.831439999994,
    "quantity": 0.018000000000000002,
    "remaining_quantity": 0.018000000000000002
  },
  {
    "event_id": "0ae92f9924a20fc01b52da62310a8a263246b6948752548ac81fb24c9ecbc6f4",
    "schema_version": "1.0.0",
    "event_type": "agent_order",
    "source": "synthetic_agent",
    "symbol": "BTCUSDT",
    "exchange": "binance_usdm",
    "timestamp": "2024-05-01T00:00:00.350000Z",
    "sequence": 5,
    "scenario_id": "scenario-262-runaway_inventory",
    "agent_id": "agent-runaway_inventory",
    "order_id": "scenario-262-runaway_inventory-agent-runaway_inventory-5",
    "action": "new",
    "side": "buy",
    "price": 65271.789300000004,
    "quantity": 0.02,
    "remaining_quantity": 0.02
  },
  {
    "event_id": "86e9a1141f5dd4d852656ed4a39f928fabd74626ac6c8e5f4904f66ba1b4618c",
    "schema_version": "1.0.0",
    "event_type": "agent_order",
    "source": "synthetic_agent",
    "symbol": "BTCUSDT",
    "exchange": "binance_usdm",
    "timestamp": "2024-05-01T00:00:00.420000Z",
    "sequence": 6,
    "scenario_id": "scenario-262-runaway_inventory",
    "agent_id": "agent-runaway_inventory",
    "order_id": "scenario-262-runaway_inventory-agent-runaway_inventory-6",
    "action": "new",
    "side": "buy",
    "price": 65273.747160000006,
    "quantity": 0.022,
    "remaining_quantity": 0.022
  },
  {
    "event_id": "c8693513e1105858d272249168fc270ab42ec843430dfc374d94e69a7e8dd92f",
    "schema_version": "1.0.0",
    "event_type": "agent_order",
    "source": "synthetic_agent",
    "symbol": "BTCUSDT",
    "exchange": "binance_usdm",
    "timestamp": "2024-05-01T00:00:00.490000Z",
    "sequence": 7,
    "scenario_id": "scenario-262-runaway_inventory",
    "agent_id": "agent-runaway_inventory",
    "order_id": "scenario-262-runaway_inventory-agent-runaway_inventory-7",
    "action": "new",
    "side": "buy",
    "price": 65275.70502,
    "quantity": 0.024,
    "remaining_quantity": 0.024
  },
  {
    "event_id": "64649585858730327f4a7af251e64ec1de3ef5e829579ada1ea6bebcf0864721",
    "schema_version": "1.0.0",
    "event_type": "agent_order",
    "source": "synthetic_agent",
    "symbol": "BTCUSDT",
    "exchange": "binance_usdm",
    "timestamp": "2024-05-01T00:00:00.560000Z",
    "sequence": 8,
    "scenario_id": "scenario-262-runaway_inventory",
    "agent_id": "agent-runaway_inventory",
    "order_id": "scenario-262-runaway_inventory-agent-runaway_inventory-8",
    "action": "new",
    "side": "buy",
    "price": 65277.66288,
    "quantity": 0.026000000000000002,
    "remaining_quantity": 0.026000000000000002
  },
  {
    "event_id": "bfd49a562409d39f08ccb369c8a2fc50948e7ed145dd248b5c62649e1d326142",
    "schema_version": "1.0.0",
    "event_type": "agent_order",
    "source": "synthetic_agent",
    "symbol": "BTCUSDT",
    "exchange": "binance_usdm",
    "timestamp": "2024-05-01T00:00:00.630000Z",
    "sequence": 9,
    "scenario_id": "scenario-262-runaway_inventory",
    "agent_id": "agent-runaway_inventory",
    "order_id": "scenario-262-runaway_inventory-agent-runaway_inventory-9",
    "action": "new",
    "side": "buy",
    "price": 65279.62074,
    "quantity": 0.028000000000000004,
    "remaining_quantity": 0.028000000000000004
  },
  {
    "event_id": "b429f5c16fbf3553a23fd214a72046914fb3423ebe0d0e9b7afaf2a96141aed8",
    "schema_version": "1.0.0",
    "event_type": "agent_order",
    "source": "synthetic_agent",
    "symbol": "BTCUSDT",
    "exchange": "binance_usdm",
    "timestamp": "2024-05-01T00:00:00.700000Z",
    "sequence": 10,
    "scenario_id": "scenario-262-runaway_inventory",
    "agent_id": "agent-runaway_inventory",
    "order_id": "scenario-262-runaway_inventory-agent-runaway_inventory-10",
    "action": "new",
    "side": "buy",
    "price": 65281.5786,
    "quantity": 0.03,
    "remaining_quantity": 0.03
  },
  {
    "event_id": "6b2492e1d7aab5072c3cb2b087352bb274a8f61cb33dad2b348f0c05dd4908d7",
    "schema_version": "1.0.0",
    "event_type": "agent_order",
    "source": "synthetic_agent",
    "symbol": "BTCUSDT",
    "exchange": "binance_usdm",
    "timestamp": "2024-05-01T00:00:00.770000Z",
    "sequence": 11,
    "scenario_id": "scenario-262-runaway_inventory",
    "agent_id": "agent-runaway_inventory",
    "order_id": "scenario-262-runaway_inventory-agent-runaway_inventory-11",
    "action": "new",
    "side": "buy",
    "price": 65283.536459999996,
    "quantity": 0.032,
    "remaining_quantity": 0.032
  },
  {
    "event_id": "bdb546ad94f964dda524a06e929b26c4c1a548a61e49039b6a5ebf883b28516e",
    "schema_version": "1.0.0",
    "event_type": "agent_order",
    "source": "synthetic_agent",
    "symbol": "BTCUSDT",
    "exchange": "binance_usdm",
    "timestamp": "2024-05-01T00:00:00.840000Z",
    "sequence": 12,
    "scenario_id": "scenario-262-runaway_inventory",
    "agent_id": "agent-runaway_inventory",
    "order_id": "scenario-262-runaway_inventory-agent-runaway_inventory-12",
    "action": "new",
    "side": "buy",
    "price": 65285.49432,
    "quantity": 0.034,
    "remaining_quantity": 0.034
  },
  {
    "event_id": "962bc9b909d3a29aaf1c52bf82fb046a4f3ae79772ee312a9ed935995a687928",
    "schema_version": "1.0.0",
    "event_type": "agent_order",
    "source": "synthetic_agent",
    "symbol": "BTCUSDT",
    "exchange": "binance_usdm",
    "timestamp": "2024-05-01T00:00:00.910000Z",
    "sequence": 13,
    "scenario_id": "scenario-262-runaway_inventory",
    "agent_id": "agent-runaway_inventory",
    "order_id": "scenario-262-runaway_inventory-agent-runaway_inventory-13",
    "action": "new",
    "side": "buy",
    "price": 65287.45217999999,
    "quantity": 0.036000000000000004,
    "remaining_quantity": 0.036000000000000004
  },
  {
    "event_id": "56705afe78718d6ea881ddfead62150366f681aab7f32dd13bddc1c9110078b2",
    "schema_version": "1.0.0",
    "event_type": "agent_order",
    "source": "synthetic_agent",
    "symbol": "BTCUSDT",
    "exchange": "binance_usdm",
    "timestamp": "2024-05-01T00:00:00.980000Z",
    "sequence": 14,
    "scenario_id": "scenario-262-runaway_inventory",
    "agent_id": "agent-runaway_inventory",
    "order_id": "scenario-262-runaway_inventory-agent-runaway_inventory-14",
    "action": "new",
    "side": "buy",
    "price": 65289.41004,
    "quantity": 0.038,
    "remaining_quantity": 0.038
  },
  {
    "event_id": "1c7d4898732af22424757133c5749564c43eddb09ee0e9ccc4b55344421e34c2",
    "schema_version": "1.0.0",
    "event_type": "agent_order",
    "source": "synthetic_agent",
    "symbol": "BTCUSDT",
    "exchange": "binance_usdm",
    "timestamp": "2024-05-01T00:00:01.050000Z",
    "sequence": 15,
    "scenario_id": "scenario-262-runaway_inventory",
    "agent_id": "agent-runaway_inventory",
    "order_id": "scenario-262-runaway_inventory-agent-runaway_inventory-15",
    "action": "new",
    "side": "buy",
    "price": 65291.367900000005,
    "quantity": 0.04,
    "remaining_quantity": 0.04
  },
  {
    "event_id": "bec5b33d931b37b4e7d04d2a8614d48bfc657d2032bd905ca03465433ed4e73b",
    "schema_version": "1.0.0",
    "event_type": "agent_order",
    "source": "synthetic_agent",
    "symbol": "BTCUSDT",
    "exchange": "binance_usdm",
    "timestamp": "2024-05-01T00:00:01.120000Z",
    "sequence": 16,
    "scenario_id": "scenario-262-runaway_inventory",
    "agent_id": "agent-runaway_inventory",
    "order_id": "scenario-262-runaway_inventory-agent-runaway_inventory-16",
    "action": "new",
    "side": "buy",
    "price": 65293.32576,
    "quantity": 0.042,
    "remaining_quantity": 0.042
  },
  {
    "event_id": "7cdcbe11a2b9e4706c94d991f8be09142343e158ad665bdc18c7f9c45d56c352",
    "schema_version": "1.0.0",
    "event_type": "agent_order",
    "source": "synthetic_agent",
    "symbol": "BTCUSDT",
    "exchange": "binance_usdm",
    "timestamp": "2024-05-01T00:00:01.190000Z",
    "sequence": 17,
    "scenario_id": "scenario-262-runaway_inventory",
    "agent_id": "agent-runaway_inventory",
    "order_id": "scenario-262-runaway_inventory-agent-runaway_inventory-17",
    "action": "new",
    "side": "buy",
    "price": 65295.28362,
    "quantity": 0.044000000000000004,
    "remaining_quantity": 0.044000000000000004
  },
  {
    "event_id": "ef22f416ec3bc9422445a060eb3e14733f0e22958410be1ffd874dc8cfd5edec",
    "schema_version": "1.0.0",
    "event_type": "agent_order",
    "source": "synthetic_agent",
    "symbol": "BTCUSDT",
    "exchange": "binance_usdm",
    "timestamp": "2024-05-01T00:00:01.260000Z",
    "sequence": 18,
    "scenario_id": "scenario-262-runaway_inventory",
    "agent_id": "agent-runaway_inventory",
    "order_id": "scenario-262-runaway_inventory-agent-runaway_inventory-18",
    "action": "new",
    "side": "buy",
    "price": 65297.24148,
    "quantity": 0.046000000000000006,
    "remaining_quantity": 0.046000000000000006
  },
  {
    "event_id": "4e85f116b38ca33ded046571e731669fa13a06efe64c02ef897b5485f0703e33",
    "schema_version": "1.0.0",
    "event_type": "agent_order",
    "source": "synthetic_agent",
    "symbol": "BTCUSDT",
    "exchange": "binance_usdm",
    "timestamp": "2024-05-01T00:00:01.330000Z",
    "sequence": 19,
    "scenario_id": "scenario-262-runaway_inventory",
    "agent_id": "agent-runaway_inventory",
    "order_id": "scenario-262-runaway_inventory-agent-runaway_inventory-19",
    "action": "new",
    "side": "buy",
    "price": 65299.19934,
    "quantity": 0.048,
    "remaining_quantity": 0.048
  },
  {
    "event_id": "1cf73ce1a202e99201215c1b09bcc7d2b127e43ba79154c44a455972cd22d797",
    "schema_version": "1.0.0",
    "event_type": "agent_order",
    "source": "synthetic_agent",
    "symbol": "BTCUSDT",
    "exchange": "binance_usdm",
    "timestamp": "2024-05-01T00:00:01.400000Z",
    "sequence": 20,
    "scenario_id": "scenario-262-runaway_inventory",
    "agent_id": "agent-runaway_inventory",
    "order_id": "scenario-262-runaway_inventory-agent-runaway_inventory-20",
    "action": "new",
    "side": "buy",
    "price": 65301.157199999994,
    "quantity": 0.05,
    "remaining_quantity": 0.05
  },
  {
    "event_id": "858f855ba3f96659f60b3fd6d88817a43fc82ef70bc51521d2289400b14861fa",
    "schema_version": "1.0.0",
    "event_type": "agent_order",
    "source": "synthetic_agent",
    "symbol": "BTCUSDT",
    "exchange": "binance_usdm",
    "timestamp": "2024-05-01T00:00:01.470000Z",
    "sequence": 21,
    "scenario_id": "scenario-262-runaway_inventory",
    "agent_id": "agent-runaway_inventory",
    "order_id": "scenario-262-runaway_inventory-agent-runaway_inventory-21",
    "action": "new",
    "side": "buy",
    "price": 65303.11506,
    "quantity": 0.052000000000000005,
    "remaining_quantity": 0.052000000000000005
  },
  {
    "event_id": "8db22a985512b23e2defc5cd88cc7301eb74bdc517f05cf7ca7532e20220ebf1",
    "schema_version": "1.0.0",
    "event_type": "agent_order",
    "source": "synthetic_agent",
    "symbol": "BTCUSDT",
    "exchange": "binance_usdm",
    "timestamp": "2024-05-01T00:00:01.540000Z",
    "sequence": 22,
    "scenario_id": "scenario-262-runaway_inventory",
    "agent_id": "agent-runaway_inventory",
    "order_id": "scenario-262-runaway_inventory-agent-runaway_inventory-22",
    "action": "new",
    "side": "buy",
    "price": 65305.072920000006,
    "quantity": 0.054,
    "remaining_quantity": 0.054
  },
  {
    "event_id": "8ae7c8131382c1579a78ad6dbc22dfd2eca11b4a866961feaaa492d8c995c7dd",
    "schema_version": "1.0.0",
    "event_type": "agent_order",
    "source": "synthetic_agent",
    "symbol": "BTCUSDT",
    "exchange": "binance_usdm",
    "timestamp": "2024-05-01T00:00:01.610000Z",
    "sequence": 23,
    "scenario_id": "scenario-262-runaway_inventory",
    "agent_id": "agent-runaway_inventory",
    "order_id": "scenario-262-runaway_inventory-agent-runaway_inventory-23",
    "action": "new",
    "side": "buy",
    "price": 65307.03078000001,
    "quantity": 0.056,
    "remaining_quantity": 0.056
  },
  {
    "event_id": "e25b26b6c62f75db7c2ef4cd674b56ae8548d05270692a4ad58dc143d3d240ab",
    "schema_version": "1.0.0",
    "event_type": "agent_order",
    "source": "synthetic_agent",
    "symbol": "BTCUSDT",
    "exchange": "binance_usdm",
    "timestamp": "2024-05-01T00:00:01.680000Z",
    "sequence": 24,
    "scenario_id": "scenario-262-runaway_inventory",
    "agent_id": "agent-runaway_inventory",
    "order_id": "scenario-262-runaway_inventory-agent-runaway_inventory-24",
    "action": "new",
    "side": "buy",
    "price": 65308.98864,
    "quantity": 0.058,
    "remaining_quantity": 0.058
  },
  {
    "event_id": "5ad0ec34428fc39202276f91809ec6f40a9739ea7f4fca2ed22a4308f46d6d78",
    "schema_version": "1.0.0",
    "event_type": "agent_order",
    "source": "synthetic_agent",
    "symbol": "BTCUSDT",
    "exchange": "binance_usdm",
    "timestamp": "2024-05-01T00:00:01.750000Z",
    "sequence": 25,
    "scenario_id": "scenario-262-runaway_inventory",
    "agent_id": "agent-runaway_inventory",
    "order_id": "scenario-262-runaway_inventory-agent-runaway_inventory-25",
    "action": "new",
    "side": "buy",
    "price": 65310.946500000005,
    "quantity": 0.060000000000000005,
    "remaining_quantity": 0.060000000000000005
  },
  {
    "event_id": "4a186060e33bd89b0f016d9ab5cac5f2e4c78a877388fe971daf40f6a55f67e7",
    "schema_version": "1.0.0",
    "event_type": "agent_order",
    "source": "synthetic_agent",
    "symbol": "BTCUSDT",
    "exchange": "binance_usdm",
    "timestamp": "2024-05-01T00:00:01.820000Z",
    "sequence": 26,
    "scenario_id": "scenario-262-runaway_inventory",
    "agent_id": "agent-runaway_inventory",
    "order_id": "scenario-262-runaway_inventory-agent-runaway_inventory-26",
    "action": "new",
    "side": "buy",
    "price": 65312.90436,
    "quantity": 0.062000000000000006,
    "remaining_quantity": 0.062000000000000006
  },
  {
    "event_id": "f3ad04ae0709d9f2231b97bcbd24479bb7d0cfd163c715bf2363492ca2c872b8",
    "schema_version": "1.0.0",
    "event_type": "agent_order",
    "source": "synthetic_agent",
    "symbol": "BTCUSDT",
    "exchange": "binance_usdm",
    "timestamp": "2024-05-01T00:00:01.890000Z",
    "sequence": 27,
    "scenario_id": "scenario-262-runaway_inventory",
    "agent_id": "agent-runaway_inventory",
    "order_id": "scenario-262-runaway_inventory-agent-runaway_inventory-27",
    "action": "new",
    "side": "buy",
    "price": 65314.862219999995,
    "quantity": 0.064,
    "remaining_quantity": 0.064
  },
  {
    "event_id": "2e2be7211d5d844c80087820b6db8e8ac69463dcc389aee73dd71621b1f87d9c",
    "schema_version": "1.0.0",
    "event_type": "agent_order",
    "source": "synthetic_agent",
    "symbol": "BTCUSDT",
    "exchange": "binance_usdm",
    "timestamp": "2024-05-01T00:00:01.960000Z",
    "sequence": 28,
    "scenario_id": "scenario-262-runaway_inventory",
    "agent_id": "agent-runaway_inventory",
    "order_id": "scenario-262-runaway_inventory-agent-runaway_inventory-28",
    "action": "new",
    "side": "buy",
    "price": 65316.82008,
    "quantity": 0.066,
    "remaining_quantity": 0.066
  },
  {
    "event_id": "fb7c153581964a2884ad9e2212d1029a3ffe86b54b87824163ae865e6d445b22",
    "schema_version": "1.0.0",
    "event_type": "agent_order",
    "source": "synthetic_agent",
    "symbol": "BTCUSDT",
    "exchange": "binance_usdm",
    "timestamp": "2024-05-01T00:00:02.030000Z",
    "sequence": 29,
    "scenario_id": "scenario-262-runaway_inventory",
    "agent_id": "agent-runaway_inventory",
    "order_id": "scenario-262-runaway_inventory-agent-runaway_inventory-29",
    "action": "new",
    "side": "buy",
    "price": 65318.77793999999,
    "quantity": 0.068,
    "remaining_quantity": 0.068
  }
]