[
  {
    "event_id": "8330c42c92074efb3cdb1e8b2d2d94ead7450051f8c4839402b8d2e1393b2c4c",
    "schema_version": "1.0.0",
    "event_type": "agent_order",
    "source": "synthetic_agent",
    "symbol": "BTCUSDT",
    "exchange": "binance_usdm",
    "timestamp": "2024-05-01T00:00:00Z",
    "sequence": 0,
    "scenario_id": "scenario-508-quote_stuffing",
    "agent_id": "agent-quote_stuffing",
    "order_id": "scenario-508-quote_stuffing-agent-quote_stuffing-0",
    "action": "new",
    "side": "buy",
    "price": 65501.4492,
    "quantity": 0.001,
    "remaining_quantity": 0.001
  },
  {
    "event_id": "105230e3111338c7499e83bdac6e92a523b3492031268d371629ace5ae842e31",
    "schema_version": "1.0.0",
    "event_type": "agent_order",
    "source": "synthetic_agent",
    "symbol": "BTCUSDT",
    "exchange": "binance_usdm",
    "timestamp": "2024-05-01T00:00:00.005000Z",
    "sequence": 1,
    "scenario_id": "scenario-508-quote_stuffing",
    "agent_id": "agent-quote_stuffing",
    "order_id": "scenario-508-quote_stuffing-agent-quote_stuffing-1",
    "action": "new",
    "side": "sell",
    "price": 65514.5508,
    "quantity": 0.001,
    "remaining_quantity": 0.001
  },
  {
    "event_id": "6b74430796dce0d6ba3cb2ee2d1fac99ff861de594d2714ea62768a84731929b",
    "schema_version": "1.0.0",
    "event_type": "agent_order",
    "source": "synthetic_agent",
    "symbol": "BTCUSDT",
    "exchange": "binance_usdm",
    "timestamp": "2024-05-01T00:00:00.010000Z",
    "sequence": 2,
    "scenario_id": "scenario-508-quote_stuffing",
    "agent_id": "agent-quote_stuffing",
    "order_id": "scenario-508-quote_stuffing-agent-quote_stuffing-2",
    "action": "new",
    "side": "buy",
    "price": 65501.4492,
    "quantity": 0.001,
    "remaining_quantity": 0.001
  },
  {
    "event_id": "47078ad49a9602bec0f9ed90d30f1efb539a466a5e604cc10f9543c7737c5428",
    "schema_version": "1.0.0",
    "event_type": "agent_order",
    "source": "synthetic_agent",
    "symbol": "BTCUSDT",
    "exchange": "binance_usdm",
    "timestamp": "2024-05-01T00:00:00.015000Z",
    "sequence": 3,
    "scenario_id": "scenario-508-quote_stuffing",
    "agent_id": "agent-quote_stuffing",
    "order_id": "scenario-508-quote_stuffing-agent-quote_stuffing-3",
    "action": "new",
    "side": "sell",
    "price": 65514.5508,
    "quantity": 0.001,
    "remaining_quantity": 0.001
  },
  {
    "event_id": "5c9250165eda40b15e24775c6eae1d0bfc711a16a5b3285cb46cab78ee1a81f1",
    "schema_version": "1.0.0",
    "event_type": "agent_order",
    "source": "synthetic_agent",
    "symbol": "BTCUSDT",
    "exchange": "binance_usdm",
    "timestamp": "2024-05-01T00:00:00.020000Z",
    "sequence": 4,
    "scenario_id": "scenario-508-quote_stuffing",
    "agent_id": "agent-quote_stuffing",
    "order_id": "scenario-508-quote_stuffing-agent-quote_stuffing-4",
    "action": "new",
    "side": "buy",
    "price": 65501.4492,
    "quantity": 0.001,
    "remaining_quantity": 0.001
  },
  {
    "event_id": "c7bad3b68f04a64dae25309734db8adf575ace9378b229cba05dd7f64e241323",
    "schema_version": "1.0.0",
    "event_type": "agent_order",
    "source": "synthetic_agent",
    "symbol": "BTCUSDT",
    "exchange": "binance_usdm",
    "timestamp": "2024-05-01T00:00:00.025000Z",
    "sequence": 5,
    "scenario_id": "scenario-508-quote_stuffing",
    "agent_id": "agent-quote_stuffing",
    "order_id": "scenario-508-quote_stuffing-agent-quote_stuffing-5",
    "action": "new",
    "side": "sell",
    "price": 65514.5508,
    "quantity": 0.001,
    "remaining_quantity": 0.001
  },
  {
    "event_id": "f6ceec3dd4738468499426ab88abea3d9718fe4abc4565acdf8bc4148101314e",
    "schema_version": "1.0.0",
    "event_type": "agent_order",
    "source": "synthetic_agent",
    "symbol": "BTCUSDT",
    "exchange": "binance_usdm",
    "timestamp": "2024-05-01T00:00:00.030000Z",
    "sequence": 6,
    "scenario_id": "scenario-508-quote_stuffing",
    "agent_id": "agent-quote_stuffing",
    "order_id": "scenario-508-quote_stuffing-agent-quote_stuffing-6",
    "action": "new",
    "side": "buy",
    "price": 65501.4492,
    "quantity": 0.001,
    "remaining_quantity": 0.001
  },
  {
    "event_id": "258abee3a3318ac4f79643da9617151f3f1e6949257641a9f5e70483518233c7",
    "schema_version": "1.0.0",
    "event_type": "agent_order",
    "source": "synthetic_agent",
    "symbol": "BTCUSDT",
    "exchange": "binance_usdm",
    "timestamp": "2024-05-01T00:00:00.035000Z",
    "sequence": 7,
    "scenario_id": "scenario-508-quote_stuffing",
    "agent_id": "agent-quote_stuffing",
    "order_id": "scenario-508-quote_stuffing-agent-quote_stuffing-7",
    "action": "new",
    "side": "sell",
    "price": 65514.5508,
    "quantity": 0.001,
    "remaining_quantity": 0.001
  },
  {
    "event_id": "c0ed8e2912c20d59f8c3b6a4a4d9a8116d4054e6e10496e47de9396f4171f2e8",
    "schema_version": "1.0.0",
    "event_type": "agent_order",
    "source": "synthetic_agent",
    "symbol": "BTCUSDT",
    "exchange": "binance_usdm",
    "timestamp": "2024-05-01T00:00:00.040000Z",
    "sequence": 8,
    "scenario_id": "scenario-508-quote_stuffing",
    "agent_id": "agent-quote_stuffing",
    "order_id": "scenario-508-quote_stuffing-agent-quote_stuffing-8",
    "action": "new",
    "side": "buy",
    "price": 65501.4492,
    "quantity": 0.001,
    "remaining_quantity": 0.001
  },
  {
    "event_id": "0c3f7b5bb40cff3d5aedd1629bd0f88554b3950b8d03684bda8c0289762bb9df",
    "schema_version": "1.0.0",
    "event_type": "agent_order",
    "source": "synthetic_agent",
    "symbol": "BTCUSDT",
    "exchange": "binance_usdm",
    "timestamp": "2024-05-01T00:00:00.045000Z",
    "sequence": 9,
    "scenario_id": "scenario-508-quote_stuffing",
    "agent_id": "agent-quote_stuffing",
    "order_id": "scenario-508-quote_stuffing-agent-quote_stuffing-9",
    "action": "new",
    "side": "sell",
    "price": 65514.5508,
    "quantity": 0.001,
    "remaining_quantity": 0.001
  },
  {
    "event_id": "4de12f264987dd464c4d9bb0e7f77c2db8d8c0a065d1b9ab5e07f8289276faca",
    "schema_version": "1.0.0",
    "event_type": "agent_order",
    "source": "synthetic_agent",
    "symbol": "BTCUSDT",
    "exchange": "binance_usdm",
    "timestamp": "2024-05-01T00:00:00.050000Z",
    "sequence": 10,
    "scenario_id": "scenario-508-quote_stuffing",
    "agent_id": "agent-quote_stuffing",
    "order_id": "scenario-508-quote_stuffing-agent-quote_stuffing-10",
    "action": "new",
    "side": "buy",
    "price": 65501.4492,
    "quantity": 0.001,
    "remaining_quantity": 0.001
  },
  {
    "event_id": "5644ccf1539179685ded5d6bfac3136f002836ef5341e95ebf974e27046a9fa3",
    "schema_version": "1.0.0",
    "event_type": "agent_order",
    "source": "synthetic_agent",
    "symbol": "BTCUSDT",
    "exchange": "binance_usdm",
    "timestamp": "2024-05-01T00:00:00.055000Z",
    "sequence": 11,
    "scenario_id": "scenario-508-quote_stuffing",
    "agent_id": "agent-quote_stuffing",
    "order_id": "scenario-508-quote_stuffing-agent-quote_stuffing-11",
    "action": "new",
    "side": "sell",
    "price": 65514.5508,
    "quantity": 0.001,
    "remaining_quantity": 0.001
  },
  {
    "event_id": "2f98cf913db8ca4650e557818a5616855d080da1205015c279fb38304b43c5f2",
    "schema_version": "1.0.0",
    "event_type": "agent_order",
    "source": "synthetic_agent",
    "symbol": "BTCUSDT",
    "exchange": "binance_usdm",
    "timestamp": "2024-05-01T00:00:00.060000Z",
    "sequence": 12,
    "scenario_id": "scenario-508-quote_stuffing",
    "agent_id": "agent-quote_stuffing",
    "order_id": "scenario-508-quote_stuffing-agent-quote_stuffing-12",
    "action": "new",
    "side": "buy",
    "price": 65501.4492,
    "quantity": 0.001,
    "remaining_quantity": 0.001
  },
  {
    "event_id": "0642e2786eab5aec3a78d520dfa45e4c1f5c51e0ef0c8916814b9c52ceeaf218",
    "schema_version": "1.0.0",
    "event_type": "agent_order",
    "source": "synthetic_agent",
    "symbol": "BTCUSDT",
    "exchange": "binance_usdm",
    "timestamp": "2024-05-01T00:00:00.065000Z",
    "sequence": 13,
    "scenario_id": "scenario-508-quote_stuffing",
    "agent_id": "agent-quote_stuffing",
    "order_id": "scenario-508-quote_stuffing-agent-quote_stuffing-13",
    "action": "new",
    "side": "sell",
    "price": 65514.5508,
    "quantity": 0.001,
    "remaining_quantity": 0.001
  },
  {
    "event_id": "b9a5a55fabaac2f2ece662e78fab7137c7553242d002a25f5203d5444d3ed722",
    "schema_version": "1.0.0",
    "event_type": "agent_order",
    "source": "synthetic_agent",
    "symbol": "BTCUSDT",
    "exchange": "binance_usdm",
    "timestamp": "2024-05-01T00:00:00.070000Z",
    "sequence": 14,
    "scenario_id": "scenario-508-quote_stuffing",
    "agent_id": "agent-quote_stuffing",
    "order_id": "scenario-508-quote_stuffing-agent-quote_stuffing-14",
    "action": "new",
    "side": "buy",
    "price": 65501.4492,
    "quantity": 0.001,
    "remaining_quantity": 0.001
  },
  {
    "event_id": "d312bc346fe33e10205e894955e6fb5bdfca58d8d3530d8cba81f5087cd155be",
    "schema_version": "1.0.0",
    "event_type": "agent_order",
    "source": "synthetic_agent",
    "symbol": "BTCUSDT",
    "exchange": "binance_usdm",
    "timestamp": "2024-05-01T00:00:00.075000Z",
    "sequence": 15,
    "scenario_id": "scenario-508-quote_stuffing",
    "agent_id": "agent-quote_stuffing",
    "order_id": "scenario-508-quote_stuffing-agent-quote_stuffing-15",
    "action": "new",
    "side": "sell",
    "price": 65514.5508,
    "quantity": 0.001,
    "remaining_quantity": 0.001
  },
  {
    "event_id": "eec524db795a8ebbbd094093c47297b395a4bff119c00d9106862863ac6d305d",
    "schema_version": "1.0.0",
    "event_type": "agent_order",
    "source": "synthetic_agent",
    "symbol": "BTCUSDT",
    "exchange": "binance_usdm",
    "timestamp": "2024-05-01T00:00:00.080000Z",
    "sequence": 16,
    "scenario_id": "scenario-508-quote_stuffing",
    "agent_id": "agent-quote_stuffing",
    "order_id": "scenario-508-quote_stuffing-agent-quote_stuffing-16",
    "action": "new",
    "side": "buy",
    "price": 65501.4492,
    "quantity": 0.001,
    "remaining_quantity": 0.001
  },
  {
    "event_id": "4cecdf23e57cfad068729aef32e861eab092adc2650dd6e255fd760ba33b91b0",
    "schema_version": "1.0.0",
    "event_type": "agent_order",
    "source": "synthetic_agent",
    "symbol": "BTCUSDT",
    "exchange": "binance_usdm",
    "timestamp": "2024-05-01T00:00:00.085000Z",
    "sequence": 17,
    "scenario_id": "scenario-508-quote_stuffing",
    "agent_id": "agent-quote_stuffing",
    "order_id": "scenario-508-quote_stuffing-agent-quote_stuffing-17",
    "action": "new",
    "side": "sell",
    "price": 65514.5508,
    "quantity": 0.001,
    "remaining_quantity": 0.001
  },
  {
    "event_id": "1af11584290a54ebd322630e42b3b2fa0b51bc83a8306ce2174c16b77479af35",
    "schema_version": "1.0.0",
    "event_type": "agent_order",
    "source": "synthetic_agent",
    "symbol": "BTCUSDT",
    "exchange": "binance_usdm",
    "timestamp": "2024-05-01T00:00:00.090000Z",
    "sequence": 18,
    "scenario_id": "scenario-508-quote_stuffing",
    "agent_id": "agent-quote_stuffing",
    "order_id": "scenario-508-quote_stuffing-agent-quote_stuffing-18",
    "action": "new",
    "side": "buy",
    "price": 65501.4492,
    "quantity": 0.001,
    "remaining_quantity": 0.001
  },
  {
    "event_id": "640e99a475b2aef420912901096c1a896ec8bfa607c0e3d30a6307deae13f7de",
    "schema_version": "1.0.0",
    "event_type": "agent_order",
    "source": "synthetic_agent",
    "symbol": "BTCUSDT",
    "exchange": "binance_usdm",
    "timestamp": "2024-05-01T00:00:00.095000Z",
    "sequence": 19,
    "scenario_id": "scenario-508-quote_stuffing",
    "agent_id": "agent-quote_stuffing",
    "order_id": "scenario-508-quote_stuffing-agent-quote_stuffing-19",
    "action": "new",
    "side": "sell",
    "price": 65514.5508,
    "quantity": 0.001,
    "remaining_quantity": 0.001
  },
  {
    "event_id": "84e9c06a5a44a3e6f7b45fb92d41aeba5216dceb05e2257bab0a2c0f6e1a57e3",
    "schema_version": "1.0.0",
    "event_type": "agent_order",
    "source": "synthetic_agent",
    "symbol": "BTCUSDT",
    "exchange": "binance_usdm",
    "timestamp": "2024-05-01T00:00:00.100000Z",
    "sequence": 20,
    "scenario_id": "scenario-508-quote_stuffing",
    "agent_id": "agent-quote_stuffing",
    "order_id": "scenario-508-quote_stuffing-agent-quote_stuffing-20",
    "action": "new",
    "side": "buy",
    "price": 65501.4492,
    "quantity": 0.001,
    "remaining_quantity": 0.001
  },
  {
    "event_id": "aa324b54a7c611beaec3c054aeedfc42e5aeb1b426049efc110699f06b50e2cc",
    "schema_version": "1.0.0",
    "event_type": "agent_order",
    "source": "synthetic_agent",
    "symbol": "BTCUSDT",
    "exchange": "binance_usdm",
    "timestamp": "2024-05-01T00:00:00.105000Z",
    "sequence": 21,
    "scenario_id": "scenario-508-quote_stuffing",
    "agent_id": "agent-quote_stuffing",
    "order_id": "scenario-508-quote_stuffing-agent-quote_stuffing-21",
    "action": "new",
    "side": "sell",
    "price": 65514.5508,
    "quantity": 0.001,
    "remaining_quantity": 0.001
  },
  {
    "event_id": "69252d60393d50d02f9e921d32d1cbc579bdfa41bd3fbce01e1f68f46fa32fe9",
    "schema_version": "1.0.0",
    "event_type": "agent_order",
    "source": "synthetic_agent",
    "symbol": "BTCUSDT",
    "exchange": "binance_usdm",
    "timestamp": "2024-05-01T00:00:00.110000Z",
    "sequence": 22,
    "scenario_id": "scenario-508-quote_stuffing",
    "agent_id": "agent-quote_stuffing",
    "order_id": "scenario-508-quote_stuffing-agent-quote_stuffing-22",
    "action": "new",
    "side": "buy",
    "price": 65501.4492,
    "quantity": 0.001,
    "remaining_quantity": 0.001
  },
  {
    "event_id": "b8242368e8de16c0f3df7ed9ec2d0646bbaa9939447d8ff13fd8f9d7c1555b49",
    "schema_version": "1.0.0",
    "event_type": "agent_order",
    "source": "synthetic_agent",
    "symbol": "BTCUSDT",
    "exchange": "binance_usdm",
    "timestamp": "2024-05-01T00:00:00.115000Z",
    "sequence": 23,
    "scenario_id": "scenario-508-quote_stuffing",
    "agent_id": "agent-quote_stuffing",
    "order_id": "scenario-508-quote_stuffing-agent-quote_stuffing-23",
    "action": "new",
    "side": "sell",
    "price": 65514.5508,
    "quantity": 0.001,
    "remaining_quantity": 0.001
  },
  {
    "event_id": "a0609fe586a66d315756bb2d5bb7986b783605c0160710ce0963db0c77ff8f3b",
    "schema_version": "1.0.0",
    "event_type": "agent_order",
    "source": "synthetic_agent",
    "symbol": "BTCUSDT",
    "exchange": "binance_usdm",
    "timestamp": "2024-05-01T00:00:00.120000Z",
    "sequence": 24,
    "scenario_id": "scenario-508-quote_stuffing",
    "agent_id": "agent-quote_stuffing",
    "order_id": "scenario-508-quote_stuffing-agent-quote_stuffing-24",
    "action": "new",
    "side": "buy",
    "price": 65501.4492,
    "quantity": 0.001,
    "remaining_quantity": 0.001
  },
  {
    "event_id": "5df9b0063c463332c647882498b2e6189c565191076119d4a0953715f8ab25ff",
    "schema_version": "1.0.0",
    "event_type": "agent_order",
    "source": "synthetic_agent",
    "symbol": "BTCUSDT",
    "exchange": "binance_usdm",
    "timestamp": "2024-05-01T00:00:00.125000Z",
    "sequence": 25,
    "scenario_id": "scenario-508-quote_stuffing",
    "agent_id": "agent-quote_stuffing",
    "order_id": "scenario-508-quote_stuffing-agent-quote_stuffing-25",
    "action": "new",
    "side": "sell",
    "price": 65514.5508,
    "quantity": 0.001,
    "remaining_quantity": 0.001
  },
  {
    "event_id": "3f709099cb8e6f920cf15eeb6440da9716dd76c5d18098a08b8db2ce909a1105",
    "schema_version": "1.0.0",
    "event_type": "agent_order",
    "source": "synthetic_agent",
    "symbol": "BTCUSDT",
    "exchange": "binance_usdm",
    "timestamp": "2024-05-01T00:00:00.130000Z",
    "sequence": 26,
    "scenario_id": "scenario-508-quote_stuffing",
    "agent_id": "agent-quote_stuffing",
    "order_id": "scenario-508-quote_stuffing-agent-quote_stuffing-26",
    "action": "new",
    "side": "buy",
    "price": 65501.4492,
    "quantity": 0.001,
    "remaining_quantity": 0.001
  },
  {
    "event_id": "3c1b3bd606e21091f0488b9f22054bf39b1538e4bb5e459d5b381128cf6d4578",
    "schema_version": "1.0.0",
    "event_type": "agent_order",
    "source": "synthetic_agent",
    "symbol": "BTCUSDT",
    "exchange": "binance_usdm",
    "timestamp": "2024-05-01T00:00:00.135000Z",
    "sequence": 27,
    "scenario_id": "scenario-508-quote_stuffing",
    "agent_id": "agent-quote_stuffing",
    "order_id": "scenario-508-quote_stuffing-agent-quote_stuffing-27",
    "action": "new",
    "side": "sell",
    "price": 65514.5508,
    "quantity": 0.001,
    "remaining_quantity": 0.001
  },
  {
    "event_id": "757513fb9fa35dbabe534386e2b320010cc4783e2b806e8dbd08d85173c4265e",
    "schema_version": "1.0.0",
    "event_type": "agent_order",
    "source": "synthetic_agent",
    "symbol": "BTCUSDT",
    "exchange": "binance_usdm",
    "timestamp": "2024-05-01T00:00:00.140000Z",
    "sequence": 28,
    "scenario_id": "scenario-508-quote_stuffing",
    "agent_id": "agent-quote_stuffing",
    "order_id": "scenario-508-quote_stuffing-agent-quote_stuffing-28",
    "action": "new",
    "side": "buy",
    "price": 65501.4492,
    "quantity": 0.001,
    "remaining_quantity": 0.001
  },
  {
    "event_id": "a8e6c35cb576a4d0b51a6b07dd25d0525596aaee873c93e83227a2fd58402bbf",
    "schema_version": "1.0.0",
    "event_type": "agent_order",
    "source": "synthetic_agent",
    "symbol": "BTCUSDT",
    "exchange": "binance_usdm",
    "timestamp": "2024-05-01T00:00:00.145000Z",
    "sequence": 29,
    "scenario_id": "scenario-508-quote_stuffing",
    "agent_id": "agent-quote_stuffing",
    "order_id": "scenario-508-quote_stuffing-agent-quote_stuffing-29",
    "action": "new",
    "side": "sell",
    "price": 65514.5508,
    "quantity": 0.001,
    "remaining_quantity": 0.001
  }
]