[
  {
    "event_id": "f86a2843000dbacb0dab9c291e3d07e92622177cfbcf3a5f8f6fdbbce5806eb5",
    "schema_version": "1.0.0",
    "event_type": "agent_order",
    "source": "synthetic_agent",
    "symbol": "BTCUSDT",
    "exchange": "binance_usdm",
    "timestamp": "2024-05-01T00:00:00Z",
    "sequence": 0,
    "scenario_id": "scenario-484-quote_stuffing",
    "agent_id": "agent-quote_stuffing",
    "order_id": "scenario-484-quote_stuffing-agent-quote_stuffing-0",
    "action": "new",
    "side": "buy",
    "price": 65477.4516,
    "quantity": 0.001,
    "remaining_quantity": 0.001
  },
  {
    "event_id": "e81882a5fc2998cb355854c488b67fd6c7711be63bee38859cdb6967822264f5",
    "schema_version": "1.0.0",
    "event_type": "agent_order",
    "source": "synthetic_agent",
    "symbol": "BTCUSDT",
    "exchange": "binance_usdm",
    "timestamp": "2024-05-01T00:00:00.005000Z",
    "sequence": 1,
    "scenario_id": "scenario-484-quote_stuffing",
    "agent_id": "agent-quote_stuffing",
    "order_id": "scenario-484-quote_stuffing-agent-quote_stuffing-1",
    "action": "new",
    "side": "sell",
    "price": 65490.5484,
    "quantity": 0.001,
    "remaining_quantity": 0.001
  },
  {
    "event_id": "6cfade85613dcb38657f07b2754607b3f37034220c16e3d9513c6549d2109889",
    "schema_version": "1.0.0",
    "event_type": "agent_order",
    "source": "synthetic_agent",
    "symbol": "BTCUSDT",
    "exchange": "binance_usdm",
    "timestamp": "2024-05-01T00:00:00.010000Z",
    "sequence": 2,
    "scenario_id": "scenario-484-quote_stuffing",
    "agent_id": "agent-quote_stuffing",
    "order_id": "scenario-484-quote_stuffing-agent-quote_stuffing-2",
    "action": "new",
    "side": "buy",
    "price": 65477.4516,
    "quantity": 0.001,
    "remaining_quantity": 0.001
  },
  {
    "event_id": "9f182eab35abdbc4edc0afa949322b4c45d297b4b64fba2739e6f91e65ab7e63",
    "schema_version": "1.0.0",
    "event_type": "agent_order",
    "source": "synthetic_agent",
    "symbol": "BTCUSDT",
    "exchange": "binance_usdm",
    "timestamp": "2024-05-01T00:00:00.015000Z",
    "sequence": 3,
    "scenario_id": "scenario-484-quote_stuffing",
    "agent_id": "agent-quote_stuffing",
    "order_id": "scenario-484-quote_stuffing-agent-quote_stuffing-3",
    "action": "new",
    "side": "sell",
    "price": 65490.5484,
    "quantity": 0.001,
    "remaining_quantity": 0.001
  },
  {
    "event_id": "e60996759bda5707a840560c013bbe343a9fe2da1e7a9cdcd0aac580e119fd1d",
    "schema_version": "1.0.0",
    "event_type": "agent_order",
    "source": "synthetic_agent",
    "symbol": "BTCUSDT",
    "exchange": "binance_usdm",
    "timestamp": "2024-05-01T00:00:00.020000Z",
    "sequence": 4,
    "scenario_id": "scenario-484-quote_stuffing",
    "agent_id": "agent-quote_stuffing",
    "order_id": "scenario-484-quote_stuffing-agent-quote_stuffing-4",
    "action": "new",
    "side": "buy",
    "price": 65477.4516,
    "quantity": 0.001,
    "remaining_quantity": 0.001
  },
  {
    "event_id": "54da56aeb861a52fc2dbbf97e111586d2c3e84c3d247ae35aabed3dbfc83b7ee",
    "schema_version": "1.0.0",
    "event_type": "agent_order",
    "source": "synthetic_agent",
    "symbol": "BTCUSDT",
    "exchange": "binance_usdm",
    "timestamp": "2024-05-01T00:00:00.025000Z",
    "sequence": 5,
    "scenario_id": "scenario-484-quote_stuffing",
    "agent_id": "agent-quote_stuffing",
    "order_id": "scenario-484-quote_stuffing-agent-quote_stuffing-5",
    "action": "new",
    "side": "sell",
    "price": 65490.5484,
    "quantity": 0.001,
    "remaining_quantity": 0.001
  },
  {
    "event_id": "67aff517a0a5633ea6138841a1b275465deb60f033cff3b662bc1dd90f6be69e",
    "schema_version": "1.0.0",
    "event_type": "agent_order",
    "source": "synthetic_agent",
    "symbol": "BTCUSDT",
    "exchange": "binance_usdm",
    "timestamp": "2024-05-01T00:00:00.030000Z",
    "sequence": 6,
    "scenario_id": "scenario-484-quote_stuffing",
    "agent_id": "agent-quote_stuffing",
    "order_id": "scenario-484-quote_stuffing-agent-quote_stuffing-6",
    "action": "new",
    "side": "buy",
    "price": 65477.4516,
    "quantity": 0.001,
    "remaining_quantity": 0.001
  },
  {
    "event_id": "3ee38a9c1b9508d1334d8cea3c0a23d9e40f0cde15e706ab0aa8e006ec01e601",
    "schema_version": "1.0.0",
    "event_type": "agent_order",
    "source": "synthetic_agent",
    "symbol": "BTCUSDT",
    "exchange": "binance_usdm",
    "timestamp": "2024-05-01T00:00:00.035000Z",
    "sequence": 7,
    "scenario_id": "scenario-484-quote_stuffing",
    "agent_id": "agent-quote_stuffing",
    "order_id": "scenario-484-quote_stuffing-agent-quote_stuffing-7",
    "action": "new",
    "side": "sell",
    "price": 65490.5484,
    "quantity": 0.001,
    "remaining_quantity": 0.001
  },
  {
    "event_id": "417c5e007db439295ea30cb14343da0f231c189c700d5ac0701a233cfed6b52c",
    "schema_version": "1.0.0",
    "event_type": "agent_order",
    "source": "synthetic_agent",
    "symbol": "BTCUSDT",
    "exchange": "binance_usdm",
    "timestamp": "2024-05-01T00:00:00.040000Z",
    "sequence": 8,
    "scenario_id": "scenario-484-quote_stuffing",
    "agent_id": "agent-quote_stuffing",
    "order_id": "scenario-484-quote_stuffing-agent-quote_stuffing-8",
    "action": "new",
    "side": "buy",
    "price": 65477.4516,
    "quantity": 0.001,
    "remaining_quantity": 0.001
  },
  {
    "event_id": "30ff0f6ded07b4308a184e7b492dff8f4ee0fd25649c5efe3ec3e5d691dcaae6",
    "schema_version": "1.0.0",
    "event_type": "agent_order",
    "source": "synthetic_agent",
    "symbol": "BTCUSDT",
    "exchange": "binance_usdm",
    "timestamp": "2024-05-01T00:00:00.045000Z",
    "sequence": 9,
    "scenario_id": "scenario-484-quote_stuffing",
    "agent_id": "agent-quote_stuffing",
    "order_id": "scenario-484-quote_stuffing-agent-quote_stuffing-9",
    "action": "new",
    "side": "sell",
    "price": 65490.5484,
    "quantity": 0.001,
    "remaining_quantity": 0.001
  },
  {
    "event_id": "357c5cdcb0374ddda11927c675980f505d98d54c10ae6441685f6d8d3fb978b2",
    "schema_version": "1.0.0",
    "event_type": "agent_order",
    "source": "synthetic_agent",
    "symbol": "BTCUSDT",
    "exchange": "binance_usdm",
    "timestamp": "2024-05-01T00:00:00.050000Z",
    "sequence": 10,
    "scenario_id": "scenario-484-quote_stuffing",
    "agent_id": "agent-quote_stuffing",
    "order_id": "scenario-484-quote_stuffing-agent-quote_stuffing-10",
    "action": "new",
    "side": "buy",
    "price": 65477.4516,
    "quantity": 0.001,
    "remaining_quantity": 0.001
  },
  {
    "event_id": "228bddc121184c5c8dae360b6979df693ebd0661c64bc577d2331aafa0414310",
    "schema_version": "1.0.0",
    "event_type": "agent_order",
    "source": "synthetic_agent",
    "symbol": "BTCUSDT",
    "exchange": "binance_usdm",
    "timestamp": "2024-05-01T00:00:00.055000Z",
    "sequence": 11,
    "scenario_id": "scenario-484-quote_stuffing",
    "agent_id": "agent-quote_stuffing",
    "order_id": "scenario-484-quote_stuffing-agent-quote_stuffing-11",
    "action": "new",
    "side": "sell",
    "price": 65490.5484,
    "quantity": 0.001,
    "remaining_quantity": 0.001
  },
  {
    "event_id": "97853621243ffc7294f15dca6c2ecdba71bcf1b4ecb0015ceb9e929498143b22",
    "schema_version": "1.0.0",
    "event_type": "agent_order",
    "source": "synthetic_agent",
    "symbol": "BTCUSDT",
    "exchange": "binance_usdm",
    "timestamp": "2024-05-01T00:00:00.060000Z",
    "sequence": 12,
    "scenario_id": "scenario-484-quote_stuffing",
    "agent_id": "agent-quote_stuffing",
    "order_id": "scenario-484-quote_stuffing-agent-quote_stuffing-12",
    "action": "new",
    "side": "buy",
    "price": 65477.4516,
    "quantity": 0.001,
    "remaining_quantity": 0.001
  },
  {
    "event_id": "d52e6923c44dc68f9f7f1320227422e60fb01ea3b26f69265ea77aaad506801b",
    "schema_version": "1.0.0",
    "event_type": "agent_order",
    "source": "synthetic_agent",
    "symbol": "BTCUSDT",
    "exchange": "binance_usdm",
    "timestamp": "2024-05-01T00:00:00.065000Z",
    "sequence": 13,
    "scenario_id": "scenario-484-quote_stuffing",
    "agent_id": "agent-quote_stuffing",
    "order_id": "scenario-484-quote_stuffing-agent-quote_stuffing-13",
    "action": "new",
    "side": "sell",
    "price": 65490.5484,
    "quantity": 0.001,
    "remaining_quantity": 0.001
  },
  {
    "event_id": "85a1c74a39d1d8bf19e5255666c14529de2e98778d74876ae08542f1d8b30c38",
    "schema_version": "1.0.0",
    "event_type": "agent_order",
    "source": "synthetic_agent",
    "symbol": "BTCUSDT",
    "exchange": "binance_usdm",
    "timestamp": "2024-05-01T00:00:00.070000Z",
    "sequence": 14,
    "scenario_id": "scenario-484-quote_stuffing",
    "agent_id": "agent-quote_stuffing",
    "order_id": "scenario-484-quote_stuffing-agent-quote_stuffing-14",
    "action": "new",
    "side": "buy",
    "price": 65477.4516,
    "quantity": 0.001,
    "remaining_quantity": 0.001
  },
  {
    "event_id": "3d85561e3ad905527fb2fb1abf51044bdf2ee94d4fc350b8ba5fe30580f60132",
    "schema_version": "1.0.0",
    "event_type": "agent_order",
    "source": "synthetic_agent",
    "symbol": "BTCUSDT",
    "exchange": "binance_usdm",
    "timestamp": "2024-05-01T00:00:00.075000Z",
    "sequence": 15,
    "scenario_id": "scenario-484-quote_stuffing",
    "agent_id": "agent-quote_stuffing",
    "order_id": "scenario-484-quote_stuffing-agent-quote_stuffing-15",
    "action": "new",
    "side": "sell",
    "price": 65490.5484,
    "quantity": 0.001,
    "remaining_quantity": 0.001
  },
  {
    "event_id": "b01afcd9e4a2be5419ee0bb2ad8453ebccf7143cd9ba5a4753dccbdc34342eb7",
    "schema_version": "1.0.0",
    "event_type": "agent_order",
    "source": "synthetic_agent",
    "symbol": "BTCUSDT",
    "exchange": "binance_usdm",
    "timestamp": "2024-05-01T00:00:00.080000Z",
    "sequence": 16,
    "scenario_id": "scenario-484-quote_stuffing",
    "agent_id": "agent-quote_stuffing",
    "order_id": "scenario-484-quote_stuffing-agent-quote_stuffing-16",
    "action": "new",
    "side": "buy",
    "price": 65477.4516,
    "quantity": 0.001,
    "remaining_quantity": 0.001
  },
  {
    "event_id": "519ca00bb74a8d0097716d7a418b9e57f6c600d9b2f13c0e0738c163a36558b2",
    "schema_version": "1.0.0",
    "event_type": "agent_order",
    "source": "synthetic_agent",
    "symbol": "BTCUSDT",
    "exchange": "binance_usdm",
    "timestamp": "2024-05-01T00:00:00.085000Z",
    "sequence": 17,
    "scenario_id": "scenario-484-quote_stuffing",
    "agent_id": "agent-quote_stuffing",
    "order_id": "scenario-484-quote_stuffing-agent-quote_stuffing-17",
    "action": "new",
    "side": "sell",
    "price": 65490.5484,
    "quantity": 0.001,
    "remaining_quantity": 0.001
  },
  {
    "event_id": "128b612312af7a974a2949ff1e15c2e3ef928e1f7b75df0617e3e423fe51501b",
    "schema_version": "1.0.0",
    "event_type": "agent_order",
    "source": "synthetic_agent",
    "symbol": "BTCUSDT",
    "exchange": "binance_usdm",
    "timestamp": "2024-05-01T00:00:00.090000Z",
    "sequence": 18,
    "scenario_id": "scenario-484-quote_stuffing",
    "agent_id": "agent-quote_stuffing",
    "order_id": "scenario-484-quote_stuffing-agent-quote_stuffing-18",
    "action": "new",
    "side": "buy",
    "price": 65477.4516,
    "quantity": 0.001,
    "remaining_quantity": 0.001
  },
  {
    "event_id": "b2ec5c0a340a591e51806187b5885f3e09619076f8aabea4508b74d3962eeb7f",
    "schema_version": "1.0.0",
    "event_type": "agent_order",
    "source": "synthetic_agent",
    "symbol": "BTCUSDT",
    "exchange": "binance_usdm",
    "timestamp": "2024-05-01T00:00:00.095000Z",
    "sequence": 19,
    "scenario_id": "scenario-484-quote_stuffing",
    "agent_id": "agent-quote_stuffing",
    "order_id": "scenario-484-quote_stuffing-agent-quote_stuffing-19",
    "action": "new",
    "side": "sell",
    "price": 65490.5484,
    "quantity": 0.001,
    "remaining_quantity": 0.001
  },
  {
    "event_id": "df0b712dc0dfc087212f4a3fa5e88b1afae03c349a4c81e121a5dd59acc7620a",
    "schema_version": "1.0.0",
    "event_type": "agent_order",
    "source": "synthetic_agent",
    "symbol": "BTCUSDT",
    "exchange": "binance_usdm",
    "timestamp": "2024-05-01T00:00:00.100000Z",
    "sequence": 20,
    "scenario_id": "scenario-484-quote_stuffing",
    "agent_id": "agent-quote_stuffing",
    "order_id": "scenario-484-quote_stuffing-agent-quote_stuffing-20",
    "action": "new",
    "side": "buy",
    "price": 65477.4516,
    "quantity": 0.001,
    "remaining_quantity": 0.001
  },
  {
    "event_id": "0382eeb8914f62bd29ca620cf2a5a18cef369ce417458e3b78ca55632fbae4c1",
    "schema_version": "1.0.0",
    "event_type": "agent_order",
    "source": "synthetic_agent",
    "symbol": "BTCUSDT",
    "exchange": "binance_usdm",
    "timestamp": "2024-05-01T00:00:00.105000Z",
    "sequence": 21,
    "scenario_id": "scenario-484-quote_stuffing",
    "agent_id": "agent-quote_stuffing",
    "order_id": "scenario-484-quote_stuffing-agent-quote_stuffing-21",
    "action": "new",
    "side": "sell",
    "price": 65490.5484,
    "quantity": 0.001,
    "remaining_quantity": 0.001
  },
  {
    "event_id": "c60f06d4f54db6d20c49b6787b54b9b3286724ce62d73732c4543b37832a73e6",
    "schema_version": "1.0.0",
    "event_type": "agent_order",
    "source": "synthetic_agent",
    "symbol": "BTCUSDT",
    "exchange": "binance_usdm",
    "timestamp": "2024-05-01T00:00:00.110000Z",
    "sequence": 22,
    "scenario_id": "scenario-484-quote_stuffing",
    "agent_id": "agent-quote_stuffing",
    "order_id": "scenario-484-quote_stuffing-agent-quote_stuffing-22",
    "action": "new",
    "side": "buy",
    "price": 65477.4516,
    "quantity": 0.001,
    "remaining_quantity": 0.001
  },
  {
    "event_id": "fa57959ae2fe76481bde81e774adf822ebd38d6034ddc6d500505b23c30518f2",
    "schema_version": "1.0.0",
    "event_type": "agent_order",
    "source": "synthetic_agent",
    "symbol": "BTCUSDT",
    "exchange": "binance_usdm",
    "timestamp": "2024-05-01T00:00:00.115000Z",
    "sequence": 23,
    "scenario_id": "scenario-484-quote_stuffing",
    "agent_id": "agent-quote_stuffing",
    "order_id": "scenario-484-quote_stuffing-agent-quote_stuffing-23",
    "action": "new",
    "side": "sell",
    "price": 65490.5484,
    "quantity": 0.001,
    "remaining_quantity": 0.001
  },
  {
    "event_id": "8d5d3bde72fef8c678340673e89149bac4e75a3a1c5543cfc3976ba3365663e3",
    "schema_version": "1.0.0",
    "event_type": "agent_order",
    "source": "synthetic_agent",
    "symbol": "BTCUSDT",
    "exchange": "binance_usdm",
    "timestamp": "2024-05-01T00:00:00.120000Z",
    "sequence": 24,
    "scenario_id": "scenario-484-quote_stuffing",
    "agent_id": "agent-quote_stuffing",
    "order_id": "scenario-484-quote_stuffing-agent-quote_stuffing-24",
    "action": "new",
    "side": "buy",
    "price": 65477.4516,
    "quantity": 0.001,
    "remaining_quantity": 0.001
  },
  {
    "event_id": "87b7d25adedeaff99395549b8ffa72bff60c4254bc17452d230617d180746855",
    "schema_version": "1.0.0",
    "event_type": "agent_order",
    "source": "synthetic_agent",
    "symbol": "BTCUSDT",
    "exchange": "binance_usdm",
    "timestamp": "2024-05-01T00:00:00.125000Z",
    "sequence": 25,
    "scenario_id": "scenario-484-quote_stuffing",
    "agent_id": "agent-quote_stuffing",
    "order_id": "scenario-484-quote_stuffing-agent-quote_stuffing-25",
    "action": "new",
    "side": "sell",
    "price": 65490.5484,
    "quantity": 0.001,
    "remaining_quantity": 0.001
  },
  {
    "event_id": "26d2a1eeffcf45ba4283bc9affb30b01f6a4b346796309d48bd5e9aeb38a8f79",
    "schema_version": "1.0.0",
    "event_type": "agent_order",
    "source": "synthetic_agent",
    "symbol": "BTCUSDT",
    "exchange": "binance_usdm",
    "timestamp": "2024-05-01T00:00:00.130000Z",
    "sequence": 26,
    "scenario_id": "scenario-484-quote_stuffing",
    "agent_id": "agent-quote_stuffing",
    "order_id": "scenario-484-quote_stuffing-agent-quote_stuffing-26",
    "action": "new",
    "side": "buy",
    "price": 65477.4516,
    "quantity": 0.001,
    "remaining_quantity": 0.001
  },
  {
    "event_id": "204abff785c930dbf17861e98b988be30bd13515550d94ee25aecbcecee17c25",
    "schema_version": "1.0.0",
    "event_type": "agent_order",
    "source": "synthetic_agent",
    "symbol": "BTCUSDT",
    "exchange": "binance_usdm",
    "timestamp": "2024-05-01T00:00:00.135000Z",
    "sequence": 27,
    "scenario_id": "scenario-484-quote_stuffing",
    "agent_id": "agent-quote_stuffing",
    "order_id": "scenario-484-quote_stuffing-agent-quote_stuffing-27",
    "action": "new",
    "side": "sell",
    "price": 65490.5484,
    "quantity": 0.001,
    "remaining_quantity": 0.001
  },
  {
    "event_id": "6b35fe17dbc3e2c390b6105ebd912b126a4442b0a96762250dc9a5bbafb28a1f",
    "schema_version": "1.0.0",
    "event_type": "agent_order",
    "source": "synthetic_agent",
    "symbol": "BTCUSDT",
    "exchange": "binance_usdm",
    "timestamp": "2024-05-01T00:00:00.140000Z",
    "sequence": 28,
    "scenario_id": "scenario-484-quote_stuffing",
    "agent_id": "agent-quote_stuffing",
    "order_id": "scenario-484-quote_stuffing-agent-quote_stuffing-28",
    "action": "new",
    "side": "buy",
    "price": 65477.4516,
    "quantity": 0.001,
    "remaining_quantity": 0.001
  },
  {
    "event_id": "4494af216db6a81080d8ce696df93371d8b1588b9d6c164091ae5ff235fd86cc",
    "schema_version": "1.0.0",
    "event_type": "agent_order",
    "source": "synthetic_agent",
    "symbol": "BTCUSDT",
    "exchange": "binance_usdm",
    "timestamp": "2024-05-01T00:00:00.145000Z",
    "sequence": 29,
    "scenario_id": "scenario-484-quote_stuffing",
    "agent_id": "agent-quote_stuffing",
    "order_id": "scenario-484-quote_stuffing-agent-quote_stuffing-29",
    "action": "new",
    "side": "sell",
    "price": 65490.5484,
    "quantity": 0.001,
    "remaining_quantity": 0.001
  }
]