[
  {
    "event_id": "41406ffbd45b6fba1c7dbb3eeb1532f79023983b5dc630fd01c7bd5722c88f66",
    "schema_version": "1.0.0",
    "event_type": "agent_order",
    "source": "synthetic_agent",
    "symbol": "BTCUSDT",
    "exchange": "binance_usdm",
    "timestamp": "2024-05-01T00:00:00Z",
    "sequence": 0,
    "scenario_id": "scenario-211-coordinated_burst",
    "agent_id": "agent-coordinated_burst-0",
    "order_id": "scenario-211-coordinated_burst-agent-coordinated_burst-0-0",
    "action": "new",
    "side": "buy",
    "price": 65224.042199999996,
    "quantity": 0.04,
    "remaining_quantity": 0.04
  },
  {
    "event_id": "f6d6395d943e8fcf4b69620efbdb34a4c551713d88460303878f590263d30c3e",
    "schema_version": "1.0.0",
    "event_type": "agent_order",
    "source": "synthetic_agent",
    "symbol": "BTCUSDT",
    "exchange": "binance_usdm",
    "timestamp": "2024-05-01T00:00:00.012000Z",
    "sequence": 1,
    "scenario_id": "scenario-211-coordinated_burst",
    "agent_id": "agent-coordinated_burst-1",
    "order_id": "scenario-211-coordinated_burst-agent-coordinated_burst-1-1",
    "action": "new",
    "side": "sell",
    "price": 65197.957800000004,
    "quantity": 0.04,
    "remaining_quantity": 0.04
  },
  {
    "event_id": "6e9acceb6eec27ad017431febfd94e7099ec52e08e4738140c498955d698b420",
    "schema_version": "1.0.0",
    "event_type": "agent_order",
    "source": "synthetic_agent",
    "symbol": "BTCUSDT",
    "exchange": "binance_usdm",
    "timestamp": "2024-05-01T00:00:00.024000Z",
    "sequence": 2,
    "scenario_id": "scenario-211-coordinated_burst",
    "agent_id": "agent-coordinated_burst-2",
    "order_id": "scenario-211-coordinated_burst-agent-coordinated_burst-2-2",
    "action": "new",
    "side": "sell",
    "price": 65197.957800000004,
    "quantity": 0.04,
    "remaining_quantity": 0.04
  },
  {
    "event_id": "a03c2c8754b74f7d1a4c3fde3b9c59b8a0d3e10279c1a86e18f647abb3ab4413",
    "schema_version": "1.0.0",
    "event_type": "agent_order",
    "source": "synthetic_agent",
    "symbol": "BTCUSDT",
    "exchange": "binance_usdm",
    "timestamp": "2024-05-01T00:00:00.036000Z",
    "sequence": 3,
    "scenario_id": "scenario-211-coordinated_burst",
    "agent_id": "agent-coordinated_burst-0",
    "order_id": "scenario-211-coordinated_burst-agent-coordinated_burst-0-3",
    "action": "new",
    "side": "buy",
    "price": 65224.042199999996,
    "quantity": 0.04,
    "remaining_quantity": 0.04
  },
  {
    "event_id": "e42ed62073a07a7145a84f204ca481caaa07545db719adada717e271f48dd617",
    "schema_version": "1.0.0",
    "event_type": "agent_order",
    "source": "synthetic_agent",
    "symbol": "BTCUSDT",
    "exchange": "binance_usdm",
    "timestamp": "2024-05-01T00:00:00.048000Z",
    "sequence": 4,
    "scenario_id": "scenario-211-coordinated_burst",
    "agent_id": "agent-coordinated_burst-1",
    "order_id": "scenario-211-coordinated_burst-agent-coordinated_burst-1-4",
    "action": "new",
    "side": "sell",
    "price": 65197.957800000004,
    "quantity": 0.04,
    "remaining_quantity": 0.04
  },
  {
    "event_id": "ef0a5b665b6873917f447fa2433a435b26ff7abbe5c43822dbe7d85ee7e12e6e",
    "schema_version": "1.0.0",
    "event_type": "agent_order",
    "source": "synthetic_agent",
    "symbol": "BTCUSDT",
    "exchange": "binance_usdm",
    "timestamp": "2024-05-01T00:00:00.600000Z",
    "sequence": 5,
    "scenario_id": "scenario-211-coordinated_burst",
    "agent_id": "agent-coordinated_burst-2",
    "order_id": "scenario-211-coordinated_burst-agent-coordinated_burst-2-5",
    "action": "new",
    "side": "sell",
    "price": 65197.957800000004,
    "quantity": 0.04,
    "remaining_quantity": 0.04
  },
  {
    "event_id": "39dfbd2e287c00f85b6ddce17cd14dcc1b1c5b64e071371c07039be92e473def",
    "schema_version": "1.0.0",
    "event_type": "agent_order",
    "source": "synthetic_agent",
    "symbol": "BTCUSDT",
    "exchange": "binance_usdm",
    "timestamp": "2024-05-01T00:00:00.072000Z",
    "sequence": 6,
    "scenario_id": "scenario-211-coordinated_burst",
    "agent_id": "agent-coordinated_burst-0",
    "order_id": "scenario-211-coordinated_burst-agent-coordinated_burst-0-6",
    "action": "new",
    "side": "buy",
    "price": 65224.042199999996,
    "quantity": 0.04,
    "remaining_quantity": 0.04
  },
  {
    "event_id": "77ee515f06a971ed766c66b7a47a76add63370b6c32664721405805cf9a20d6f",
    "schema_version": "1.0.0",
    "event_type": "agent_order",
    "source": "synthetic_agent",
    "symbol": "BTCUSDT",
    "exchange": "binance_usdm",
    "timestamp": "2024-05-01T00:00:00.084000Z",
    "sequence": 7,
    "scenario_id": "scenario-211-coordinated_burst",
    "agent_id": "agent-coordinated_burst-1",
    "order_id": "scenario-211-coordinated_burst-agent-coordinated_burst-1-7",
    "action": "new",
    "side": "sell",
    "price": 65197.957800000004,
    "quantity": 0.04,
    "remaining_quantity": 0.04
  },
  {
    "event_id": "b1cbab6be6c79a3d9cdb5c3e3f842f6a590a3aa3df7efdb5e1d2c393f668d473",
    "schema_version": "1.0.0",
    "event_type": "agent_order",
    "source": "synthetic_agent",
    "symbol": "BTCUSDT",
    "exchange": "binance_usdm",
    "timestamp": "2024-05-01T00:00:00.096000Z",
    "sequence": 8,
    "scenario_id": "scenario-211-coordinated_burst",
    "agent_id": "agent-coordinated_burst-2",
    "order_id": "scenario-211-coordinated_burst-agent-coordinated_burst-2-8",
    "action": "new",
    "side": "sell",
    "price": 65197.957800000004,
    "quantity": 0.04,
    "remaining_quantity": 0.04
  },
  {
    "event_id": "9068fbe3321aeafaf7dab8bf7160150f79d0944d8369c3b98abb0117e97d132e",
    "schema_version": "1.0.0",
    "event_type": "agent_order",
    "source": "synthetic_agent",
    "symbol": "BTCUSDT",
    "exchange": "binance_usdm",
    "timestamp": "2024-05-01T00:00:00.108000Z",
    "sequence": 9,
    "scenario_id": "scenario-211-coordinated_burst",
    "agent_id": "agent-coordinated_burst-0",
    "order_id": "scenario-211-coordinated_burst-agent-coordinated_burst-0-9",
    "action": "new",
    "side": "buy",
    "price": 65224.042199999996,
    "quantity": 0.04,
    "remaining_quantity": 0.04
  },
  {
    "event_id": "5cacfdc5679111d3f0cba976f120667fab0c1333adde083bda45eae726595dbf",
    "schema_version": "1.0.0",
    "event_type": "agent_order",
    "source": "synthetic_agent",
    "symbol": "BTCUSDT",
    "exchange": "binance_usdm",
    "timestamp": "2024-05-01T00:00:01.200000Z",
    "sequence": 10,
    "scenario_id": "scenario-211-coordinated_burst",
    "agent_id": "agent-coordinated_burst-1",
    "order_id": "scenario-211-coordinated_burst-agent-coordinated_burst-1-10",
    "action": "new",
    "side": "sell",
    "price": 65197.957800000004,
    "quantity": 0.04,
    "remaining_quantity": 0.04
  },
  {
    "event_id": "0bc96e5bd2f4315270b16da90211f3eaf6e01561efb587c996f1360e6014ab13",
    "schema_version": "1.0.0",
    "event_type": "agent_order",
    "source": "synthetic_agent",
    "symbol": "BTCUSDT",
    "exchange": "binance_usdm",
    "timestamp": "2024-05-01T00:00:00.132000Z",
    "sequence": 11,
    "scenario_id": "scenario-211-coordinated_burst",
    "agent_id": "agent-coordinated_burst-2",
    "order_id": "scenario-211-coordinated_burst-agent-coordinated_burst-2-11",
    "action": "new",
    "side": "sell",
    "price": 65197.957800000004,
    "quantity": 0.04,
    "remaining_quantity": 0.04
  },
  {
    "event_id": "18b4fa9e36e691b077de5170013b5aea8242363adc45e6cdc79a16fd9a05ef1c",
    "schema_version": "1.0.0",
    "event_type": "agent_order",
    "source": "synthetic_agent",
    "symbol": "BTCUSDT",
    "exchange": "binance_usdm",
    "timestamp": "2024-05-01T00:00:00.144000Z",
    "sequence": 12,
    "scenario_id": "scenario-211-coordinated_burst",
    "agent_id": "agent-coordinated_burst-0",
    "order_id": "scenario-211-coordinated_burst-agent-coordinated_burst-0-12",
    "action": "new",
    "side": "buy",
    "price": 65224.042199999996,
    "quantity": 0.04,
    "remaining_quantity": 0.04
  },
  {
    "event_id": "3f2f4ae11dce3643a451201296828eb1662413fa65cf5e61551b0a372d8a9f62",
    "schema_version": "1.0.0",
    "event_type": "agent_order",
    "source": "synthetic_agent",
    "symbol": "BTCUSDT",
    "exchange": "binance_usdm",
    "timestamp": "2024-05-01T00:00:00.156000Z",
    "sequence": 13,
    "scenario_id": "scenario-211-coordinated_burst",
    "agent_id": "agent-coordinated_burst-1",
    "order_id": "scenario-211-coordinated_burst-agent-coordinated_burst-1-13",
    "action": "new",
    "side": "sell",
    "price": 65197.957800000004,
    "quantity": 0.04,
    "remaining_quantity": 0.04
  },
  {
    "event_id": "bb882d3371756e96bb7318b96f0b9d8b91198d309d9bde51ecb3f164fdb89f91",
    "schema_version": "1.0.0",
    "event_type": "agent_order",
    "source": "synthetic_agent",
    "symbol": "BTCUSDT",
    "exchange": "binance_usdm",
    "timestamp": "2024-05-01T00:00:00.168000Z",
    "sequence": 14,
    "scenario_id": "scenario-211-coordinated_burst",
    "agent_id": "agent-coordinated_burst-2",
    "order_id": "scenario-211-coordinated_burst-agent-coordinated_burst-2-14",
    "action": "new",
    "side": "sell",
    "price": 65197.957800000004,
    "quantity": 0.04,
    "remaining_quantity": 0.04
  },
  {
    "event_id": "6c7ee2c1fe151af6d67d733bc82d916763daf7875d2fa5e0f7c2816c1da3f512",
    "schema_version": "1.0.0",
    "event_type": "agent_order",
    "source": "synthetic_agent",
    "symbol": "BTCUSDT",
    "exchange": "binance_usdm",
    "timestamp": "2024-05-01T00:00:01.800000Z",
    "sequence": 15,
    "scenario_id": "scenario-211-coordinated_burst",
    "agent_id": "agent-coordinated_burst-0",
    "order_id": "scenario-211-coordinated_burst-agent-coordinated_burst-0-15",
    "action": "new",
    "side": "buy",
    "price": 65224.042199999996,
    "quantity": 0.04,
    "remaining_quantity": 0.04
  },
  {
    "event_id": "dc3ecba7d9a9c9fc95759be745beff0b71ee238ba250d1371031810cf40b7bb0",
    "schema_version": "1.0.0",
    "event_type": "agent_order",
    "source": "synthetic_agent",
    "symbol": "BTCUSDT",
    "exchange": "binance_usdm",
    "timestamp": "2024-05-01T00:00:00.192000Z",
    "sequence": 16,
    "scenario_id": "scenario-211-coordinated_burst",
    "agent_id": "agent-coordinated_burst-1",
    "order_id": "scenario-211-coordinated_burst-agent-coordinated_burst-1-16",
    "action": "new",
    "side": "sell",
    "price": 65197.957800000004,
    "quantity": 0.04,
    "remaining_quantity": 0.04
  },
  {
    "event_id": "5cb6a800fe22f3c9732e7a359fd9768635e7bf2de513b6c310189aa0338b622c",
    "schema_version": "1.0.0",
    "event_type": "agent_order",
    "source": "synthetic_agent",
    "symbol": "BTCUSDT",
    "exchange": "binance_usdm",
    "timestamp": "2024-05-01T00:00:00.204000Z",
    "sequence": 17,
    "scenario_id": "scenario-211-coordinated_burst",
    "agent_id": "agent-coordinated_burst-2",
    "order_id": "scenario-211-coordinated_burst-agent-coordinated_burst-2-17",
    "action": "new",
    "side": "sell",
    "price": 65197.957800000004,
    "quantity": 0.04,
    "remaining_quantity": 0.04
  },
  {
    "event_id": "3e396a7517fc1dd9526e39dcca4905577a1513bfadf14efcda153bfe7ae94bc8",
    "schema_version": "1.0.0",
    "event_type": "agent_order",
    "source": "synthetic_agent",
    "symbol": "BTCUSDT",
    "exchange": "binance_usdm",
    "timestamp": "2024-05-01T00:00:00.216000Z",
    "sequence": 18,
    "scenario_id": "scenario-211-coordinated_burst",
    "agent_id": "agent-coordinated_burst-0",
    "order_id": "scenario-211-coordinated_burst-agent-coordinated_burst-0-18",
    "action": "new",
    "side": "buy",
    "price": 65224.042199999996,
    "quantity": 0.04,
    "remaining_quantity": 0.04
  },
  {
    "event_id": "dbc648a0185983c112ecd7599fe9e2174c49266d64c395c5f1a53a625b80299a",
    "schema_version": "1.0.0",
    "event_type": "agent_order",
    "source": "synthetic_agent",
    "symbol": "BTCUSDT",
    "exchange": "binance_usdm",
    "timestamp": "2024-05-01T00:00:00.228000Z",
    "sequence": 19,
    "scenario_id": "scenario-211-coordinated_burst",
    "agent_id": "agent-coordinated_burst-1",
    "order_id": "scenario-211-coordinated_burst-agent-coordinated_burst-1-19",
    "action": "new",
    "side": "sell",
    "price": 65197.957800000004,
    "quantity": 0.04,
    "remaining_quantity": 0.04
  },
  {
    "event_id": "3c440ca903d438bd2352ff564aa369ec707fd6d4f802861e9af8a34a8d1d3ef6",
    "schema_version": "1.0.0",
    "event_type": "agent_order",
    "source": "synthetic_agent",
    "symbol": "BTCUSDT",
    "exchange": "binance_usdm",
    "timestamp": "2024-05-01T00:00:02.400000Z",
    "sequence": 20,
    "scenario_id": "scenario-211-coordinated_burst",
    "agent_id": "agent-coordinated_burst-2",
    "order_id": "scenario-211-coordinated_burst-agent-coordinated_burst-2-20",
    "action": "new",
    "side": "sell",
    "price": 65197.957800000004,
    "quantity": 0.04,
    "remaining_quantity": 0.04
  },
  {
    "event_id": "bb8a8d08893c5c4c81a20eb13675bb0ddbd52784464ed6570b1378d8921c49d9",
    "schema_version": "1.0.0",
    "event_type": "agent_order",
    "source": "synthetic_agent",
    "symbol": "BTCUSDT",
    "exchange": "binance_usdm",
    "timestamp": "2024-05-01T00:00:00.252000Z",
    "sequence": 21,
    "scenario_id": "scenario-211-coordinated_burst",
    "agent_id": "agent-coordinated_burst-0",
    "order_id": "scenario-211-coordinated_burst-agent-coordinated_burst-0-21",
    "action": "new",
    "side": "buy",
    "price": 65224.042199999996,
    "quantity": 0.04,
    "remaining_quantity": 0.04
  },
  {
    "event_id": "17d3f581009351eec807ccfec3fe2f9cd516090d1cf1ae0ec297af2e74630a9d",
    "schema_version": "1.0.0",
    "event_type": "agent_order",
    "source": "synthetic_agent",
    "symbol": "BTCUSDT",
    "exchange": "binance_usdm",
    "timestamp": "2024-05-01T00:00:00.264000Z",
    "sequence": 22,
    "scenario_id": "scenario-211-coordinated_burst",
    "agent_id": "agent-coordinated_burst-1",
    "order_id": "scenario-211-coordinated_burst-agent-coordinated_burst-1-22",
    "action": "new",
    "side": "sell",
    "price": 65197.957800000004,
    "quantity": 0.04,
    "remaining_quantity": 0.04
  },
  {
    "event_id": "cae7cee3f90dc62cddebf3ef44ed684f93adbd4aa6f37600125520807f0fe291",
    "schema_version": "1.0.0",
    "event_type": "agent_order",
    "source": "synthetic_agent",
    "symbol": "BTCUSDT",
    "exchange": "binance_usdm",
    "timestamp": "2024-05-01T00:00:00.276000Z",
    "sequence": 23,
    "scenario_id": "scenario-211-coordinated_burst",
    "agent_id": "agent-coordinated_burst-2",
    "order_id": "scenario-211-coordinated_burst-agent-coordinated_burst-2-23",
    "action": "new",
    "side": "sell",
    "price": 65197.957800000004,
    "quantity": 0.04,
    "remaining_quantity": 0.04
  },
  {
    "event_id": "cf8be85546ed17fa33a7a915c2b12197017d9c23ad182843ab485048865680c0",
    "schema_version": "1.0.0",
    "event_type": "agent_order",
    "source": "synthetic_agent",
    "symbol": "BTCUSDT",
    "exchange": "binance_usdm",
    "timestamp": "2024-05-01T00:00:00.288000Z",
    "sequence": 24,
    "scenario_id": "scenario-211-coordinated_burst",
    "agent_id": "agent-coordinated_burst-0",
    "order_id": "scenario-211-coordinated_burst-agent-coordinated_burst-0-24",
    "action": "new",
    "side": "buy",
    "price": 65224.042199999996,
    "quantity": 0.04,
    "remaining_quantity": 0.04
  },
  {
    "event_id": "df77ca0ffea42fccfebd7d47c50ed0281c318675bba5c07986b3c076bd83bd57",
    "schema_version": "1.0.0",
    "event_type": "agent_order",
    "source": "synthetic_agent",
    "symbol": "BTCUSDT",
    "exchange": "binance_usdm",
    "timestamp": "2024-05-01T00:00:03Z",
    "sequence": 25,
    "scenario_id": "scenario-211-coordinated_burst",
    "agent_id": "agent-coordinated_burst-1",
    "order_id": "scenario-211-coordinated_burst-agent-coordinated_burst-1-25",
    "action": "new",
    "side": "sell",
    "price": 65197.957800000004,
    "quantity": 0.04,
    "remaining_quantity": 0.04
  },
  {
    "event_id": "656064b1613b8bd7a9b022cf596854b0eed647e590e81dd8ebd0be932d7181cc",
    "schema_version": "1.0.0",
    "event_type": "agent_order",
    "source": "synthetic_agent",
    "symbol": "BTCUSDT",
    "exchange": "binance_usdm",
    "timestamp": "2024-05-01T00:00:00.312000Z",
    "sequence": 26,
    "scenario_id": "scenario-211-coordinated_burst",
    "agent_id": "agent-coordinated_burst-2",
    "order_id": "scenario-211-coordinated_burst-agent-coordinated_burst-2-26",
    "action": "new",
    "side": "sell",
    "price": 65197.957800000004,
    "quantity": 0.04,
    "remaining_quantity": 0.04
  },
  {
    "event_id": "0e8d82a6c0ed0e57b516bb0541a4ca30c062f426f3d5f262ef1f18cdb9ed7eb1",
    "schema_version": "1.0.0",
    "event_type": "agent_order",
    "source": "synthetic_agent",
    "symbol": "BTCUSDT",
    "exchange": "binance_usdm",
    "timestamp": "2024-05-01T00:00:00.324000Z",
    "sequence": 27,
    "scenario_id": "scenario-211-coordinated_burst",
    "agent_id": "agent-coordinated_burst-0",
    "order_id": "scenario-211-coordinated_burst-agent-coordinated_burst-0-27",
    "action": "new",
    "side": "buy",
    "price": 65224.042199999996,
    "quantity": 0.04,
    "remaining_quantity": 0.04
  },
  {
    "event_id": "a95a07c17103dcd17fd74df4712a8000960ae9ee6ea97a9ccc4628d3fc212729",
    "schema_version": "1.0.0",
    "event_type": "agent_order",
    "source": "synthetic_agent",
    "symbol": "BTCUSDT",
    "exchange": "binance_usdm",
    "timestamp": "2024-05-01T00:00:00.336000Z",
    "sequence": 28,
    "scenario_id": "scenario-211-coordinated_burst",
    "agent_id": "agent-coordinated_burst-1",
    "order_id": "scenario-211-coordinated_burst-agent-coordinated_burst-1-28",
    "action": "new",
    "side": "sell",
    "price": 65197.957800000004,
    "quantity": 0.04,
    "remaining_quantity": 0.04
  },
  {
    "event_id": "2ca98ce621351cc927e9b683744f376786ada80e98f71869a69305104a528dfa",
    "schema_version": "1.0.0",
    "event_type": "agent_order",
    "source": "synthetic_agent",
    "symbol": "BTCUSDT",
    "exchange": "binance_usdm",
    "timestamp": "2024-05-01T00:00:00.348000Z",
    "sequence": 29,
    "scenario_id": "scenario-211-coordinated_burst",
    "agent_id": "agent-coordinated_burst-2",
    "order_id": "scenario-211-coordinated_burst-agent-coordinated_burst-2-29",
    "action": "new",
    "side": "sell",
    "price": 65197.957800000004,
    "quantity": 0.04,
    "remaining_quantity": 0.04
  }
]