[
  {
    "event_id": "9a0bb46401ce958043f98cdcf77b586e258fe3bd4c2f3a1c798af42342c68b2f",
    "schema_version": "1.0.0",
    "event_type": "agent_order",
    "source": "synthetic_agent",
    "symbol": "BTCUSDT",
    "exchange": "binance_usdm",
    "timestamp": "2024-05-01T00:00:00Z",
    "sequence": 0,
    "scenario_id": "scenario-013-twap_execution",
    "agent_id": "agent-twap_execution",
    "order_id": "scenario-013-twap_execution-agent-twap_execution-0",
    "action": "new",
    "side": "buy",
    "price": 64980.493500000004,
    "quantity": 0.005,
    "remaining_quantity": 0.005
  },
  {
    "event_id": "17fc36624d38a5bfdfc4033bdf96fe329bba423a77b593b20b982a6262fdd17c",
    "schema_version": "1.0.0",
    "event_type": "agent_order",
    "source": "synthetic_agent",
    "symbol": "BTCUSDT",
    "exchange": "binance_usdm",
    "timestamp": "2024-05-01T00:00:01Z",
    "sequence": 1,
    "scenario_id": "scenario-013-twap_execution",
    "agent_id": "agent-twap_execution",
    "order_id": "scenario-013-twap_execution-agent-twap_execution-1",
    "action": "new",
    "side": "buy",
    "price": 64980.493500000004,
    "quantity": 0.005,
    "remaining_quantity": 0.005
  },
  {
    "event_id": "4652c3b03b01fcb5a592310e39c562ce01655a9b6ad14e98190baad06e7087fd",
    "schema_version": "1.0.0",
    "event_type": "agent_order",
    "source": "synthetic_agent",
    "symbol": "BTCUSDT",
    "exchange": "binance_usdm",
    "timestamp": "2024-05-01T00:00:02Z",
    "sequence": 2,
    "scenario_id": "scenario-013-twap_execution",
    "agent_id": "agent-twap_execution",
    "order_id": "scenario-013-twap_execution-agent-twap_execution-2",
    "action": "new",
    "side": "buy",
    "price": 64980.493500000004,
    "quantity": 0.005,
    "remaining_quantity": 0.005
  },
  {
    "event_id": "2c77d65d541ee091d07fabd1ea5c752d3888a927c0dc95f83a6706651109a47e",
    "schema_version": "1.0.0",
    "event_type": "agent_order",
    "source": "synthetic_agent",
    "symbol": "BTCUSDT",
    "exchange": "binance_usdm",
    "timestamp": "2024-05-01T00:00:03Z",
    "sequence": 3,
    "scenario_id": "scenario-013-twap_execution",
    "agent_id": "agent-twap_execution",
    "order_id": "scenario-013-twap_execution-agent-twap_execution-3",
    "action": "new",
    "side": "buy",
    "price": 64980.493500000004,
    "quantity": 0.005,
    "remaining_quantity": 0.005
  },
  {
    "event_id": "458496e4173088502828a7f14608148237c28b8cad6dba7f38e5d0b9c4d706b1",
    "schema_version": "1.0.0",
    "event_type": "agent_order",
    "source": "synthetic_agent",
    "symbol": "BTCUSDT",
    "exchange": "binance_usdm",
    "timestamp": "2024-05-01T00:00:04Z",
    "sequence": 4,
    "scenario_id": "scenario-013-twap_execution",
    "agent_id": "agent-twap_execution",
    "order_id": "scenario-013-twap_execution-agent-twap_execution-4",
    "action": "new",
    "side": "buy",
    "price": 64980.493500000004,
    "quantity": 0.005,
    "remaining_quantity": 0.005
  },
  {
    "event_id": "c4ae136dee5cd155567ba321cfb021581c60ebc5dc75355455d676608d2d7bb1",
    "schema_version": "1.0.0",
    "event_type": "agent_order",
    "source": "synthetic_agent",
    "symbol": "BTCUSDT",
    "exchange": "binance_usdm",
    "timestamp": "2024-05-01T00:00:05Z",
    "sequence": 5,
    "scenario_id": "scenario-013-twap_execution",
    "agent_id": "agent-twap_execution",
    "order_id": "scenario-013-twap_execution-agent-twap_execution-5",
    "action": "new",
    "side": "buy",
    "price": 64980.493500000004,
    "quantity": 0.005,
    "remaining_quantity": 0.005
  },
  {
    "event_id": "f8b6ddf29de01fb8ada670cfd0d1edadf26d6ad7ebc95c5297b4a40fd311cac6",
    "schema_version": "1.0.0",
    "event_type": "agent_order",
    "source": "synthetic_agent",
    "symbol": "BTCUSDT",
    "exchange": "binance_usdm",
    "timestamp": "2024-05-01T00:00:06Z",
    "sequence": 6,
    "scenario_id": "scenario-013-twap_execution",
    "agent_id": "agent-twap_execution",
    "order_id": "scenario-013-twap_execution-agent-twap_execution-6",
    "action": "new",
    "side": "buy",
    "price": 64980.493500000004,
    "quantity": 0.005,
    "remaining_quantity": 0.005
  },
  {
    "event_id": "85885fd2e48f275959edf16abf7b099b4db91a9c072df79423d9ae8fcfb20cc4",
    "schema_version": "1.0.0",
    "event_type": "agent_order",
    "source": "synthetic_agent",
    "symbol": "BTCUSDT",
    "exchange": "binance_usdm",
    "timestamp": "2024-05-01T00:00:07Z",
    "sequence": 7,
    "scenario_id": "scenario-013-twap_execution",
    "agent_id": "agent-twap_execution",
    "order_id": "scenario-013-twap_execution-agent-twap_execution-7",
    "action": "new",
    "side": "buy",
    "price": 64980.493500000004,
    "quantity": 0.005,
    "remaining_quantity": 0.005
  },
  {
    "event_id": "1ed856f2faad1fdc88a82c6125c35cb224de37b0309ded6d01e67cfd7e9c0765",
    "schema_version": "1.0.0",
    "event_type": "agent_order",
    "source": "synthetic_agent",
    "symbol": "BTCUSDT",
    "exchange": "binance_usdm",
    "timestamp": "2024-05-01T00:00:08Z",
    "sequence": 8,
    "scenario_id": "scenario-013-twap_execution",
    "agent_id": "agent-twap_execution",
    "order_id": "scenario-013-twap_execution-agent-twap_execution-8",
    "action": "new",
    "side": "buy",
    "price": 64980.493500000004,
    "quantity": 0.005,
    "remaining_quantity": 0.005
  },
  {
    "event_id": "c71024dcd51c5535a39bf9e0408f7d3d654f753415d33149cb59e4dc91c99975",
    "schema_version": "1.0.0",
    "event_type": "agent_order",
    "source": "synthetic_agent",
    "symbol": "BTCUSDT",
    "exchange": "binance_usdm",
    "timestamp": "2024-05-01T00:00:09Z",
    "sequence": 9,
    "scenario_id": "scenario-013-twap_execution",
    "agent_id": "agent-twap_execution",
    "order_id": "scenario-013-twap_execution-agent-twap_execution-9",
    "action": "new",
    "side": "buy",
    "price": 64980.493500000004,
    "quantity": 0.005,
    "remaining_quantity": 0.005
  },
  {
    "event_id": "d87d095ccd906703a31b116672843703ddbc01cf03f9dc6d310b71d2cf5b21e6",
    "schema_version": "1.0.0",
    "event_type": "agent_order",
    "source": "synthetic_agent",
    "symbol": "BTCUSDT",
    "exchange": "binance_usdm",
    "timestamp": "2024-05-01T00:00:10Z",
    "sequence": 10,
    "scenario_id": "scenario-013-twap_execution",
    "agent_id": "agent-twap_execution",
    "order_id": "scenario-013-twap_execution-agent-twap_execution-10",
    "action": "new",
    "side": "buy",
    "price": 64980.493500000004,
    "quantity": 0.005,
    "remaining_quantity": 0.005
  },
  {
    "event_id": "9d61b2b837bd9971032d791a31637553f516741d88f680f2ab7b31dd6505b4dd",
    "schema_version": "1.0.0",
    "event_type": "agent_order",
    "source": "synthetic_agent",
    "symbol": "BTCUSDT",
    "exchange": "binance_usdm",
    "timestamp": "2024-05-01T00:00:11Z",
    "sequence": 11,
    "scenario_id": "scenario-013-twap_execution",
    "agent_id": "agent-twap_execution",
    "order_id": "scenario-013-twap_execution-agent-twap_execution-11",
    "action": "new",
    "side": "buy",
    "price": 64980.493500000004,
    "quantity": 0.005,
    "remaining_quantity": 0.005
  },
  {
    "event_id": "ca6612817885b9656a2ee10552572d29cc17f25d69f181738d50518ef43c582d",
    "schema_version": "1.0.0",
    "event_type": "agent_order",
    "source": "synthetic_agent",
    "symbol": "BTCUSDT",
    "exchange": "binance_usdm",
    "timestamp": "2024-05-01T00:00:12Z",
    "sequence": 12,
    "scenario_id": "scenario-013-twap_execution",
    "agent_id": "agent-twap_execution",
    "order_id": "scenario-013-twap_execution-agent-twap_execution-12",
    "action": "new",
    "side": "buy",
    "price": 64980.493500000004,
    "quantity": 0.005,
    "remaining_quantity": 0.005
  },
  {
    "event_id": "611641dff227c96fa0bb97abb2756642b1e20cc24a4ea84d0ea7cf34027ad351",
    "schema_version": "1.0.0",
    "event_type": "agent_order",
    "source": "synthetic_agent",
    "symbol": "BTCUSDT",
    "exchange": "binance_usdm",
    "timestamp": "2024-05-01T00:00:13Z",
    "sequence": 13,
    "scenario_id": "scenario-013-twap_execution",
    "agent_id": "agent-twap_execution",
    "order_id": "scenario-013-twap_execution-agent-twap_execution-13",
    "action": "new",
    "side": "buy",
    "price": 64980.493500000004,
    "quantity": 0.005,
    "remaining_quantity": 0.005
  },
  {
    "event_id": "b3961c61c958e7b453f7f876fb7d2f2f8773a6b02834ca54f3f7eb836185b9a1",
    "schema_version": "1.0.0",
    "event_type": "agent_order",
    "source": "synthetic_agent",
    "symbol": "BTCUSDT",
    "exchange": "binance_usdm",
    "timestamp": "2024-05-01T00:00:14Z",
    "sequence": 14,
    "scenario_id": "scenario-013-twap_execution",
    "agent_id": "agent-twap_execution",
    "order_id": "scenario-013-twap_execution-agent-twap_execution-14",
    "action": "new",
    "side": "buy",
    "price": 64980.493500000004,
    "quantity": 0.005,
    "remaining_quantity": 0.005
  },
  {
    "event_id": "81b99cb0ee84773969940d5e87d6c0c8b3d1b2148aeb9de6ef954be56dbeb2ec",
    "schema_version": "1.0.0",
    "event_type": "agent_order",
    "source": "synthetic_agent",
    "symbol": "BTCUSDT",
    "exchange": "binance_usdm",
    "timestamp": "2024-05-01T00:00:15Z",
    "sequence": 15,
    "scenario_id": "scenario-013-twap_execution",
    "agent_id": "agent-twap_execution",
    "order_id": "scenario-013-twap_execution-agent-twap_execution-15",
    "action": "new",
    "side": "buy",
    "price": 64980.493500000004,
    "quantity": 0.005,
    "remaining_quantity": 0.005
  },
  {
    "event_id": "8e6c833815b9f4ac720fdeba664cbb2a985237e2ca6742964df43dcc89047c08",
    "schema_version": "1.0.0",
    "event_type": "agent_order",
    "source": "synthetic_agent",
    "symbol": "BTCUSDT",
    "exchange": "binance_usdm",
    "timestamp": "2024-05-01T00:00:16Z",
    "sequence": 16,
    "scenario_id": "scenario-013-twap_execution",
    "agent_id": "agent-twap_execution",
    "order_id": "scenario-013-twap_execution-agent-twap_execution-16",
    "action": "new",
    "side": "buy",
    "price": 64980.493500000004,
    "quantity": 0.005,
    "remaining_quantity": 0.005
  },
  {
    "event_id": "3b4e98813b2e0df250a12e3257083e0b3b1dad5f36a16a0b7f9693b731b71f81",
    "schema_version": "1.0.0",
    "event_type": "agent_order",
    "source": "synthetic_agent",
    "symbol": "BTCUSDT",
    "exchange": "binance_usdm",
    "timestamp": "2024-05-01T00:00:17Z",
    "sequence": 17,
    "scenario_id": "scenario-013-twap_execution",
    "agent_id": "agent-twap_execution",
    "order_id": "scenario-013-twap_execution-agent-twap_execution-17",
    "action": "new",
    "side": "buy",
    "price": 64980.493500000004,
    "quantity": 0.005,
    "remaining_quantity": 0.005
  },
  {
    "event_id": "43be59deb17da23d4c7b26932ffc3763538df9cfb42a1b4ed15a1ff8d91c3937",
    "schema_version": "1.0.0",
    "event_type": "agent_order",
    "source": "synthetic_agent",
    "symbol": "BTCUSDT",
    "exchange": "binance_usdm",
    "timestamp": "2024-05-01T00:00:18Z",
    "sequence": 18,
    "scenario_id": "scenario-013-twap_execution",
    "agent_id": "agent-twap_execution",
    "order_id": "scenario-013-twap_execution-agent-twap_execution-18",
    "action": "new",
    "side": "buy",
    "price": 64980.493500000004,
    "quantity": 0.005,
    "remaining_quantity": 0.005
  },
  {
    "event_id": "550fa2aa12d1db68880da3299276989cd08b10ebf23dac0a7d4a622feadc9d76",
    "schema_version": "1.0.0",
    "event_type": "agent_order",
    "source": "synthetic_agent",
    "symbol": "BTCUSDT",
    "exchange": "binance_usdm",
    "timestamp": "2024-05-01T00:00:19Z",
    "sequence": 19,
    "scenario_id": "scenario-013-twap_execution",
    "agent_id": "agent-twap_execution",
    "order_id": "scenario-013-twap_execution-agent-twap_execution-19",
    "action": "new",
    "side": "buy",
    "price": 64980.493500000004,
    "quantity": 0.005,
    "remaining_quantity": 0.005
  },
  {
    "event_id": "c4835c2a1c4c46c65c62244b91d77e01f1a723c89bb9600388f4569002d26563",
    "schema_version": "1.0.0",
    "event_type": "agent_order",
    "source": "synthetic_agent",
    "symbol": "BTCUSDT",
    "exchange": "binance_usdm",
    "timestamp": "2024-05-01T00:00:20Z",
    "sequence": 20,
    "scenario_id": "scenario-013-twap_execution",
    "agent_id": "agent-twap_execution",
    "order_id": "scenario-013-twap_execution-agent-twap_execution-20",
    "action": "new",
    "side": "buy",
    "price": 64980.493500000004,
    "quantity": 0.005,
    "remaining_quantity": 0.005
  },
  {
    "event_id": "284088cdb2122b30f5b760daefef8df4dfb393ab5ad2a2ac96831edfd9655f3b",
    "schema_version": "1.0.0",
    "event_type": "agent_order",
    "source": "synthetic_agent",
    "symbol": "BTCUSDT",
    "exchange": "binance_usdm",
    "timestamp": "2024-05-01T00:00:21Z",
    "sequence": 21,
    "scenario_id": "scenario-013-twap_execution",
    "agent_id": "agent-twap_execution",
    "order_id": "scenario-013-twap_execution-agent-twap_execution-21",
    "action": "new",
    "side": "buy",
    "price": 64980.493500000004,
    "quantity": 0.005,
    "remaining_quantity": 0.005
  },
  {
    "event_id": "42e92df2f897ff2be1393e22d8f9d1fd09b6cf9e8af047d13d6623c86ccc55c1",
    "schema_version": "1.0.0",
    "event_type": "agent_order",
    "source": "synthetic_agent",
    "symbol": "BTCUSDT",
    "exchange": "binance_usdm",
    "timestamp": "2024-05-01T00:00:22Z",
    "sequence": 22,
    "scenario_id": "scenario-013-twap_execution",
    "agent_id": "agent-twap_execution",
    "order_id": "scenario-013-twap_execution-agent-twap_execution-22",
    "action": "new",
    "side": "buy",
    "price": 64980.493500000004,
    "quantity": 0.005,
    "remaining_quantity": 0.005
  },
  {
    "event_id": "c7f5a9f58db8a224157d8b59f088b4a4418149cffc49be1e14d2521dee7643f0",
    "schema_version": "1.0.0",
    "event_type": "agent_order",
    "source": "synthetic_agent",
    "symbol": "BTCUSDT",
    "exchange": "binance_usdm",
    "timestamp": "2024-05-01T00:00:23Z",
    "sequence": 23,
    "scenario_id": "scenario-013-twap_execution",
    "agent_id": "agent-twap_execution",
    "order_id": "scenario-013-twap_execution-agent-twap_execution-23",
    "action": "new",
    "side": "buy",
    "price": 64980.493500000004,
    "quantity": 0.005,
    "remaining_quantity": 0.005
  },
  {
    "event_id": "dbc9fd81cf2dd2e26b0d460346c567881c3a9a4ae3e43c4397c30b9827bf27e6",
    "schema_version": "1.0.0",
    "event_type": "agent_order",
    "source": "synthetic_agent",
    "symbol": "BTCUSDT",
    "exchange": "binance_usdm",
    "timestamp": "2024-05-01T00:00:24Z",
    "sequence": 24,
    "scenario_id": "scenario-013-twap_execution",
    "agent_id": "agent-twap_execution",
    "order_id": "scenario-013-twap_execution-agent-twap_execution-24",
    "action": "new",
    "side": "buy",
    "price": 64980.493500000004,
    "quantity": 0.005,
    "remaining_quantity": 0.005
  },
  {
    "event_id": "d933017c8cd4cee382b0fea35fc3bb45c75a3fb3e9640853d6b43a90b07139ea",
    "schema_version": "1.0.0",
    "event_type": "agent_order",
    "source": "synthetic_agent",
    "symbol": "BTCUSDT",
    "exchange": "binance_usdm",
    "timestamp": "2024-05-01T00:00:25Z",
    "sequence": 25,
    "scenario_id": "scenario-013-twap_execution",
    "agent_id": "agent-twap_execution",
    "order_id": "scenario-013-twap_execution-agent-twap_execution-25",
    "action": "new",
    "side": "buy",
    "price": 64980.493500000004,
    "quantity": 0.005,
    "remaining_quantity": 0.005
  },
  {
    "event_id": "2110f1160a07c508db7771883014422671599cd43f014c67792a909100972230",
    "schema_version": "1.0.0",
    "event_type": "agent_order",
    "source": "synthetic_agent",
    "symbol": "BTCUSDT",
    "exchange": "binance_usdm",
    "timestamp": "2024-05-01T00:00:26Z",
    "sequence": 26,
    "scenario_id": "scenario-013-twap_execution",
    "agent_id": "agent-twap_execution",
    "order_id": "scenario-013-twap_execution-agent-twap_execution-26",
    "action": "new",
    "side": "buy",
    "price": 64980.493500000004,
    "quantity": 0.005,
    "remaining_quantity": 0.005
  },
  {
    "event_id": "b3a2d478f9481769cfbbf692778a4609ddf45dd5cb807f9194e38b3799de35a8",
    "schema_version": "1.0.0",
    "event_type": "agent_order",
    "source": "synthetic_agent",
    "symbol": "BTCUSDT",
    "exchange": "binance_usdm",
    "timestamp": "2024-05-01T00:00:27Z",
    "sequence": 27,
    "scenario_id": "scenario-013-twap_execution",
    "agent_id": "agent-twap_execution",
    "order_id": "scenario-013-twap_execution-agent-twap_execution-27",
    "action": "new",
    "side": "buy",
    "price": 64980.493500000004,
    "quantity": 0.005,
    "remaining_quantity": 0.005
  },
  {
    "event_id": "12ed3d70335c4c714797017a55c59c7edcdcaabfa362b9301e8761a703517bcd",
    "schema_version": "1.0.0",
    "event_type": "agent_order",
    "source": "synthetic_agent",
    "symbol": "BTCUSDT",
    "exchange": "binance_usdm",
    "timestamp": "2024-05-01T00:00:28Z",
    "sequence": 28,
    "scenario_id": "scenario-013-twap_execution",
    "agent_id": "agent-twap_execution",
    "order_id": "scenario-013-twap_execution-agent-twap_execution-28",
    "action": "new",
    "side": "buy",
    "price": 64980.493500000004,
    "quantity": 0.005,
    "remaining_quantity": 0.005
  },
  {
    "event_id": "4f29fc7e92f4562d545ab06a3988b17e08fa0ea169d0e09b071569787466354f",
    "schema_version": "1.0.0",
    "event_type": "agent_order",
    "source": "synthetic_agent",
    "symbol": "BTCUSDT",
    "exchange": "binance_usdm",
    "timestamp": "2024-05-01T00:00:29Z",
    "sequence": 29,
    "scenario_id": "scenario-013-twap_execution",
    "agent_id": "agent-twap_execution",
    "order_id": "scenario-013-twap_execution-agent-twap_execution-29",
    "action": "new",
    "side": "buy",
    "price": 64980.493500000004,
    "quantity": 0.005,
    "remaining_quantity": 0.005
  }
]