[
  {
    "event_id": "18a67e41b99f709ef3e88972a80a9f1f56abcedd4315c3f1dab04e89aa8e9872",
    "schema_version": "1.0.0",
    "event_type": "agent_order",
    "source": "synthetic_agent",
    "symbol": "BTCUSDT",
    "exchange": "binance_usdm",
    "timestamp": "2024-05-01T00:00:00Z",
    "sequence": 0,
    "scenario_id": "scenario-155-volatility_feedback",
    "agent_id": "agent-volatility_feedback",
    "order_id": "scenario-155-volatility_feedback-agent-volatility_feedback-0",
    "action": "new",
    "side": "buy",
    "price": 65220.15499999999,
    "quantity": 0.02,
    "remaining_quantity": 0.02
  },
  {
    "event_id": "a19f2ea00d96444d205926acf2c0dcaa79646fb41c70b93bbf75d66572703402",
    "schema_version": "1.0.0",
    "event_type": "agent_order",
    "source": "synthetic_agent",
    "symbol": "BTCUSDT",
    "exchange": "binance_usdm",
    "timestamp": "2024-05-01T00:00:00.020000Z",
    "sequence": 1,
    "scenario_id": "scenario-155-volatility_feedback",
    "agent_id": "agent-volatility_feedback",
    "order_id": "scenario-155-volatility_feedback-agent-volatility_feedback-1",
    "action": "new",
    "side": "sell",
    "price": 65088.5419,
    "quantity": 0.03,
    "remaining_quantity": 0.03
  },
  {
    "event_id": "69985a386bd0bc0638c6494b1684d0b5c32eedd39654abad7106dd1d47cefab8",
    "schema_version": "1.0.0",
    "event_type": "agent_order",
    "source": "synthetic_agent",
    "symbol": "BTCUSDT",
    "exchange": "binance_usdm",
    "timestamp": "2024-05-01T00:00:00.040000Z",
    "sequence": 2,
    "scenario_id": "scenario-155-volatility_feedback",
    "agent_id": "agent-volatility_feedback",
    "order_id": "scenario-155-volatility_feedback-agent-volatility_feedback-2",
    "action": "new",
    "side": "buy",
    "price": 65222.76119999999,
    "quantity": 0.04,
    "remaining_quantity": 0.04
  },
  {
    "event_id": "5a0b36906a83bcb55a04856458931ce0f907ded9861a77a92d4adb2d956e5bd5",
    "schema_version": "1.0.0",
    "event_type": "agent_order",
    "source": "synthetic_agent",
    "symbol": "BTCUSDT",
    "exchange": "binance_usdm",
    "timestamp": "2024-05-01T00:00:00.060000Z",
    "sequence": 3,
    "scenario_id": "scenario-155-volatility_feedback",
    "agent_id": "agent-volatility_feedback",
    "order_id": "scenario-155-volatility_feedback-agent-volatility_feedback-3",
    "action": "new",
    "side": "sell",
    "price": 65085.9357,
    "quantity": 0.05,
    "remaining_quantity": 0.05
  },
  {
    "event_id": "b9ced7d2bff2c4c55c91eb233d832decf9e5244a223c8d015978e2b43f295b0a",
    "schema_version": "1.0.0",
    "event_type": "agent_order",
    "source": "synthetic_agent",
    "symbol": "BTCUSDT",
    "exchange": "binance_usdm",
    "timestamp": "2024-05-01T00:00:00.080000Z",
    "sequence": 4,
    "scenario_id": "scenario-155-volatility_feedback",
    "agent_id": "agent-volatility_feedback",
    "order_id": "scenario-155-volatility_feedback-agent-volatility_feedback-4",
    "action": "new",
    "side": "buy",
    "price": 65225.367399999996,
    "quantity": 0.02,
    "remaining_quantity": 0.02
  },
  {
    "event_id": "78e920f3bc5cad3823777bb1e87dd9726fe83359562d5632b1e8bf93eccaf432",
    "schema_version": "1.0.0",
    "event_type": "agent_order",
    "source": "synthetic_agent",
    "symbol": "BTCUSDT",
    "exchange": "binance_usdm",
    "timestamp": "2024-05-01T00:00:00.100000Z",
    "sequence": 5,
    "scenario_id": "scenario-155-volatility_feedback",
    "agent_id": "agent-volatility_feedback",
    "order_id": "scenario-155-volatility_feedback-agent-volatility_feedback-5",
    "action": "new",
    "side": "sell",
    "price": 65083.3295,
    "quantity": 0.03,
    "remaining_quantity": 0.03
  },
  {
    "event_id": "301262b81edc33b56620d21ce95343248ee73598fcde87f56cf66fa86a79ebe1",
    "schema_version": "1.0.0",
    "event_type": "agent_order",
    "source": "synthetic_agent",
    "symbol": "BTCUSDT",
    "exchange": "binance_usdm",
    "timestamp": "2024-05-01T00:00:00.120000Z",
    "sequence": 6,
    "scenario_id": "scenario-155-volatility_feedback",
    "agent_id": "agent-volatility_feedback",
    "order_id": "scenario-155-volatility_feedback-agent-volatility_feedback-6",
    "action": "new",
    "side": "buy",
    "price": 65227.9736,
    "quantity": 0.04,
    "remaining_quantity": 0.04
  },
  {
    "event_id": "f9d3fb1335f1451ff421e998a8e6306262217bd72c2f73709579792ee3084bd1",
    "schema_version": "1.0.0",
    "event_type": "agent_order",
    "source": "synthetic_agent",
    "symbol": "BTCUSDT",
    "exchange": "binance_usdm",
    "timestamp": "2024-05-01T00:00:00.140000Z",
    "sequence": 7,
    "scenario_id": "scenario-155-volatility_feedback",
    "agent_id": "agent-volatility_feedback",
    "order_id": "scenario-155-volatility_feedback-agent-volatility_feedback-7",
    "action": "new",
    "side": "sell",
    "price": 65080.7233,
    "quantity": 0.05,
    "remaining_quantity": 0.05
  },
  {
    "event_id": "cf640364a20e56ea671a3a0e2cc36b38aa1e9738978a4bcb0f235582e2aa8b24",
    "schema_version": "1.0.0",
    "event_type": "agent_order",
    "source": "synthetic_agent",
    "symbol": "BTCUSDT",
    "exchange": "binance_usdm",
    "timestamp": "2024-05-01T00:00:00.160000Z",
    "sequence": 8,
    "scenario_id": "scenario-155-volatility_feedback",
    "agent_id": "agent-volatility_feedback",
    "order_id": "scenario-155-volatility_feedback-agent-volatility_feedback-8",
    "action": "new",
    "side": "buy",
    "price": 65230.57980000001,
    "quantity": 0.02,
    "remaining_quantity": 0.02
  },
  {
    "event_id": "a5016f1d80988f5ec52d586b7f093a602dedc7975fcb155b464794b328ddb2ff",
    "schema_version": "1.0.0",
    "event_type": "agent_order",
    "source": "synthetic_agent",
    "symbol": "BTCUSDT",
    "exchange": "binance_usdm",
    "timestamp": "2024-05-01T00:00:00.180000Z",
    "sequence": 9,
    "scenario_id": "scenario-155-volatility_feedback",
    "agent_id": "agent-volatility_feedback",
    "order_id": "scenario-155-volatility_feedback-agent-volatility_feedback-9",
    "action": "new",
    "side": "sell",
    "price": 65078.1171,
    "quantity": 0.03,
    "remaining_quantity": 0.03
  },
  {
    "event_id": "499a80ebabc4fad1221bf46fd7fc179ef434a4a9510bd1b12788a292f4bd0afc",
    "schema_version": "1.0.0",
    "event_type": "agent_order",
    "source": "synthetic_agent",
    "symbol": "BTCUSDT",
    "exchange": "binance_usdm",
    "timestamp": "2024-05-01T00:00:00.200000Z",
    "sequence": 10,
    "scenario_id": "scenario-155-volatility_feedback",
    "agent_id": "agent-volatility_feedback",
    "order_id": "scenario-155-volatility_feedback-agent-volatility_feedback-10",
    "action": "new",
    "side": "buy",
    "price": 65233.18600000001,
    "quantity": 0.04,
    "remaining_quantity": 0.04
  },
  {
    "event_id": "829eacac09aa1ed2d1a24d30204b4cb41fd773be78b83c99e4ef9c607cfb4e55",
    "schema_version": "1.0.0",
    "event_type": "agent_order",
    "source": "synthetic_agent",
    "symbol": "BTCUSDT",
    "exchange": "binance_usdm",
    "timestamp": "2024-05-01T00:00:00.220000Z",
    "sequence": 11,
    "scenario_id": "scenario-155-volatility_feedback",
    "agent_id": "agent-volatility_feedback",
    "order_id": "scenario-155-volatility_feedback-agent-volatility_feedback-11",
    "action": "new",
    "side": "sell",
    "price": 65075.5109,
    "quantity": 0.05,
    "remaining_quantity": 0.05
  },
  {
    "event_id": "1bb141d55d4d36f1648e9f21e4e25df23a1f98fbfe3a30d48e872342018cc087",
    "schema_version": "1.0.0",
    "event_type": "agent_order",
    "source": "synthetic_agent",
    "symbol": "BTCUSDT",
    "exchange": "binance_usdm",
    "timestamp": "2024-05-01T00:00:00.240000Z",
    "sequence": 12,
    "scenario_id": "scenario-155-volatility_feedback",
    "agent_id": "agent-volatility_feedback",
    "order_id": "scenario-155-volatility_feedback-agent-volatility_feedback-12",
    "action": "new",
    "side": "buy",
    "price": 65235.792199999996,
    "quantity": 0.02,
    "remaining_quantity": 0.02
  },
  {
    "event_id": "3c46e9930264afecce95a91b8995c795e39c6f082d3f668d4c32502e3f503ee1",
    "schema_version": "1.0.0",
    "event_type": "agent_order",
    "source": "synthetic_agent",
    "symbol": "BTCUSDT",
    "exchange": "binance_usdm",
    "timestamp": "2024-05-01T00:00:00.260000Z",
    "sequence": 13,
    "scenario_id": "scenario-155-volatility_feedback",
    "agent_id": "agent-volatility_feedback",
    "order_id": "scenario-155-volatility_feedback-agent-volatility_feedback-13",
    "action": "new",
    "side": "sell",
    "price": 65072.9047,
    "quantity": 0.03,
    "remaining_quantity": 0.03
  },
  {
    "event_id": "238b6eb1fe7fcba9af45d572508f1c114e1c45514720be874efd9377a0ceb36b",
    "schema_version": "1.0.0",
    "event_type": "agent_order",
    "source": "synthetic_agent",
    "symbol": "BTCUSDT",
    "exchange": "binance_usdm",
    "timestamp": "2024-05-01T00:00:00.280000Z",
    "sequence": 14,
    "scenario_id": "scenario-155-volatility_feedback",
    "agent_id": "agent-volatility_feedback",
    "order_id": "scenario-155-volatility_feedback-agent-volatility_feedback-14",
    "action": "new",
    "side": "buy",
    "price": 65238.3984,
    "quantity": 0.04,
    "remaining_quantity": 0.04
  },
  {
    "event_id": "a5969f89bd6f0fe66e0bf23cad6dd59d125d84e4f826336c6242d1dad9ec4bbc",
    "schema_version": "1.0.0",
    "event_type": "agent_order",
    "source": "synthetic_agent",
    "symbol": "BTCUSDT",
    "exchange": "binance_usdm",
    "timestamp": "2024-05-01T00:00:00.300000Z",
    "sequence": 15,
    "scenario_id": "scenario-155-volatility_feedback",
    "agent_id": "agent-volatility_feedback",
    "order_id": "scenario-155-volatility_feedback-agent-volatility_feedback-15",
    "action": "new",
    "side": "sell",
    "price": 65070.298500000004,
    "quantity": 0.05,
    "remaining_quantity": 0.05
  },
  {
    "event_id": "dda6a07dec92fc0f9c6fd27107970b8f3c4d8aa27b87e82161df7ceaa45a4816",
    "schema_version": "1.0.0",
    "event_type": "agent_order",
    "source": "synthetic_agent",
    "symbol": "BTCUSDT",
    "exchange": "binance_usdm",
    "timestamp": "2024-05-01T00:00:00.320000Z",
    "sequence": 16,
    "scenario_id": "scenario-155-volatility_feedback",
    "agent_id": "agent-volatility_feedback",
    "order_id": "scenario-155-volatility_feedback-agent-volatility_feedback-16",
    "action": "new",
    "side": "buy",
    "price": 65241.0046,
    "quantity": 0.02,
    "remaining_quantity": 0.02
  },
  {
    "event_id": "432a99c8f30c9f726fcdd3d48e728f25a69388913458942e2e87ca84f72ced71",
    "schema_version": "1.0.0",
    "event_type": "agent_order",
    "source": "synthetic_agent",
    "symbol": "BTCUSDT",
    "exchange": "binance_usdm",
    "timestamp": "2024-05-01T00:00:00.340000Z",
    "sequence": 17,
    "scenario_id": "scenario-155-volatility_feedback",
    "agent_id": "agent-volatility_feedback",
    "order_id": "scenario-155-volatility_feedback-agent-volatility_feedback-17",
    "action": "new",
    "side": "sell",
    "price": 65067.6923,
    "quantity": 0.03,
    "remaining_quantity": 0.03
  },
  {
    "event_id": "bae3cecb74608c0bd7281fc681382c3fbd4e1feb589f9dc37b5e71304fb381a8",
    "schema_version": "1.0.0",
    "event_type": "agent_order",
    "source": "synthetic_agent",
    "symbol": "BTCUSDT",
    "exchange": "binance_usdm",
    "timestamp": "2024-05-01T00:00:00.360000Z",
    "sequence": 18,
    "scenario_id": "scenario-155-volatility_feedback",
    "agent_id": "agent-volatility_feedback",
    "order_id": "scenario-155-volatility_feedback-agent-volatility_feedback-18",
    "action": "new",
    "side": "buy",
    "price": 65243.6108,
    "quantity": 0.04,
    "remaining_quantity": 0.04
  },
  {
    "event_id": "cfd3e4e69b892042e34d4610f050d2dc1b582fffaa0ccfa44d9533e1215455c1",
    "schema_version": "1.0.0",
    "event_type": "agent_order",
    "source": "synthetic_agent",
    "symbol": "BTCUSDT",
    "exchange": "binance_usdm",
    "timestamp": "2024-05-01T00:00:00.380000Z",
    "sequence": 19,
    "scenario_id": "scenario-155-volatility_feedback",
    "agent_id": "agent-volatility_feedback",
    "order_id": "scenario-155-volatility_feedback-agent-volatility_feedback-19",
    "action": "new",
    "side": "sell",
    "price": 65065.0861,
    "quantity": 0.05,
    "remaining_quantity": 0.05
  },
  {
    "event_id": "af27be728213669efdfc91e575628fecfcffc5f2fd25d7de6f8f8f30bf9ed5fc",
    "schema_version": "1.0.0",
    "event_type": "agent_order",
    "source": "synthetic_agent",
    "symbol": "BTCUSDT",
    "exchange": "binance_usdm",
    "timestamp": "2024-05-01T00:00:00.400000Z",
    "sequence": 20,
    "scenario_id": "scenario-155-volatility_feedback",
    "agent_id": "agent-volatility_feedback",
    "order_id": "scenario-155-volatility_feedback-agent-volatility_feedback-20",
    "action": "new",
    "side": "buy",
    "price": 65246.217000000004,
    "quantity": 0.02,
    "remaining_quantity": 0.02
  },
  {
    "event_id": "4c9f211e935e3752366ad4e4f2613b82cf7dac2279c8d9d4e725df6e54b1c2e9",
    "schema_version": "1.0.0",
    "event_type": "agent_order",
    "source": "synthetic_agent",
    "symbol": "BTCUSDT",
    "exchange": "binance_usdm",
    "timestamp": "2024-05-01T00:00:00.420000Z",
    "sequence": 21,
    "scenario_id": "scenario-155-volatility_feedback",
    "agent_id": "agent-volatility_feedback",
    "order_id": "scenario-155-volatility_feedback-agent-volatility_feedback-21",
    "action": "new",
    "side": "sell",
    "price": 65062.4799,
    "quantity": 0.03,
    "remaining_quantity": 0.03
  },
  {
    "event_id": "3cdcc0c86547713088f1d7478dbefed2e79a4a7b513f8ed9e4b2def9a83aae1c",
    "schema_version": "1.0.0",
    "event_type": "agent_order",
    "source": "synthetic_agent",
    "symbol": "BTCUSDT",
    "exchange": "binance_usdm",
    "timestamp": "2024-05-01T00:00:00.440000Z",
    "sequence": 22,
    "scenario_id": "scenario-155-volatility_feedback",
    "agent_id": "agent-volatility_feedback",
    "order_id": "scenario-155-volatility_feedback-agent-volatility_feedback-22",
    "action": "new",
    "side": "buy",
    "price": 65248.823200000006,
    "quantity": 0.04,
    "remaining_quantity": 0.04
  },
  {
    "event_id": "ca1c1ce5b3a2100f2474033c03441ae34cd2f0fd22b19b81bff42ab6618b4249",
    "schema_version": "1.0.0",
    "event_type": "agent_order",
    "source": "synthetic_agent",
    "symbol": "BTCUSDT",
    "exchange": "binance_usdm",
    "timestamp": "2024-05-01T00:00:00.460000Z",
    "sequence": 23,
    "scenario_id": "scenario-155-volatility_feedback",
    "agent_id": "agent-volatility_feedback",
    "order_id": "scenario-155-volatility_feedback-agent-volatility_feedback-23",
    "action": "new",
    "side": "sell",
    "price": 65059.8737,
    "quantity": 0.05,
    "remaining_quantity": 0.05
  },
  {
    "event_id": "05788f664753e98e02b66b88aa7e21cd67259773536113a5844777384e12fe78",
    "schema_version": "1.0.0",
    "event_type": "agent_order",
    "source": "synthetic_agent",
    "symbol": "BTCUSDT",
    "exchange": "binance_usdm",
    "timestamp": "2024-05-01T00:00:00.480000Z",
    "sequence": 24,
    "scenario_id": "scenario-155-volatility_feedback",
    "agent_id": "agent-volatility_feedback",
    "order_id": "scenario-155-volatility_feedback-agent-volatility_feedback-24",
    "action": "new",
    "side": "buy",
    "price": 65251.42939999999,
    "quantity": 0.02,
    "remaining_quantity": 0.02
  },
  {
    "event_id": "6284510c524e4636e0b5747cf0bc6d5fbfa5d6f71bc8f238182c49a8c5de99fb",
    "schema_version": "1.0.0",
    "event_type": "agent_order",
    "source": "synthetic_agent",
    "symbol": "BTCUSDT",
    "exchange": "binance_usdm",
    "timestamp": "2024-05-01T00:00:00.500000Z",
    "sequence": 25,
    "scenario_id": "scenario-155-volatility_feedback",
    "agent_id": "agent-volatility_feedback",
    "order_id": "scenario-155-volatility_feedback-agent-volatility_feedback-25",
    "action": "new",
    "side": "sell",
    "price": 65057.2675,
    "quantity": 0.03,
    "remaining_quantity": 0.03
  },
  {
    "event_id": "0a7c0960e6096b4af41fbb5b378357a9fa0a6f5b9a0dd8aeb37c3938765ce079",
    "schema_version": "1.0.0",
    "event_type": "agent_order",
    "source": "synthetic_agent",
    "symbol": "BTCUSDT",
    "exchange": "binance_usdm",
    "timestamp": "2024-05-01T00:00:00.520000Z",
    "sequence": 26,
    "scenario_id": "scenario-155-volatility_feedback",
    "agent_id": "agent-volatility_feedback",
    "order_id": "scenario-155-volatility_feedback-agent-volatility_feedback-26",
    "action": "new",
    "side": "buy",
    "price": 65254.035599999996,
    "quantity": 0.04,
    "remaining_quantity": 0.04
  },
  {
    "event_id": "c467f1648a0e038d17685e14350c55e202e1e4f3bf51611092ce6e88427de539",
    "schema_version": "1.0.0",
    "event_type": "agent_order",
    "source": "synthetic_agent",
    "symbol": "BTCUSDT",
    "exchange": "binance_usdm",
    "timestamp": "2024-05-01T00:00:00.540000Z",
    "sequence": 27,
    "scenario_id": "scenario-155-volatility_feedback",
    "agent_id": "agent-volatility_feedback",
    "order_id": "scenario-155-volatility_feedback-agent-volatility_feedback-27",
    "action": "new",
    "side": "sell",
    "price": 65054.6613,
    "quantity": 0.05,
    "remaining_quantity": 0.05
  },
  {
    "event_id": "d438f557b1b8182cb7a876bf803594be6fb7793e31892e188952ceb0a2861305",
    "schema_version": "1.0.0",
    "event_type": "agent_order",
    "source": "synthetic_agent",
    "symbol": "BTCUSDT",
    "exchange": "binance_usdm",
    "timestamp": "2024-05-01T00:00:00.560000Z",
    "sequence": 28,
    "scenario_id": "scenario-155-volatility_feedback",
    "agent_id": "agent-volatility_feedback",
    "order_id": "scenario-155-volatility_feedback-agent-volatility_feedback-28",
    "action": "new",
    "side": "buy",
    "price": 65256.6418,
    "quantity": 0.02,
    "remaining_quantity": 0.02
  },
  {
    "event_id": "de3d84f2f32c629a0d788a4557b3152fc189b0a94d77836ccd655fe62c51f8ae",
    "schema_version": "1.0.0",
    "event_type": "agent_order",
    "source": "synthetic_agent",
    "symbol": "BTCUSDT",
    "exchange": "binance_usdm",
    "timestamp": "2024-05-01T00:00:00.580000Z",
    "sequence": 29,
    "scenario_id": "scenario-155-volatility_feedback",
    "agent_id": "agent-volatility_feedback",
    "order_id": "scenario-155-volatility_feedback-agent-volatility_feedback-29",
    "action": "new",
    "side": "sell",
    "price": 65052.0551,
    "quantity": 0.03,
    "remaining_quantity": 0.03
  }
]