[
  {
    "event_id": "46121e17a32a2a2bfd2a17ef8b72a04d44549b621a81cb82daa0850461616703",
    "schema_version": "1.0.0",
    "event_type": "agent_order",
    "source": "synthetic_agent",
    "symbol": "BTCUSDT",
    "exchange": "binance_usdm",
    "timestamp": "2024-05-01T00:00:00Z",
    "sequence": 0,
    "scenario_id": "scenario-083-volatility_feedback",
    "agent_id": "agent-volatility_feedback",
    "order_id": "scenario-083-volatility_feedback-agent-volatility_feedback-0",
    "action": "new",
    "side": "buy",
    "price": 65148.08299999999,
    "quantity": 0.02,
    "remaining_quantity": 0.02
  },
  {
    "event_id": "b193c980bf707f198fa95f0fc83b793af5f31819d209266145251548b82fffcb",
    "schema_version": "1.0.0",
    "event_type": "agent_order",
    "source": "synthetic_agent",
    "symbol": "BTCUSDT",
    "exchange": "binance_usdm",
    "timestamp": "2024-05-01T00:00:00.020000Z",
    "sequence": 1,
    "scenario_id": "scenario-083-volatility_feedback",
    "agent_id": "agent-volatility_feedback",
    "order_id": "scenario-083-volatility_feedback-agent-volatility_feedback-1",
    "action": "new",
    "side": "sell",
    "price": 65016.61534,
    "quantity": 0.03,
    "remaining_quantity": 0.03
  },
  {
    "event_id": "051e14addb57717a293895d55f956ab7db6f6a9a5064b196b031182c36f78cca",
    "schema_version": "1.0.0",
    "event_type": "agent_order",
    "source": "synthetic_agent",
    "symbol": "BTCUSDT",
    "exchange": "binance_usdm",
    "timestamp": "2024-05-01T00:00:00.040000Z",
    "sequence": 2,
    "scenario_id": "scenario-083-volatility_feedback",
    "agent_id": "agent-volatility_feedback",
    "order_id": "scenario-083-volatility_feedback-agent-volatility_feedback-2",
    "action": "new",
    "side": "buy",
    "price": 65150.68631999999,
    "quantity": 0.04,
    "remaining_quantity": 0.04
  },
  {
    "event_id": "2602d360ab6bf4df8ce58789d60857225306c95aef8d4f04f7f69d7da99c2941",
    "schema_version": "1.0.0",
    "event_type": "agent_order",
    "source": "synthetic_agent",
    "symbol": "BTCUSDT",
    "exchange": "binance_usdm",
    "timestamp": "2024-05-01T00:00:00.060000Z",
    "sequence": 3,
    "scenario_id": "scenario-083-volatility_feedback",
    "agent_id": "agent-volatility_feedback",
    "order_id": "scenario-083-volatility_feedback-agent-volatility_feedback-3",
    "action": "new",
    "side": "sell",
    "price": 65014.01202,
    "quantity": 0.05,
    "remaining_quantity": 0.05
  },
  {
    "event_id": "c777c0086b23f8aefb0e0732e728d780cb642bc20f238a9e4364effb85cfd987",
    "schema_version": "1.0.0",
    "event_type": "agent_order",
    "source": "synthetic_agent",
    "symbol": "BTCUSDT",
    "exchange": "binance_usdm",
    "timestamp": "2024-05-01T00:00:00.080000Z",
    "sequence": 4,
    "scenario_id": "scenario-083-volatility_feedback",
    "agent_id": "agent-volatility_feedback",
    "order_id": "scenario-083-volatility_feedback-agent-volatility_feedback-4",
    "action": "new",
    "side": "buy",
    "price": 65153.289639999995,
    "quantity": 0.02,
    "remaining_quantity": 0.02
  },
  {
    "event_id": "47ce558a28f8ca503ba0861cea4ca52c837d47c5c60f21fc6eccc9adb084b9d9",
    "schema_version": "1.0.0",
    "event_type": "agent_order",
    "source": "synthetic_agent",
    "symbol": "BTCUSDT",
    "exchange": "binance_usdm",
    "timestamp": "2024-05-01T00:00:00.100000Z",
    "sequence": 5,
    "scenario_id": "scenario-083-volatility_feedback",
    "agent_id": "agent-volatility_feedback",
    "order_id": "scenario-083-volatility_feedback-agent-volatility_feedback-5",
    "action": "new",
    "side": "sell",
    "price": 65011.4087,
    "quantity": 0.03,
    "remaining_quantity": 0.03
  },
  {
    "event_id": "9075497fc8e2abe1f2f10729cdb765067a5cc762e6123fdf527530db10679970",
    "schema_version": "1.0.0",
    "event_type": "agent_order",
    "source": "synthetic_agent",
    "symbol": "BTCUSDT",
    "exchange": "binance_usdm",
    "timestamp": "2024-05-01T00:00:00.120000Z",
    "sequence": 6,
    "scenario_id": "scenario-083-volatility_feedback",
    "agent_id": "agent-volatility_feedback",
    "order_id": "scenario-083-volatility_feedback-agent-volatility_feedback-6",
    "action": "new",
    "side": "buy",
    "price": 65155.89296,
    "quantity": 0.04,
    "remaining_quantity": 0.04
  },
  {
    "event_id": "aa888a880480f3ee05b3e94df34f2e81721a0842b6f617d035d373bdd724fd69",
    "schema_version": "1.0.0",
    "event_type": "agent_order",
    "source": "synthetic_agent",
    "symbol": "BTCUSDT",
    "exchange": "binance_usdm",
    "timestamp": "2024-05-01T00:00:00.140000Z",
    "sequence": 7,
    "scenario_id": "scenario-083-volatility_feedback",
    "agent_id": "agent-volatility_feedback",
    "order_id": "scenario-083-volatility_feedback-agent-volatility_feedback-7",
    "action": "new",
    "side": "sell",
    "price": 65008.80538,
    "quantity": 0.05,
    "remaining_quantity": 0.05
  },
  {
    "event_id": "a605830c76f401b61116609f1217982009744050478f8af6abd9bbdd78574921",
    "schema_version": "1.0.0",
    "event_type": "agent_order",
    "source": "synthetic_agent",
    "symbol": "BTCUSDT",
    "exchange": "binance_usdm",
    "timestamp": "2024-05-01T00:00:00.160000Z",
    "sequence": 8,
    "scenario_id": "scenario-083-volatility_feedback",
    "agent_id": "agent-volatility_feedback",
    "order_id": "scenario-083-volatility_feedback-agent-volatility_feedback-8",
    "action": "new",
    "side": "buy",
    "price": 65158.49628000001,
    "quantity": 0.02,
    "remaining_quantity": 0.02
  },
  {
    "event_id": "e25c7ae927fc00e8b2ac0106f85806046cb6c22946b6de65fe72a770f9285c29",
    "schema_version": "1.0.0",
    "event_type": "agent_order",
    "source": "synthetic_agent",
    "symbol": "BTCUSDT",
    "exchange": "binance_usdm",
    "timestamp": "2024-05-01T00:00:00.180000Z",
    "sequence": 9,
    "scenario_id": "scenario-083-volatility_feedback",
    "agent_id": "agent-volatility_feedback",
    "order_id": "scenario-083-volatility_feedback-agent-volatility_feedback-9",
    "action": "new",
    "side": "sell",
    "price": 65006.20206,
    "quantity": 0.03,
    "remaining_quantity": 0.03
  },
  {
    "event_id": "138b30426ed91271e8a5c48a787f4bbaa0491480f3a3e98e68bcd63206584d22",
    "schema_version": "1.0.0",
    "event_type": "agent_order",
    "source": "synthetic_agent",
    "symbol": "BTCUSDT",
    "exchange": "binance_usdm",
    "timestamp": "2024-05-01T00:00:00.200000Z",
    "sequence": 10,
    "scenario_id": "scenario-083-volatility_feedback",
    "agent_id": "agent-volatility_feedback",
    "order_id": "scenario-083-volatility_feedback-agent-volatility_feedback-10",
    "action": "new",
    "side": "buy",
    "price": 65161.09960000001,
    "quantity": 0.04,
    "remaining_quantity": 0.04
  },
  {
    "event_id": "9300c60a7cc9dabc0e7780e5a4be33a3d940be002414af7d4db85ddf1656f8c8",
    "schema_version": "1.0.0",
    "event_type": "agent_order",
    "source": "synthetic_agent",
    "symbol": "BTCUSDT",
    "exchange": "binance_usdm",
    "timestamp": "2024-05-01T00:00:00.220000Z",
    "sequence": 11,
    "scenario_id": "scenario-083-volatility_feedback",
    "agent_id": "agent-volatility_feedback",
    "order_id": "scenario-083-volatility_feedback-agent-volatility_feedback-11",
    "action": "new",
    "side": "sell",
    "price": 65003.59874,
    "quantity": 0.05,
    "remaining_quantity": 0.05
  },
  {
    "event_id": "bee4f025b8c6039ad5f5d9bf5df6b873cbc7fe8909ee4b845de52ffde68e947c",
    "schema_version": "1.0.0",
    "event_type": "agent_order",
    "source": "synthetic_agent",
    "symbol": "BTCUSDT",
    "exchange": "binance_usdm",
    "timestamp": "2024-05-01T00:00:00.240000Z",
    "sequence": 12,
    "scenario_id": "scenario-083-volatility_feedback",
    "agent_id": "agent-volatility_feedback",
    "order_id": "scenario-083-volatility_feedback-agent-volatility_feedback-12",
    "action": "new",
    "side": "buy",
    "price": 65163.702919999996,
    "quantity": 0.02,
    "remaining_quantity": 0.02
  },
  {
    "event_id": "6019505d4a42224f5f88fbcf018b217df50462d351aa0fc1c51d9401cb2186df",
    "schema_version": "1.0.0",
    "event_type": "agent_order",
    "source": "synthetic_agent",
    "symbol": "BTCUSDT",
    "exchange": "binance_usdm",
    "timestamp": "2024-05-01T00:00:00.260000Z",
    "sequence": 13,
    "scenario_id": "scenario-083-volatility_feedback",
    "agent_id": "agent-volatility_feedback",
    "order_id": "scenario-083-volatility_feedback-agent-volatility_feedback-13",
    "action": "new",
    "side": "sell",
    "price": 65000.99542,
    "quantity": 0.03,
    "remaining_quantity": 0.03
  },
  {
    "event_id": "12e362702f43735a055b7689453ae83fcf9718babb790e0d3b151a678e47be05",
    "schema_version": "1.0.0",
    "event_type": "agent_order",
    "source": "synthetic_agent",
    "symbol": "BTCUSDT",
    "exchange": "binance_usdm",
    "timestamp": "2024-05-01T00:00:00.280000Z",
    "sequence": 14,
    "scenario_id": "scenario-083-volatility_feedback",
    "agent_id": "agent-volatility_feedback",
    "order_id": "scenario-083-volatility_feedback-agent-volatility_feedback-14",
    "action": "new",
    "side": "buy",
    "price": 65166.30624,
    "quantity": 0.04,
    "remaining_quantity": 0.04
  },
  {
    "event_id": "a72538255cd0795e7ab5291dda2fff62d6f7b14fbb98f118596e4b6b477b54f3",
    "schema_version": "1.0.0",
    "event_type": "agent_order",
    "source": "synthetic_agent",
    "symbol": "BTCUSDT",
    "exchange": "binance_usdm",
    "timestamp": "2024-05-01T00:00:00.300000Z",
    "sequence": 15,
    "scenario_id": "scenario-083-volatility_feedback",
    "agent_id": "agent-volatility_feedback",
    "order_id": "scenario-083-volatility_feedback-agent-volatility_feedback-15",
    "action": "new",
    "side": "sell",
    "price": 64998.392100000005,
    "quantity": 0.05,
    "remaining_quantity": 0.05
  },
  {
    "event_id": "6c44cd11cbc883aa81057510a2a2c1d338c995631ca225ae1f884d85a746c65b",
    "schema_version": "1.0.0",
    "event_type": "agent_order",
    "source": "synthetic_agent",
    "symbol": "BTCUSDT",
    "exchange": "binance_usdm",
    "timestamp": "2024-05-01T00:00:00.320000Z",
    "sequence": 16,
    "scenario_id": "scenario-083-volatility_feedback",
    "agent_id": "agent-volatility_feedback",
    "order_id": "scenario-083-volatility_feedback-agent-volatility_feedback-16",
    "action": "new",
    "side": "buy",
    "price": 65168.90956,
    "quantity": 0.02,
    "remaining_quantity": 0.02
  },
  {
    "event_id": "35cb102d7917e938e7ac7bcae1ee300e9da66cfd79cda72114cee3fd49c4c54b",
    "schema_version": "1.0.0",
    "event_type": "agent_order",
    "source": "synthetic_agent",
    "symbol": "BTCUSDT",
    "exchange": "binance_usdm",
    "timestamp": "2024-05-01T00:00:00.340000Z",
    "sequence": 17,
    "scenario_id": "scenario-083-volatility_feedback",
    "agent_id": "agent-volatility_feedback",
    "order_id": "scenario-083-volatility_feedback-agent-volatility_feedback-17",
    "action": "new",
    "side": "sell",
    "price": 64995.78878,
    "quantity": 0.03,
    "remaining_quantity": 0.03
  },
  {
    "event_id": "bbd8be651beeebe214e1f91454b16380baf2cdcecdd9e519a503f662a109bf0b",
    "schema_version": "1.0.0",
    "event_type": "agent_order",
    "source": "synthetic_agent",
    "symbol": "BTCUSDT",
    "exchange": "binance_usdm",
    "timestamp": "2024-05-01T00:00:00.360000Z",
    "sequence": 18,
    "scenario_id": "scenario-083-volatility_feedback",
    "agent_id": "agent-volatility_feedback",
    "order_id": "scenario-083-volatility_feedback-agent-volatility_feedback-18",
    "action": "new",
    "side": "buy",
    "price": 65171.51288,
    "quantity": 0.04,
    "remaining_quantity": 0.04
  },
  {
    "event_id": "1308aede1fc6fcbfff89a69c88c5d70be1d6af6f09e6ae3aba2519a861eb489d",
    "schema_version": "1.0.0",
    "event_type": "agent_order",
    "source": "synthetic_agent",
    "symbol": "BTCUSDT",
    "exchange": "binance_usdm",
    "timestamp": "2024-05-01T00:00:00.380000Z",
    "sequence": 19,
    "scenario_id": "scenario-083-volatility_feedback",
    "agent_id": "agent-volatility_feedback",
    "order_id": "scenario-083-volatility_feedback-agent-volatility_feedback-19",
    "action": "new",
    "side": "sell",
    "price": 64993.18545999999,
    "quantity": 0.05,
    "remaining_quantity": 0.05
  },
  {
    "event_id": "9c2c1a03799fb3a7b406c2a4161332f0ca35c2372a5af16f61c28504d9e25781",
    "schema_version": "1.0.0",
    "event_type": "agent_order",
    "source": "synthetic_agent",
    "symbol": "BTCUSDT",
    "exchange": "binance_usdm",
    "timestamp": "2024-05-01T00:00:00.400000Z",
    "sequence": 20,
    "scenario_id": "scenario-083-volatility_feedback",
    "agent_id": "agent-volatility_feedback",
    "order_id": "scenario-083-volatility_feedback-agent-volatility_feedback-20",
    "action": "new",
    "side": "buy",
    "price": 65174.116200000004,
    "quantity": 0.02,
    "remaining_quantity": 0.02
  },
  {
    "event_id": "a1a35250a1e826926dbc7622ede6160ca42228d7f5e9953aa56318269a28ac60",
    "schema_version": "1.0.0",
    "event_type": "agent_order",
    "source": "synthetic_agent",
    "symbol": "BTCUSDT",
    "exchange": "binance_usdm",
    "timestamp": "2024-05-01T00:00:00.420000Z",
    "sequence": 21,
    "scenario_id": "scenario-083-volatility_feedback",
    "agent_id": "agent-volatility_feedback",
    "order_id": "scenario-083-volatility_feedback-agent-volatility_feedback-21",
    "action": "new",
    "side": "sell",
    "price": 64990.58214,
    "quantity": 0.03,
    "remaining_quantity": 0.03
  },
  {
    "event_id": "7f59c93749dcf0862d6beef4126577ea351b7aeff7adaa8e3b4d9cb875a55b8b",
    "schema_version": "1.0.0",
    "event_type": "agent_order",
    "source": "synthetic_agent",
    "symbol": "BTCUSDT",
    "exchange": "binance_usdm",
    "timestamp": "2024-05-01T00:00:00.440000Z",
    "sequence": 22,
    "scenario_id": "scenario-083-volatility_feedback",
    "agent_id": "agent-volatility_feedback",
    "order_id": "scenario-083-volatility_feedback-agent-volatility_feedback-22",
    "action": "new",
    "side": "buy",
    "price": 65176.719520000006,
    "quantity": 0.04,
    "remaining_quantity": 0.04
  },
  {
    "event_id": "f88350a3a09c48b261e9d7f0a75cd45ce36bf8e987c5ec946274a4a407c327f5",
    "schema_version": "1.0.0",
    "event_type": "agent_order",
    "source": "synthetic_agent",
    "symbol": "BTCUSDT",
    "exchange": "binance_usdm",
    "timestamp": "2024-05-01T00:00:00.460000Z",
    "sequence": 23,
    "scenario_id": "scenario-083-volatility_feedback",
    "agent_id": "agent-volatility_feedback",
    "order_id": "scenario-083-volatility_feedback-agent-volatility_feedback-23",
    "action": "new",
    "side": "sell",
    "price": 64987.97882,
    "quantity": 0.05,
    "remaining_quantity": 0.05
  },
  {
    "event_id": "dc1d9c7d94c161629acc19206a1aa282a2b77d377c805847499e1a0ef0d1a051",
    "schema_version": "1.0.0",
    "event_type": "agent_order",
    "source": "synthetic_agent",
    "symbol": "BTCUSDT",
    "exchange": "binance_usdm",
    "timestamp": "2024-05-01T00:00:00.480000Z",
    "sequence": 24,
    "scenario_id": "scenario-083-volatility_feedback",
    "agent_id": "agent-volatility_feedback",
    "order_id": "scenario-083-volatility_feedback-agent-volatility_feedback-24",
    "action": "new",
    "side": "buy",
    "price": 65179.32283999999,
    "quantity": 0.02,
    "remaining_quantity": 0.02
  },
  {
    "event_id": "70b9aea092c5e3be1dbab7e5fedc0f718a8859bd411bc8a1afba109602d10106",
    "schema_version": "1.0.0",
    "event_type": "agent_order",
    "source": "synthetic_agent",
    "symbol": "BTCUSDT",
    "exchange": "binance_usdm",
    "timestamp": "2024-05-01T00:00:00.500000Z",
    "sequence": 25,
    "scenario_id": "scenario-083-volatility_feedback",
    "agent_id": "agent-volatility_feedback",
    "order_id": "scenario-083-volatility_feedback-agent-volatility_feedback-25",
    "action": "new",
    "side": "sell",
    "price": 64985.3755,
    "quantity": 0.03,
    "remaining_quantity": 0.03
  },
  {
    "event_id": "81e3e09542b2d0ea713935524e6842ed7d9d4096c16c01beba6a4b592480faea",
    "schema_version": "1.0.0",
    "event_type": "agent_order",
    "source": "synthetic_agent",
    "symbol": "BTCUSDT",
    "exchange": "binance_usdm",
    "timestamp": "2024-05-01T00:00:00.520000Z",
    "sequence": 26,
    "scenario_id": "scenario-083-volatility_feedback",
    "agent_id": "agent-volatility_feedback",
    "order_id": "scenario-083-volatility_feedback-agent-volatility_feedback-26",
    "action": "new",
    "side": "buy",
    "price": 65181.926159999995,
    "quantity": 0.04,
    "remaining_quantity": 0.04
  },
  {
    "event_id": "c7a51247cffff7c6399ee40181c22e99debdbce72902efb581b620e8be4adab7",
    "schema_version": "1.0.0",
    "event_type": "agent_order",
    "source": "synthetic_agent",
    "symbol": "BTCUSDT",
    "exchange": "binance_usdm",
    "timestamp": "2024-05-01T00:00:00.540000Z",
    "sequence": 27,
    "scenario_id": "scenario-083-volatility_feedback",
    "agent_id": "agent-volatility_feedback",
    "order_id": "scenario-083-volatility_feedback-agent-volatility_feedback-27",
    "action": "new",
    "side": "sell",
    "price": 64982.77218,
    "quantity": 0.05,
    "remaining_quantity": 0.05
  },
  {
    "event_id": "3d8b94c787fbcfc160590308c02b784e5ed85e19c36dfe4c8d98c34363802737",
    "schema_version": "1.0.0",
    "event_type": "agent_order",
    "source": "synthetic_agent",
    "symbol": "BTCUSDT",
    "exchange": "binance_usdm",
    "timestamp": "2024-05-01T00:00:00.560000Z",
    "sequence": 28,
    "scenario_id": "scenario-083-volatility_feedback",
    "agent_id": "agent-volatility_feedback",
    "order_id": "scenario-083-volatility_feedback-agent-volatility_feedback-28",
    "action": "new",
    "side": "buy",
    "price": 65184.52948,
    "quantity": 0.02,
    "remaining_quantity": 0.02
  },
  {
    "event_id": "2ec7a10b9ee109c444e009851274c8c8c1a208a418145ccfc4cb2a65a2a812b9",
    "schema_version": "1.0.0",
    "event_type": "agent_order",
    "source": "synthetic_agent",
    "symbol": "BTCUSDT",
    "exchange": "binance_usdm",
    "timestamp": "2024-05-01T00:00:00.580000Z",
    "sequence": 29,
    "scenario_id": "scenario-083-volatility_feedback",
    "agent_id": "agent-volatility_feedback",
    "order_id": "scenario-083-volatility_feedback-agent-volatility_feedback-29",
    "action": "new",
    "side": "sell",
    "price": 64980.16886,
    "quantity": 0.03,
    "remaining_quantity": 0.03
  }
]