[
  {
    "event_id": "b5b9bb8ecd46ca146018c30ab0ce25e9cc479a514ad09b3566348a59f481d655",
    "schema_version": "1.0.0",
    "event_type": "agent_order",
    "source": "synthetic_agent",
    "symbol": "BTCUSDT",
    "exchange": "binance_usdm",
    "timestamp": "2024-05-01T00:00:00Z",
    "sequence": 0,
    "scenario_id": "scenario-069-stop_run_sweep",
    "agent_id": "agent-stop_run_sweep",
    "order_id": "scenario-069-stop_run_sweep-agent-stop_run_sweep-0",
    "action": "new",
    "side": "buy",
    "price": 65134.068999999996,
    "quantity": 0.06,
    "remaining_quantity": 0.06
  },
  {
    "event_id": "9b2ee2083ebd84e5893def356d3fe181208b7e5907ffb5959cc3b602f16f27af",
    "schema_version": "1.0.0",
    "event_type": "agent_order",
    "source": "synthetic_agent",
    "symbol": "BTCUSDT",
    "exchange": "binance_usdm",
    "timestamp": "2024-05-01T00:00:00.030000Z",
    "sequence": 1,
    "scenario_id": "scenario-069-stop_run_sweep",
    "agent_id": "agent-stop_run_sweep",
    "order_id": "scenario-069-stop_run_sweep-agent-stop_run_sweep-1",
    "action": "new",
    "side": "buy",
    "price": 65137.32245,
    "quantity": 0.06,
    "remaining_quantity": 0.06
  },
  {
    "event_id": "c3e03dd9dfbc4f35033941628137ef6a4ab4569479b75ebfbb46dd0bc8d61c0f",
    "schema_version": "1.0.0",
    "event_type": "agent_order",
    "source": "synthetic_agent",
    "symbol": "BTCUSDT",
    "exchange": "binance_usdm",
    "timestamp": "2024-05-01T00:00:00.060000Z",
    "sequence": 2,
    "scenario_id": "scenario-069-stop_run_sweep",
    "agent_id": "agent-stop_run_sweep",
    "order_id": "scenario-069-stop_run_sweep-agent-stop_run_sweep-2",
    "action": "new",
    "side": "buy",
    "price": 65140.57589999999,
    "quantity": 0.06,
    "remaining_quantity": 0.06
  },
  {
    "event_id": "2fe418ec9e436f6138213a3dfa75ebaa999f2be84a34eda348040ae655ceb133",
    "schema_version": "1.0.0",
    "event_type": "agent_order",
    "source": "synthetic_agent",
    "symbol": "BTCUSDT",
    "exchange": "binance_usdm",
    "timestamp": "2024-05-01T00:00:00.090000Z",
    "sequence": 3,
    "scenario_id": "scenario-069-stop_run_sweep",
    "agent_id": "agent-stop_run_sweep",
    "order_id": "scenario-069-stop_run_sweep-agent-stop_run_sweep-3",
    "action": "new",
    "side": "buy",
    "price": 65143.82935,
    "quantity": 0.06,
    "remaining_quantity": 0.06
  },
  {
    "event_id": "eb1fedfc0428ae6d796ebcc8181858927c18b4bcf3830b42e9adefe0d7644a9e",
    "schema_version": "1.0.0",
    "event_type": "agent_order",
    "source": "synthetic_agent",
    "symbol": "BTCUSDT",
    "exchange": "binance_usdm",
    "timestamp": "2024-05-01T00:00:00.120000Z",
    "sequence": 4,
    "scenario_id": "scenario-069-stop_run_sweep",
    "agent_id": "agent-stop_run_sweep",
    "order_id": "scenario-069-stop_run_sweep-agent-stop_run_sweep-4",
    "action": "new",
    "side": "buy",
    "price": 65147.08279999999,
    "quantity": 0.06,
    "remaining_quantity": 0.06
  },
  {
    "event_id": "71a18f454d206f48c8636bf1298c10dc255521ff7059b8a80cf1d6e572c5de96",
    "schema_version": "1.0.0",
    "event_type": "agent_order",
    "source": "synthetic_agent",
    "symbol": "BTCUSDT",
    "exchange": "binance_usdm",
    "timestamp": "2024-05-01T00:00:00.150000Z",
    "sequence": 5,
    "scenario_id": "scenario-069-stop_run_sweep",
    "agent_id": "agent-stop_run_sweep",
    "order_id": "scenario-069-stop_run_sweep-agent-stop_run_sweep-5",
    "action": "new",
    "side": "buy",
    "price": 65150.33625,
    "quantity": 0.06,
    "remaining_quantity": 0.06
  },
  {
    "event_id": "027b3263d3d41cf149b7ded5257e5e47e5121dd73a80cf514408267b053a1743",
    "schema_version": "1.0.0",
    "event_type": "agent_order",
    "source": "synthetic_agent",
    "symbol": "BTCUSDT",
    "exchange": "binance_usdm",
    "timestamp": "2024-05-01T00:00:00.180000Z",
    "sequence": 6,
    "scenario_id": "scenario-069-stop_run_sweep",
    "agent_id": "agent-stop_run_sweep",
    "order_id": "scenario-069-stop_run_sweep-agent-stop_run_sweep-6",
    "action": "new",
    "side": "buy",
    "price": 65153.58969999999,
    "quantity": 0.06,
    "remaining_quantity": 0.06
  },
  {
    "event_id": "1c377e29061a35983ac1ffb94a11137becc7fca4a1697f27f555ffcd8ca9326c",
    "schema_version": "1.0.0",
    "event_type": "agent_order",
    "source": "synthetic_agent",
    "symbol": "BTCUSDT",
    "exchange": "binance_usdm",
    "timestamp": "2024-05-01T00:00:00.210000Z",
    "sequence": 7,
    "scenario_id": "scenario-069-stop_run_sweep",
    "agent_id": "agent-stop_run_sweep",
    "order_id": "scenario-069-stop_run_sweep-agent-stop_run_sweep-7",
    "action": "new",
    "side": "buy",
    "price": 65156.84315,
    "quantity": 0.06,
    "remaining_quantity": 0.06
  },
  {
    "event_id": "ba2888cfd287bd6eda33594f704586914a2a62041444fc42469ab80261765b0d",
    "schema_version": "1.0.0",
    "event_type": "agent_order",
    "source": "synthetic_agent",
    "symbol": "BTCUSDT",
    "exchange": "binance_usdm",
    "timestamp": "2024-05-01T00:00:00.240000Z",
    "sequence": 8,
    "scenario_id": "scenario-069-stop_run_sweep",
    "agent_id": "agent-stop_run_sweep",
    "order_id": "scenario-069-stop_run_sweep-agent-stop_run_sweep-8",
    "action": "new",
    "side": "buy",
    "price": 65160.09659999999,
    "quantity": 0.06,
    "remaining_quantity": 0.06
  },
  {
    "event_id": "4e84ac72794724d1593c33e7ce241607cd621c0805476d7a5d45d2c328d59040",
    "schema_version": "1.0.0",
    "event_type": "agent_order",
    "source": "synthetic_agent",
    "symbol": "BTCUSDT",
    "exchange": "binance_usdm",
    "timestamp": "2024-05-01T00:00:00.270000Z",
    "sequence": 9,
    "scenario_id": "scenario-069-stop_run_sweep",
    "agent_id": "agent-stop_run_sweep",
    "order_id": "scenario-069-stop_run_sweep-agent-stop_run_sweep-9",
    "action": "new",
    "side": "buy",
    "price": 65163.350049999994,
    "quantity": 0.06,
    "remaining_quantity": 0.06
  },
  {
    "event_id": "30f59306199c81ef0c543ea23e64560a229a59f5fb86afb73d0c8693f177d634",
    "schema_version": "1.0.0",
    "event_type": "agent_order",
    "source": "synthetic_agent",
    "symbol": "BTCUSDT",
    "exchange": "binance_usdm",
    "timestamp": "2024-05-01T00:00:00.300000Z",
    "sequence": 10,
    "scenario_id": "scenario-069-stop_run_sweep",
    "agent_id": "agent-stop_run_sweep",
    "order_id": "scenario-069-stop_run_sweep-agent-stop_run_sweep-10",
    "action": "new",
    "side": "buy",
    "price": 65166.60349999999,
    "quantity": 0.06,
    "remaining_quantity": 0.06
  },
  {
    "event_id": "14157264d3d2f8f9c5d004f5770b2b23f8e4c8388f7de6bb59fe3e1dad073591",
    "schema_version": "1.0.0",
    "event_type": "agent_order",
    "source": "synthetic_agent",
    "symbol": "BTCUSDT",
    "exchange": "binance_usdm",
    "timestamp": "2024-05-01T00:00:00.330000Z",
    "sequence": 11,
    "scenario_id": "scenario-069-stop_run_sweep",
    "agent_id": "agent-stop_run_sweep",
    "order_id": "scenario-069-stop_run_sweep-agent-stop_run_sweep-11",
    "action": "new",
    "side": "buy",
    "price": 65169.856949999994,
    "quantity": 0.06,
    "remaining_quantity": 0.06
  },
  {
    "event_id": "c92b6e0ce5adb32791b8afc5bbcaeefed4985ebc852861460657e2041160e1dc",
    "schema_version": "1.0.0",
    "event_type": "agent_order",
    "source": "synthetic_agent",
    "symbol": "BTCUSDT",
    "exchange": "binance_usdm",
    "timestamp": "2024-05-01T00:00:00.360000Z",
    "sequence": 12,
    "scenario_id": "scenario-069-stop_run_sweep",
    "agent_id": "agent-stop_run_sweep",
    "order_id": "scenario-069-stop_run_sweep-agent-stop_run_sweep-12",
    "action": "new",
    "side": "buy",
    "price": 65173.11039999999,
    "quantity": 0.06,
    "remaining_quantity": 0.06
  },
  {
    "event_id": "049828dbf6d2ef364c20e852e78436f9b526a1d51a238f54572de1373ae76ceb",
    "schema_version": "1.0.0",
    "event_type": "agent_order",
    "source": "synthetic_agent",
    "symbol": "BTCUSDT",
    "exchange": "binance_usdm",
    "timestamp": "2024-05-01T00:00:00.390000Z",
    "sequence": 13,
    "scenario_id": "scenario-069-stop_run_sweep",
    "agent_id": "agent-stop_run_sweep",
    "order_id": "scenario-069-stop_run_sweep-agent-stop_run_sweep-13",
    "action": "new",
    "side": "buy",
    "price": 65176.363849999994,
    "quantity": 0.06,
    "remaining_quantity": 0.06
  },
  {
    "event_id": "b457519d0e191d9928c341604e7538074f653a698434478562608d6eeb7d7151",
    "schema_version": "1.0.0",
    "event_type": "agent_order",
    "source": "synthetic_agent",
    "symbol": "BTCUSDT",
    "exchange": "binance_usdm",
    "timestamp": "2024-05-01T00:00:00.420000Z",
    "sequence": 14,
    "scenario_id": "scenario-069-stop_run_sweep",
    "agent_id": "agent-stop_run_sweep",
    "order_id": "scenario-069-stop_run_sweep-agent-stop_run_sweep-14",
    "action": "new",
    "side": "buy",
    "price": 65179.61729999999,
    "quantity": 0.06,
    "remaining_quantity": 0.06
  },
  {
    "event_id": "2e3b81dd621f2bec3303e3924f971d7ee703acb897dcbb8d2db29f6bbb60c8b9",
    "schema_version": "1.0.0",
    "event_type": "agent_order",
    "source": "synthetic_agent",
    "symbol": "BTCUSDT",
    "exchange": "binance_usdm",
    "timestamp": "2024-05-01T00:00:00.450000Z",
    "sequence": 15,
    "scenario_id": "scenario-069-stop_run_sweep",
    "agent_id": "agent-stop_run_sweep",
    "order_id": "scenario-069-stop_run_sweep-agent-stop_run_sweep-15",
    "action": "new",
    "side": "buy",
    "price": 65182.870749999995,
    "quantity": 0.06,
    "remaining_quantity": 0.06
  },
  {
    "event_id": "4c6bd834ec532a46760f1411da16109e6cf8160c53b90ad00ede9459cd8319a6",
    "schema_version": "1.0.0",
    "event_type": "agent_order",
    "source": "synthetic_agent",
    "symbol": "BTCUSDT",
    "exchange": "binance_usdm",
    "timestamp": "2024-05-01T00:00:00.480000Z",
    "sequence": 16,
    "scenario_id": "scenario-069-stop_run_sweep",
    "agent_id": "agent-stop_run_sweep",
    "order_id": "scenario-069-stop_run_sweep-agent-stop_run_sweep-16",
    "action": "new",
    "side": "buy",
    "price": 65186.124199999984,
    "quantity": 0.06,
    "remaining_quantity": 0.06
  },
  {
    "event_id": "542551849d12919e0bd3d9cd1622eadb88511c0a004b30d46d30004839f6291b",
    "schema_version": "1.0.0",
    "event_type": "agent_order",
    "source": "synthetic_agent",
    "symbol": "BTCUSDT",
    "exchange": "binance_usdm",
    "timestamp": "2024-05-01T00:00:00.510000Z",
    "sequence": 17,
    "scenario_id": "scenario-069-stop_run_sweep",
    "agent_id": "agent-stop_run_sweep",
    "order_id": "scenario-069-stop_run_sweep-agent-stop_run_sweep-17",
    "action": "new",
    "side": "buy",
    "price": 65189.377649999995,
    "quantity": 0.06,
    "remaining_quantity": 0.06
  },
  {
    "event_id": "251c8c05872155d0824f67b50194208931dfa680526e97433dd483a8ffb7a687",
    "schema_version": "1.0.0",
    "event_type": "agent_order",
    "source": "synthetic_agent",
    "symbol": "BTCUSDT",
    "exchange": "binance_usdm",
    "timestamp": "2024-05-01T00:00:00.540000Z",
    "sequence": 18,
    "scenario_id": "scenario-069-stop_run_sweep",
    "agent_id": "agent-stop_run_sweep",
    "order_id": "scenario-069-stop_run_sweep-agent-stop_run_sweep-18",
    "action": "new",
    "side": "buy",
    "price": 65192.631099999984,
    "quantity": 0.06,
    "remaining_quantity": 0.06
  },
  {
    "event_id": "751ac2c7c5366196867604ada8542d8b0137734d88239bec20b54e5b2862d0c8",
    "schema_version": "1.0.0",
    "event_type": "agent_order",
    "source": "synthetic_agent",
    "symbol": "BTCUSDT",
    "exchange": "binance_usdm",
    "timestamp": "2024-05-01T00:00:00.570000Z",
    "sequence": 19,
    "scenario_id": "scenario-069-stop_run_sweep",
    "agent_id": "agent-stop_run_sweep",
    "order_id": "scenario-069-stop_run_sweep-agent-stop_run_sweep-19",
    "action": "new",
    "side": "buy",
    "price": 65195.884549999995,
    "quantity": 0.06,
    "remaining_quantity": 0.06
  },
  {
    "event_id": "df505eefb05e81628587ee3bb3894688043ac63b619c84e2dffa1e6e9a3f98da",
    "schema_version": "1.0.0",
    "event_type": "agent_order",
    "source": "synthetic_agent",
    "symbol": "BTCUSDT",
    "exchange": "binance_usdm",
    "timestamp": "2024-05-01T00:00:00.600000Z",
    "sequence": 20,
    "scenario_id": "scenario-069-stop_run_sweep",
    "agent_id": "agent-stop_run_sweep",
    "order_id": "scenario-069-stop_run_sweep-agent-stop_run_sweep-20",
    "action": "new",
    "side": "buy",
    "price": 65199.137999999984,
    "quantity": 0.06,
    "remaining_quantity": 0.06
  },
  {
    "event_id": "e1e08802c69ea0164e085f3a6dd7171f04cd33bd9c8dbea39881245b65b590ab",
    "schema_version": "1.0.0",
    "event_type": "agent_order",
    "source": "synthetic_agent",
    "symbol": "BTCUSDT",
    "exchange": "binance_usdm",
    "timestamp": "2024-05-01T00:00:00.630000Z",
    "sequence": 21,
    "scenario_id": "scenario-069-stop_run_sweep",
    "agent_id": "agent-stop_run_sweep",
    "order_id": "scenario-069-stop_run_sweep-agent-stop_run_sweep-21",
    "action": "new",
    "side": "buy",
    "price": 65202.391449999996,
    "quantity": 0.06,
    "remaining_quantity": 0.06
  },
  {
    "event_id": "f1c115d5bcffad54cd1aa3fb993e915c546ca61363feee8e3910ee783c9b119b",
    "schema_version": "1.0.0",
    "event_type": "agent_order",
    "source": "synthetic_agent",
    "symbol": "BTCUSDT",
    "exchange": "binance_usdm",
    "timestamp": "2024-05-01T00:00:00.660000Z",
    "sequence": 22,
    "scenario_id": "scenario-069-stop_run_sweep",
    "agent_id": "agent-stop_run_sweep",
    "order_id": "scenario-069-stop_run_sweep-agent-stop_run_sweep-22",
    "action": "new",
    "side": "buy",
    "price": 65205.6449,
    "quantity": 0.06,
    "remaining_quantity": 0.06
  },
  {
    "event_id": "65b0d794e85d62e691f779bfda11ba6e8d5a215c1e1592ff967bd50aab00fac5",
    "schema_version": "1.0.0",
    "event_type": "agent_order",
    "source": "synthetic_agent",
    "symbol": "BTCUSDT",
    "exchange": "binance_usdm",
    "timestamp": "2024-05-01T00:00:00.690000Z",
    "sequence": 23,
    "scenario_id": "scenario-069-stop_run_sweep",
    "agent_id": "agent-stop_run_sweep",
    "order_id": "scenario-069-stop_run_sweep-agent-stop_run_sweep-23",
    "action": "new",
    "side": "buy",
    "price": 65208.89834999999,
    "quantity": 0.06,
    "remaining_quantity": 0.06
  },
  {
    "event_id": "d86e12a4154a1b9bc5f7c787b0c469a4fc377f4a787cac7a3cc926af5553900a",
    "schema_version": "1.0.0",
    "event_type": "agent_order",
    "source": "synthetic_agent",
    "symbol": "BTCUSDT",
    "exchange": "binance_usdm",
    "timestamp": "2024-05-01T00:00:00.720000Z",
    "sequence": 24,
    "scenario_id": "scenario-069-stop_run_sweep",
    "agent_id": "agent-stop_run_sweep",
    "order_id": "scenario-069-stop_run_sweep-agent-stop_run_sweep-24",
    "action": "new",
    "side": "buy",
    "price": 65212.1518,
    "quantity": 0.06,
    "remaining_quantity": 0.06
  },
  {
    "event_id": "3a22d5d7a245d98f80c4ae4ec484b477ef56a549f40f2922f35300f57cbe77bd",
    "schema_version": "1.0.0",
    "event_type": "agent_order",
    "source": "synthetic_agent",
    "symbol": "BTCUSDT",
    "exchange": "binance_usdm",
    "timestamp": "2024-05-01T00:00:00.750000Z",
    "sequence": 25,
    "scenario_id": "scenario-069-stop_run_sweep",
    "agent_id": "agent-stop_run_sweep",
    "order_id": "scenario-069-stop_run_sweep-agent-stop_run_sweep-25",
    "action": "new",
    "side": "buy",
    "price": 65215.40524999999,
    "quantity": 0.06,
    "remaining_quantity": 0.06
  },
  {
    "event_id": "e2d6fbfc286b6d847fccb103f8378b936342280961ae32408df4c9fdb68f6cd5",
    "schema_version": "1.0.0",
    "event_type": "agent_order",
    "source": "synthetic_agent",
    "symbol": "BTCUSDT",
    "exchange": "binance_usdm",
    "timestamp": "2024-05-01T00:00:00.780000Z",
    "sequence": 26,
    "scenario_id": "scenario-069-stop_run_sweep",
    "agent_id": "agent-stop_run_sweep",
    "order_id": "scenario-069-stop_run_sweep-agent-stop_run_sweep-26",
    "action": "new",
    "side": "buy",
    "price": 65218.6587,
    "quantity": 0.06,
    "remaining_quantity": 0.06
  },
  {
    "event_id": "e2967f603d784214f1d6110b9bb17be13086aea4af5bdac1ef54aff65c472d80",
    "schema_version": "1.0.0",
    "event_type": "agent_order",
    "source": "synthetic_agent",
    "symbol": "BTCUSDT",
    "exchange": "binance_usdm",
    "timestamp": "2024-05-01T00:00:00.810000Z",
    "sequence": 27,
    "scenario_id": "scenario-069-stop_run_sweep",
    "agent_id": "agent-stop_run_sweep",
    "order_id": "scenario-069-stop_run_sweep-agent-stop_run_sweep-27",
    "action": "new",
    "side": "buy",
    "price": 65221.91214999999,
    "quantity": 0.06,
    "remaining_quantity": 0.06
  },
  {
    "event_id": "bc816737bc6753acc1d3d47eb34d16330c844cf08363b6c46b17b767806c3738",
    "schema_version": "1.0.0",
    "event_type": "agent_order",
    "source": "synthetic_agent",
    "symbol": "BTCUSDT",
    "exchange": "binance_usdm",
    "timestamp": "2024-05-01T00:00:00.840000Z",
    "sequence": 28,
    "scenario_id": "scenario-069-stop_run_sweep",
    "agent_id": "agent-stop_run_sweep",
    "order_id": "scenario-069-stop_run_sweep-agent-stop_run_sweep-28",
    "action": "new",
    "side": "buy",
    "price": 65225.1656,
    "quantity": 0.06,
    "remaining_quantity": 0.06
  },
  {
    "event_id": "09c656bc68a08024aa5b621b113ddafad2db192165d803fb5e19c61a3d626e44",
    "schema_version": "1.0.0",
    "event_type": "agent_order",
    "source": "synthetic_agent",
    "symbol": "BTCUSDT",
    "exchange": "binance_usdm",
    "timestamp": "2024-05-01T00:00:00.870000Z",
    "sequence": 29,
    "scenario_id": "scenario-069-stop_run_sweep",
    "agent_id": "agent-stop_run_sweep",
    "order_id": "scenario-069-stop_run_sweep-agent-stop_run_sweep-29",
    "action": "new",
    "side": "buy",
    "price": 65228.41904999999,
    "quantity": 0.06,
    "remaining_quantity": 0.06
  }
]