[
  {
    "event_id": "637c4545e38143449e9149cb8783b1f619bbd388e686df401aa809e4fbf2a207",
    "schema_version": "1.0.0",
    "event_type": "agent_order",
    "source": "synthetic_agent",
    "symbol": "BTCUSDT",
    "exchange": "binance_usdm",
    "timestamp": "2024-05-01T00:00:00Z",
    "sequence": 0,
    "scenario_id": "scenario-273-stop_run_sweep",
    "agent_id": "agent-stop_run_sweep",
    "order_id": "scenario-273-stop_run_sweep-agent-stop_run_sweep-0",
    "action": "new",
    "side": "buy",
    "price": 65338.272999999994,
    "quantity": 0.06,
    "remaining_quantity": 0.06
  },
  {
    "event_id": "8f9c0d6ef3f9f1a2521a954f405250b37a14853e0386791e80e2f611271a2023",
    "schema_version": "1.0.0",
    "event_type": "agent_order",
    "source": "synthetic_agent",
    "symbol": "BTCUSDT",
    "exchange": "binance_usdm",
    "timestamp": "2024-05-01T00:00:00.030000Z",
    "sequence": 1,
    "scenario_id": "scenario-273-stop_run_sweep",
    "agent_id": "agent-stop_run_sweep",
    "order_id": "scenario-273-stop_run_sweep-agent-stop_run_sweep-1",
    "action": "new",
    "side": "buy",
    "price": 65341.53665,
    "quantity": 0.06,
    "remaining_quantity": 0.06
  },
  {
    "event_id": "523a23395ed56277487cdec28cf67f457acb8c44bf7f5a8a9f00cc60a01b3f96",
    "schema_version": "1.0.0",
    "event_type": "agent_order",
    "source": "synthetic_agent",
    "symbol": "BTCUSDT",
    "exchange": "binance_usdm",
    "timestamp": "2024-05-01T00:00:00.060000Z",
    "sequence": 2,
    "scenario_id": "scenario-273-stop_run_sweep",
    "agent_id": "agent-stop_run_sweep",
    "order_id": "scenario-273-stop_run_sweep-agent-stop_run_sweep-2",
    "action": "new",
    "side": "buy",
    "price": 65344.800299999995,
    "quantity": 0.06,
    "remaining_quantity": 0.06
  },
  {
    "event_id": "e9678fce440b08185323c0db88fa6e4707ebdf36824a89127964756fe9ebb7b8",
    "schema_version": "1.0.0",
    "event_type": "agent_order",
    "source": "synthetic_agent",
    "symbol": "BTCUSDT",
    "exchange": "binance_usdm",
    "timestamp": "2024-05-01T00:00:00.090000Z",
    "sequence": 3,
    "scenario_id": "scenario-273-stop_run_sweep",
    "agent_id": "agent-stop_run_sweep",
    "order_id": "scenario-273-stop_run_sweep-agent-stop_run_sweep-3",
    "action": "new",
    "side": "buy",
    "price": 65348.063949999996,
    "quantity": 0.06,
    "remaining_quantity": 0.06
  },
  {
    "event_id": "5855c984af7f69e4229cdadb304e073b18f585d86674aef963df5f1b313296a2",
    "schema_version": "1.0.0",
    "event_type": "agent_order",
    "source": "synthetic_agent",
    "symbol": "BTCUSDT",
    "exchange": "binance_usdm",
    "timestamp": "2024-05-01T00:00:00.120000Z",
    "sequence": 4,
    "scenario_id": "scenario-273-stop_run_sweep",
    "agent_id": "agent-stop_run_sweep",
    "order_id": "scenario-273-stop_run_sweep-agent-stop_run_sweep-4",
    "action": "new",
    "side": "buy",
    "price": 65351.32759999999,
    "quantity": 0.06,
    "remaining_quantity": 0.06
  },
  {
    "event_id": "3fdfa995323304f703d15012a1b74cdbcbbf0782ee213c4563baed722da295d3",
    "schema_version": "1.0.0",
    "event_type": "agent_order",
    "source": "synthetic_agent",
    "symbol": "BTCUSDT",
    "exchange": "binance_usdm",
    "timestamp": "2024-05-01T00:00:00.150000Z",
    "sequence": 5,
    "scenario_id": "scenario-273-stop_run_sweep",
    "agent_id": "agent-stop_run_sweep",
    "order_id": "scenario-273-stop_run_sweep-agent-stop_run_sweep-5",
    "action": "new",
    "side": "buy",
    "price": 65354.59125,
    "quantity": 0.06,
    "remaining_quantity": 0.06
  },
  {
    "event_id": "532c0df32f96b6cc54a2812aaeb40284f1ab036c10b8af2706c3ae68fcdbb3db",
    "schema_version": "1.0.0",
    "event_type": "agent_order",
    "source": "synthetic_agent",
    "symbol": "BTCUSDT",
    "exchange": "binance_usdm",
    "timestamp": "2024-05-01T00:00:00.180000Z",
    "sequence": 6,
    "scenario_id": "scenario-273-stop_run_sweep",
    "agent_id": "agent-stop_run_sweep",
    "order_id": "scenario-273-stop_run_sweep-agent-stop_run_sweep-6",
    "action": "new",
    "side": "buy",
    "price": 65357.85489999999,
    "quantity": 0.06,
    "remaining_quantity": 0.06
  },
  {
    "event_id": "e42cda7c86eaa9501757016a14dee4a0e60129d9715d27716cc77d2cbcea967e",
    "schema_version": "1.0.0",
    "event_type": "agent_order",
    "source": "synthetic_agent",
    "symbol": "BTCUSDT",
    "exchange": "binance_usdm",
    "timestamp": "2024-05-01T00:00:00.210000Z",
    "sequence": 7,
    "scenario_id": "scenario-273-stop_run_sweep",
    "agent_id": "agent-stop_run_sweep",
    "order_id": "scenario-273-stop_run_sweep-agent-stop_run_sweep-7",
    "action": "new",
    "side": "buy",
    "price": 65361.11855,
    "quantity": 0.06,
    "remaining_quantity": 0.06
  },
  {
    "event_id": "dec76dca1516f6fba1492470eff0484bf9a08fa9fa8a644997e5b879804ae7d4",
    "schema_version": "1.0.0",
    "event_type": "agent_order",
    "source": "synthetic_agent",
    "symbol": "BTCUSDT",
    "exchange": "binance_usdm",
    "timestamp": "2024-05-01T00:00:00.240000Z",
    "sequence": 8,
    "scenario_id": "scenario-273-stop_run_sweep",
    "agent_id": "agent-stop_run_sweep",
    "order_id": "scenario-273-stop_run_sweep-agent-stop_run_sweep-8",
    "action": "new",
    "side": "buy",
    "price": 65364.38219999999,
    "quantity": 0.06,
    "remaining_quantity": 0.06
  },
  {
    "event_id": "4f0f2d40adfa559729014fd680035dfc368366a63d0b3acf0a90b818f4f95246",
    "schema_version": "1.0.0",
    "event_type": "agent_order",
    "source": "synthetic_agent",
    "symbol": "BTCUSDT",
    "exchange": "binance_usdm",
    "timestamp": "2024-05-01T00:00:00.270000Z",
    "sequence": 9,
    "scenario_id": "scenario-273-stop_run_sweep",
    "agent_id": "agent-stop_run_sweep",
    "order_id": "scenario-273-stop_run_sweep-agent-stop_run_sweep-9",
    "action": "new",
    "side": "buy",
    "price": 65367.64584999999,
    "quantity": 0.06,
    "remaining_quantity": 0.06
  },
  {
    "event_id": "be3d430c6bb060132804e24a5d209ded6bea61971f39059794fda1b645707641",
    "schema_version": "1.0.0",
    "event_type": "agent_order",
    "source": "synthetic_agent",
    "symbol": "BTCUSDT",
    "exchange": "binance_usdm",
    "timestamp": "2024-05-01T00:00:00.300000Z",
    "sequence": 10,
    "scenario_id": "scenario-273-stop_run_sweep",
    "agent_id": "agent-stop_run_sweep",
    "order_id": "scenario-273-stop_run_sweep-agent-stop_run_sweep-10",
    "action": "new",
    "side": "buy",
    "price": 65370.90949999999,
    "quantity": 0.06,
    "remaining_quantity": 0.06
  },
  {
    "event_id": "37f2a2210ddd34a1ab15433ef458ee137e5c07e8057f2fd374e462fabbd17e4b",
    "schema_version": "1.0.0",
    "event_type": "agent_order",
    "source": "synthetic_agent",
    "symbol": "BTCUSDT",
    "exchange": "binance_usdm",
    "timestamp": "2024-05-01T00:00:00.330000Z",
    "sequence": 11,
    "scenario_id": "scenario-273-stop_run_sweep",
    "agent_id": "agent-stop_run_sweep",
    "order_id": "scenario-273-stop_run_sweep-agent-stop_run_sweep-11",
    "action": "new",
    "side": "buy",
    "price": 65374.173149999995,
    "quantity": 0.06,
    "remaining_quantity": 0.06
  },
  {
    "event_id": "77f1d634a681e73eeed0a1cf13c70cf3082a2f3b98d4d5b7bcb9e4a161ba701a",
    "schema_version": "1.0.0",
    "event_type": "agent_order",
    "source": "synthetic_agent",
    "symbol": "BTCUSDT",
    "exchange": "binance_usdm",
    "timestamp": "2024-05-01T00:00:00.360000Z",
    "sequence": 12,
    "scenario_id": "scenario-273-stop_run_sweep",
    "agent_id": "agent-stop_run_sweep",
    "order_id": "scenario-273-stop_run_sweep-agent-stop_run_sweep-12",
    "action": "new",
    "side": "buy",
    "price": 65377.43679999999,
    "quantity": 0.06,
    "remaining_quantity": 0.06
  },
  {
    "event_id": "25479f62a01177d801587cfc2107f59aa300b95c7af7933bbb8fd333e77bb306",
    "schema_version": "1.0.0",
    "event_type": "agent_order",
    "source": "synthetic_agent",
    "symbol": "BTCUSDT",
    "exchange": "binance_usdm",
    "timestamp": "2024-05-01T00:00:00.390000Z",
    "sequence": 13,
    "scenario_id": "scenario-273-stop_run_sweep",
    "agent_id": "agent-stop_run_sweep",
    "order_id": "scenario-273-stop_run_sweep-agent-stop_run_sweep-13",
    "action": "new",
    "side": "buy",
    "price": 65380.70045,
    "quantity": 0.06,
    "remaining_quantity": 0.06
  },
  {
    "event_id": "1ddc484803d70f777556a631f50ca5faccc5c12b23d524145265f2de12c7de9a",
    "schema_version": "1.0.0",
    "event_type": "agent_order",
    "source": "synthetic_agent",
    "symbol": "BTCUSDT",
    "exchange": "binance_usdm",
    "timestamp": "2024-05-01T00:00:00.420000Z",
    "sequence": 14,
    "scenario_id": "scenario-273-stop_run_sweep",
    "agent_id": "agent-stop_run_sweep",
    "order_id": "scenario-273-stop_run_sweep-agent-stop_run_sweep-14",
    "action": "new",
    "side": "buy",
    "price": 65383.96409999999,
    "quantity": 0.06,
    "remaining_quantity": 0.06
  },
  {
    "event_id": "9146684028734ca3a217e9007b183e1e49abab05b9ccbce17cf3071472e53502",
    "schema_version": "1.0.0",
    "event_type": "agent_order",
    "source": "synthetic_agent",
    "symbol": "BTCUSDT",
    "exchange": "binance_usdm",
    "timestamp": "2024-05-01T00:00:00.450000Z",
    "sequence": 15,
    "scenario_id": "scenario-273-stop_run_sweep",
    "agent_id": "agent-stop_run_sweep",
    "order_id": "scenario-273-stop_run_sweep-agent-stop_run_sweep-15",
    "action": "new",
    "side": "buy",
    "price": 65387.22775,
    "quantity": 0.06,
    "remaining_quantity": 0.06
  },
  {
    "event_id": "edc4ae3ce14a4783acf44f0874161c4282e9d27945ec86f5f010427de4f60c20",
    "schema_version": "1.0.0",
    "event_type": "agent_order",
    "source": "synthetic_agent",
    "symbol": "BTCUSDT",
    "exchange": "binance_usdm",
    "timestamp": "2024-05-01T00:00:00.480000Z",
    "sequence": 16,
    "scenario_id": "scenario-273-stop_run_sweep",
    "agent_id": "agent-stop_run_sweep",
    "order_id": "scenario-273-stop_run_sweep-agent-stop_run_sweep-16",
    "action": "new",
    "side": "buy",
    "price": 65390.491399999984,
    "quantity": 0.06,
    "remaining_quantity": 0.06
  },
  {
    "event_id": "8a2d707bcb106e2e8d72af7e81c17cbfd1912cac71675e83bf1b74188397a385",
    "schema_version": "1.0.0",
    "event_type": "agent_order",
    "source": "synthetic_agent",
    "symbol": "BTCUSDT",
    "exchange": "binance_usdm",
    "timestamp": "2024-05-01T00:00:00.510000Z",
    "sequence": 17,
    "scenario_id": "scenario-273-stop_run_sweep",
    "agent_id": "agent-stop_run_sweep",
    "order_id": "scenario-273-stop_run_sweep-agent-stop_run_sweep-17",
    "action": "new",
    "side": "buy",
    "price": 65393.75504999999,
    "quantity": 0.06,
    "remaining_quantity": 0.06
  },
  {
    "event_id": "eb366c4705dfd65c2696d4374467a776570143cebd8fb69413c341486b779d1d",
    "schema_version": "1.0.0",
    "event_type": "agent_order",
    "source": "synthetic_agent",
    "symbol": "BTCUSDT",
    "exchange": "binance_usdm",
    "timestamp": "2024-05-01T00:00:00.540000Z",
    "sequence": 18,
    "scenario_id": "scenario-273-stop_run_sweep",
    "agent_id": "agent-stop_run_sweep",
    "order_id": "scenario-273-stop_run_sweep-agent-stop_run_sweep-18",
    "action": "new",
    "side": "buy",
    "price": 65397.018699999986,
    "quantity": 0.06,
    "remaining_quantity": 0.06
  },
  {
    "event_id": "04782c71a4b8a9d94700b8d76b2380ded4e0d1c64909cc85cc73073a46399225",
    "schema_version": "1.0.0",
    "event_type": "agent_order",
    "source": "synthetic_agent",
    "symbol": "BTCUSDT",
    "exchange": "binance_usdm",
    "timestamp": "2024-05-01T00:00:00.570000Z",
    "sequence": 19,
    "scenario_id": "scenario-273-stop_run_sweep",
    "agent_id": "agent-stop_run_sweep",
    "order_id": "scenario-273-stop_run_sweep-agent-stop_run_sweep-19",
    "action": "new",
    "side": "buy",
    "price": 65400.282349999994,
    "quantity": 0.06,
    "remaining_quantity": 0.06
  },
  {
    "event_id": "094031845e19adc8b2a6fdca9ba4d1f9d57f290c15025b5f74c9ab870cc9e2fc",
    "schema_version": "1.0.0",
    "event_type": "agent_order",
    "source": "synthetic_agent",
    "symbol": "BTCUSDT",
    "exchange": "binance_usdm",
    "timestamp": "2024-05-01T00:00:00.600000Z",
    "sequence": 20,
    "scenario_id": "scenario-273-stop_run_sweep",
    "agent_id": "agent-stop_run_sweep",
    "order_id": "scenario-273-stop_run_sweep-agent-stop_run_sweep-20",
    "action": "new",
    "side": "buy",
    "price": 65403.54599999999,
    "quantity": 0.06,
    "remaining_quantity": 0.06
  },
  {
    "event_id": "a8e6e22aa768e42fced52d3f2d06d85c7698d78f4fe9648ed1b8c3a6caee9a6f",
    "schema_version": "1.0.0",
    "event_type": "agent_order",
    "source": "synthetic_agent",
    "symbol": "BTCUSDT",
    "exchange": "binance_usdm",
    "timestamp": "2024-05-01T00:00:00.630000Z",
    "sequence": 21,
    "scenario_id": "scenario-273-stop_run_sweep",
    "agent_id": "agent-stop_run_sweep",
    "order_id": "scenario-273-stop_run_sweep-agent-stop_run_sweep-21",
    "action": "new",
    "side": "buy",
    "price": 65406.809649999996,
    "quantity": 0.06,
    "remaining_quantity": 0.06
  },
  {
    "event_id": "a36fd81445a76aac94a85fec5e5a5092af0c306038704fd9ff94d4aaae9eb342",
    "schema_version": "1.0.0",
    "event_type": "agent_order",
    "source": "synthetic_agent",
    "symbol": "BTCUSDT",
    "exchange": "binance_usdm",
    "timestamp": "2024-05-01T00:00:00.660000Z",
    "sequence": 22,
    "scenario_id": "scenario-273-stop_run_sweep",
    "agent_id": "agent-stop_run_sweep",
    "order_id": "scenario-273-stop_run_sweep-agent-stop_run_sweep-22",
    "action": "new",
    "side": "buy",
    "price": 65410.0733,
    "quantity": 0.06,
    "remaining_quantity": 0.06
  },
  {
    "event_id": "3eb4bfbc004c2c45925eb605dabd9d9cd1b49d2a449dfc5fe15d51eb5554ace8",
    "schema_version": "1.0.0",
    "event_type": "agent_order",
    "source": "synthetic_agent",
    "symbol": "BTCUSDT",
    "exchange": "binance_usdm",
    "timestamp": "2024-05-01T00:00:00.690000Z",
    "sequence": 23,
    "scenario_id": "scenario-273-stop_run_sweep",
    "agent_id": "agent-stop_run_sweep",
    "order_id": "scenario-273-stop_run_sweep-agent-stop_run_sweep-23",
    "action": "new",
    "side": "buy",
    "price": 65413.33694999999,
    "quantity": 0.06,
    "remaining_quantity": 0.06
  },
  {
    "event_id": "e8a17b314530032a42d76fefd48411833182d7f4610e8c877ddd8185bd5b03e5",
    "schema_version": "1.0.0",
    "event_type": "agent_order",
    "source": "synthetic_agent",
    "symbol": "BTCUSDT",
    "exchange": "binance_usdm",
    "timestamp": "2024-05-01T00:00:00.720000Z",
    "sequence": 24,
    "scenario_id": "scenario-273-stop_run_sweep",
    "agent_id": "agent-stop_run_sweep",
    "order_id": "scenario-273-stop_run_sweep-agent-stop_run_sweep-24",
    "action": "new",
    "side": "buy",
    "price": 65416.6006,
    "quantity": 0.06,
    "remaining_quantity": 0.06
  },
  {
    "event_id": "9c65115cdd46c7ad0adf990a17d6e134721915f31c03e3d2d8d5a4a4f714d2f4",
    "schema_version": "1.0.0",
    "event_type": "agent_order",
    "source": "synthetic_agent",
    "symbol": "BTCUSDT",
    "exchange": "binance_usdm",
    "timestamp": "2024-05-01T00:00:00.750000Z",
    "sequence": 25,
    "scenario_id": "scenario-273-stop_run_sweep",
    "agent_id": "agent-stop_run_sweep",
    "order_id": "scenario-273-stop_run_sweep-agent-stop_run_sweep-25",
    "action": "new",
    "side": "buy",
    "price": 65419.86424999999,
    "quantity": 0.06,
    "remaining_quantity": 0.06
  },
  {
    "event_id": "8fd615221d5df3ee153c67d5ff31f877a5dacba9372ae874bcc6071fa309c4d5",
    "schema_version": "1.0.0",
    "event_type": "agent_order",
    "source": "synthetic_agent",
    "symbol": "BTCUSDT",
    "exchange": "binance_usdm",
    "timestamp": "2024-05-01T00:00:00.780000Z",
    "sequence": 26,
    "scenario_id": "scenario-273-stop_run_sweep",
    "agent_id": "agent-stop_run_sweep",
    "order_id": "scenario-273-stop_run_sweep-agent-stop_run_sweep-26",
    "action": "new",
    "side": "buy",
    "price": 65423.1279,
    "quantity": 0.06,
    "remaining_quantity": 0.06
  },
  {
    "event_id": "58fe3a8806b61e918f95ee72e0a6e3a78efee62333f5fe01300b187713fe38c2",
    "schema_version": "1.0.0",
    "event_type": "agent_order",
    "source": "synthetic_agent",
    "symbol": "BTCUSDT",
    "exchange": "binance_usdm",
    "timestamp": "2024-05-01T00:00:00.810000Z",
    "sequence": 27,
    "scenario_id": "scenario-273-stop_run_sweep",
    "agent_id": "agent-stop_run_sweep",
    "order_id": "scenario-273-stop_run_sweep-agent-stop_run_sweep-27",
    "action": "new",
    "side": "buy",
    "price": 65426.39154999999,
    "quantity": 0.06,
    "remaining_quantity": 0.06
  },
  {
    "event_id": "9253914988e1f2091a3ddd34cc9455a58ec330d8d20f7258e7e0afea5d430934",
    "schema_version": "1.0.0",
    "event_type": "agent_order",
    "source": "synthetic_agent",
    "symbol": "BTCUSDT",
    "exchange": "binance_usdm",
    "timestamp": "2024-05-01T00:00:00.840000Z",
    "sequence": 28,
    "scenario_id": "scenario-273-stop_run_sweep",
    "agent_id": "agent-stop_run_sweep",
    "order_id": "scenario-273-stop_run_sweep-agent-stop_run_sweep-28",
    "action": "new",
    "side": "buy",
    "price": 65429.655199999994,
    "quantity": 0.06,
    "remaining_quantity": 0.06
  },
  {
    "event_id": "e4af0a5719466bcd61e48f717b5a9ee7827995c0dcd69e82313e2cfb2835a55e",
    "schema_version": "1.0.0",
    "event_type": "agent_order",
    "source": "synthetic_agent",
    "symbol": "BTCUSDT",
    "exchange": "binance_usdm",
    "timestamp": "2024-05-01T00:00:00.870000Z",
    "sequence": 29,
    "scenario_id": "scenario-273-stop_run_sweep",
    "agent_id": "agent-stop_run_sweep",
    "order_id": "scenario-273-stop_run_sweep-agent-stop_run_sweep-29",
    "action": "new",
    "side": "buy",
    "price": 65432.91884999999,
    "quantity": 0.06,
    "remaining_quantity": 0.06
  }
]