[
  {
    "event_id": "bebe8a0689ed1f25f3511b0b17e422fd3904f52044d1f1221a3044aa7d9ead4e",
    "schema_version": "1.0.0",
    "event_type": "agent_order",
    "source": "synthetic_agent",
    "symbol": "BTCUSDT",
    "exchange": "binance_usdm",
    "timestamp": "2024-05-01T00:00:00Z",
    "sequence": 0,
    "scenario_id": "scenario-173-momentum_ignition",
    "agent_id": "agent-momentum_ignition",
    "order_id": "scenario-173-momentum_ignition-agent-momentum_ignition-0",
    "action": "new",
    "side": "buy",
    "price": 65238.172999999995,
    "quantity": 0.08,
    "remaining_quantity": 0.08
  },
  {
    "event_id": "4eb57e3d96ab99627ac5523c42ec17b3f220515f4656b7d2800832f355ce68f8",
    "schema_version": "1.0.0",
    "event_type": "agent_order",
    "source": "synthetic_agent",
    "symbol": "BTCUSDT",
    "exchange": "binance_usdm",
    "timestamp": "2024-05-01T00:00:00.080000Z",
    "sequence": 1,
    "scenario_id": "scenario-173-momentum_ignition",
    "agent_id": "agent-momentum_ignition",
    "order_id": "scenario-173-momentum_ignition-agent-momentum_ignition-1",
    "action": "new",
    "side": "buy",
    "price": 65239.47645999998,
    "quantity": 0.08,
    "remaining_quantity": 0.08
  },
  {
    "event_id": "3abb5044df0e5ca5b34e51f277c15aeb5c7866f1f3b3572e8e06938ca25681d0",
    "schema_version": "1.0.0",
    "event_type": "agent_order",
    "source": "synthetic_agent",
    "symbol": "BTCUSDT",
    "exchange": "binance_usdm",
    "timestamp": "2024-05-01T00:00:00.160000Z",
    "sequence": 2,
    "scenario_id": "scenario-173-momentum_ignition",
    "agent_id": "agent-momentum_ignition",
    "order_id": "scenario-173-momentum_ignition-agent-momentum_ignition-2",
    "action": "new",
    "side": "buy",
    "price": 65240.77991999999,
    "quantity": 0.08,
    "remaining_quantity": 0.08
  },
  {
    "event_id": "941c9f93e73698fb90c2f3e40d751b94e68818887e64dd0731dcb28a898b5d8f",
    "schema_version": "1.0.0",
    "event_type": "agent_order",
    "source": "synthetic_agent",
    "symbol": "BTCUSDT",
    "exchange": "binance_usdm",
    "timestamp": "2024-05-01T00:00:00.240000Z",
    "sequence": 3,
    "scenario_id": "scenario-173-momentum_ignition",
    "agent_id": "agent-momentum_ignition",
    "order_id": "scenario-173-momentum_ignition-agent-momentum_ignition-3",
    "action": "new",
    "side": "buy",
    "price": 65242.08337999999,
    "quantity": 0.08,
    "remaining_quantity": 0.08
  },
  {
    "event_id": "8796de2bdc6dea8863ec7aa515b1e4f6fc944e49c35a09aa4e066575c280607b",
    "schema_version": "1.0.0",
    "event_type": "agent_order",
    "source": "synthetic_agent",
    "symbol": "BTCUSDT",
    "exchange": "binance_usdm",
    "timestamp": "2024-05-01T00:00:00.320000Z",
    "sequence": 4,
    "scenario_id": "scenario-173-momentum_ignition",
    "agent_id": "agent-momentum_ignition",
    "order_id": "scenario-173-momentum_ignition-agent-momentum_ignition-4",
    "action": "new",
    "side": "buy",
    "price": 65243.38684,
    "quantity": 0.08,
    "remaining_quantity": 0.08
  },
  {
    "event_id": "382a591b1d7b0904f093c93aab9767521c379c2f8e295b11cf72ade2bd813c27",
    "schema_version": "1.0.0",
    "event_type": "agent_order",
    "source": "synthetic_agent",
    "symbol": "BTCUSDT",
    "exchange": "binance_usdm",
    "timestamp": "2024-05-01T00:00:00.400000Z",
    "sequence": 5,
    "scenario_id": "scenario-173-momentum_ignition",
    "agent_id": "agent-momentum_ignition",
    "order_id": "scenario-173-momentum_ignition-agent-momentum_ignition-5",
    "action": "new",
    "side": "buy",
    "price": 65244.690299999995,
    "quantity": 0.08,
    "remaining_quantity": 0.08
  },
  {
    "event_id": "9d50883685b6a5e2068161f14cf3c4dfcc7ba72d707d7e7a0c0d1e7f53160cf2",
    "schema_version": "1.0.0",
    "event_type": "agent_order",
    "source": "synthetic_agent",
    "symbol": "BTCUSDT",
    "exchange": "binance_usdm",
    "timestamp": "2024-05-01T00:00:00.480000Z",
    "sequence": 6,
    "scenario_id": "scenario-173-momentum_ignition",
    "agent_id": "agent-momentum_ignition",
    "order_id": "scenario-173-momentum_ignition-agent-momentum_ignition-6",
    "action": "new",
    "side": "buy",
    "price": 65245.99375999998,
    "quantity": 0.08,
    "remaining_quantity": 0.08
  },
  {
    "event_id": "6e70dcd62e460bbc4c06c20ad291d1500e3a016b954a597aa3eaf23a692e6664",
    "schema_version": "1.0.0",
    "event_type": "agent_order",
    "source": "synthetic_agent",
    "symbol": "BTCUSDT",
    "exchange": "binance_usdm",
    "timestamp": "2024-05-01T00:00:00.560000Z",
    "sequence": 7,
    "scenario_id": "scenario-173-momentum_ignition",
    "agent_id": "agent-momentum_ignition",
    "order_id": "scenario-173-momentum_ignition-agent-momentum_ignition-7",
    "action": "new",
    "side": "buy",
    "price": 65247.29721999999,
    "quantity": 0.08,
    "remaining_quantity": 0.08
  },
  {
    "event_id": "67580af6c181168027fcd14a22f77fc9405a067ef8088ac66938d4377c6d069d",
    "schema_version": "1.0.0",
    "event_type": "agent_order",
    "source": "synthetic_agent",
    "symbol": "BTCUSDT",
    "exchange": "binance_usdm",
    "timestamp": "2024-05-01T00:00:00.640000Z",
    "sequence": 8,
    "scenario_id": "scenario-173-momentum_ignition",
    "agent_id": "agent-momentum_ignition",
    "order_id": "scenario-173-momentum_ignition-agent-momentum_ignition-8",
    "action": "new",
    "side": "buy",
    "price": 65248.60067999999,
    "quantity": 0.08,
    "remaining_quantity": 0.08
  },
  {
    "event_id": "da30a1032a029bee8aaf28a4d3d830101afcba025eba80bb0c1346837b383b76",
    "schema_version": "1.0.0",
    "event_type": "agent_order",
    "source": "synthetic_agent",
    "symbol": "BTCUSDT",
    "exchange": "binance_usdm",
    "timestamp": "2024-05-01T00:00:00.720000Z",
    "sequence": 9,
    "scenario_id": "scenario-173-momentum_ignition",
    "agent_id": "agent-momentum_ignition",
    "order_id": "scenario-173-momentum_ignition-agent-momentum_ignition-9",
    "action": "new",
    "side": "buy",
    "price": 65249.90414,
    "quantity": 0.08,
    "remaining_quantity": 0.08
  },
  {
    "event_id": "62ba09de41339a9be7e91e7f509b21b35127380144b51bf5b06b339a3218cdd2",
    "schema_version": "1.0.0",
    "event_type": "agent_order",
    "source": "synthetic_agent",
    "symbol": "BTCUSDT",
    "exchange": "binance_usdm",
    "timestamp": "2024-05-01T00:00:00.800000Z",
    "sequence": 10,
    "scenario_id": "scenario-173-momentum_ignition",
    "agent_id": "agent-momentum_ignition",
    "order_id": "scenario-173-momentum_ignition-agent-momentum_ignition-10",
    "action": "new",
    "side": "buy",
    "price": 65251.207599999994,
    "quantity": 0.08,
    "remaining_quantity": 0.08
  },
  {
    "event_id": "72bcd46d5762514217e8c3884084902c3b0b2ec49b0731092b341856e4cf8f9b",
    "schema_version": "1.0.0",
    "event_type": "agent_order",
    "source": "synthetic_agent",
    "symbol": "BTCUSDT",
    "exchange": "binance_usdm",
    "timestamp": "2024-05-01T00:00:00.880000Z",
    "sequence": 11,
    "scenario_id": "scenario-173-momentum_ignition",
    "agent_id": "agent-momentum_ignition",
    "order_id": "scenario-173-momentum_ignition-agent-momentum_ignition-11",
    "action": "new",
    "side": "buy",
    "price": 65252.51106,
    "quantity": 0.08,
    "remaining_quantity": 0.08
  },
  {
    "event_id": "7aabcefc3b5741e2d7c06bbb69127c21ef1d2027e7bcc7d8a3e58bdeb2367dc0",
    "schema_version": "1.0.0",
    "event_type": "agent_order",
    "source": "synthetic_agent",
    "symbol": "BTCUSDT",
    "exchange": "binance_usdm",
    "timestamp": "2024-05-01T00:00:00.960000Z",
    "sequence": 12,
    "scenario_id": "scenario-173-momentum_ignition",
    "agent_id": "agent-momentum_ignition",
    "order_id": "scenario-173-momentum_ignition-agent-momentum_ignition-12",
    "action": "new",
    "side": "buy",
    "price": 65253.81451999999,
    "quantity": 0.08,
    "remaining_quantity": 0.08
  },
  {
    "event_id": "5f3a231d4f8635f5769265ada4874411e2f1b23386aafa023762586655b67adc",
    "schema_version": "1.0.0",
    "event_type": "agent_order",
    "source": "synthetic_agent",
    "symbol": "BTCUSDT",
    "exchange": "binance_usdm",
    "timestamp": "2024-05-01T00:00:01.040000Z",
    "sequence": 13,
    "scenario_id": "scenario-173-momentum_ignition",
    "agent_id": "agent-momentum_ignition",
    "order_id": "scenario-173-momentum_ignition-agent-momentum_ignition-13",
    "action": "new",
    "side": "buy",
    "price": 65255.11797999999,
    "quantity": 0.08,
    "remaining_quantity": 0.08
  },
  {
    "event_id": "a49740020808c76f8daeda8aaa53249ba1d0a298e6dea5f982a2e817a94d3ffb",
    "schema_version": "1.0.0",
    "event_type": "agent_order",
    "source": "synthetic_agent",
    "symbol": "BTCUSDT",
    "exchange": "binance_usdm",
    "timestamp": "2024-05-01T00:00:01.120000Z",
    "sequence": 14,
    "scenario_id": "scenario-173-momentum_ignition",
    "agent_id": "agent-momentum_ignition",
    "order_id": "scenario-173-momentum_ignition-agent-momentum_ignition-14",
    "action": "new",
    "side": "buy",
    "price": 65256.42144,
    "quantity": 0.08,
    "remaining_quantity": 0.08
  },
  {
    "event_id": "5f77ad771c75bbbbff6bd254e8da4857a1af6eab8b34ddc610e16894c771d838",
    "schema_version": "1.0.0",
    "event_type": "agent_order",
    "source": "synthetic_agent",
    "symbol": "BTCUSDT",
    "exchange": "binance_usdm",
    "timestamp": "2024-05-01T00:00:01.200000Z",
    "sequence": 15,
    "scenario_id": "scenario-173-momentum_ignition",
    "agent_id": "agent-momentum_ignition",
    "order_id": "scenario-173-momentum_ignition-agent-momentum_ignition-15",
    "action": "new",
    "side": "buy",
    "price": 65257.724899999994,
    "quantity": 0.08,
    "remaining_quantity": 0.08
  },
  {
    "event_id": "9a72966a78af73c8c5ea77d5a1510e28e6874566228988ee868b46d09df0661d",
    "schema_version": "1.0.0",
    "event_type": "agent_order",
    "source": "synthetic_agent",
    "symbol": "BTCUSDT",
    "exchange": "binance_usdm",
    "timestamp": "2024-05-01T00:00:01.280000Z",
    "sequence": 16,
    "scenario_id": "scenario-173-momentum_ignition",
    "agent_id": "agent-momentum_ignition",
    "order_id": "scenario-173-momentum_ignition-agent-momentum_ignition-16",
    "action": "new",
    "side": "buy",
    "price": 65259.02836,
    "quantity": 0.08,
    "remaining_quantity": 0.08
  },
  {
    "event_id": "2731b85338a432e56c21064646383a54d0f5bf447ddb67db44e23a2815620b58",
    "schema_version": "1.0.0",
    "event_type": "agent_order",
    "source": "synthetic_agent",
    "symbol": "BTCUSDT",
    "exchange": "binance_usdm",
    "timestamp": "2024-05-01T00:00:01.360000Z",
    "sequence": 17,
    "scenario_id": "scenario-173-momentum_ignition",
    "agent_id": "agent-momentum_ignition",
    "order_id": "scenario-173-momentum_ignition-agent-momentum_ignition-17",
    "action": "new",
    "side": "buy",
    "price": 65260.33181999999,
    "quantity": 0.08,
    "remaining_quantity": 0.08
  },
  {
    "event_id": "cf054d5482e4dcb5e6afbb1a5e9ecb8809083468f2026134408edb1b975b2c9a",
    "schema_version": "1.0.0",
    "event_type": "agent_order",
    "source": "synthetic_agent",
    "symbol": "BTCUSDT",
    "exchange": "binance_usdm",
    "timestamp": "2024-05-01T00:00:01.440000Z",
    "sequence": 18,
    "scenario_id": "scenario-173-momentum_ignition",
    "agent_id": "agent-momentum_ignition",
    "order_id": "scenario-173-momentum_ignition-agent-momentum_ignition-18",
    "action": "new",
    "side": "buy",
    "price": 65261.63527999999,
    "quantity": 0.08,
    "remaining_quantity": 0.08
  },
  {
    "event_id": "517f7ffa2e35dfc2719125596066be96d985f6cf1fbf7870f9ebd5c3660052dc",
    "schema_version": "1.0.0",
    "event_type": "agent_order",
    "source": "synthetic_agent",
    "symbol": "BTCUSDT",
    "exchange": "binance_usdm",
    "timestamp": "2024-05-01T00:00:01.520000Z",
    "sequence": 19,
    "scenario_id": "scenario-173-momentum_ignition",
    "agent_id": "agent-momentum_ignition",
    "order_id": "scenario-173-momentum_ignition-agent-momentum_ignition-19",
    "action": "new",
    "side": "buy",
    "price": 65262.93874,
    "quantity": 0.08,
    "remaining_quantity": 0.08
  },
  {
    "event_id": "c33797ea57ef6d276fdc705d02e08850f02accb192995026cefcb7e565d4e62d",
    "schema_version": "1.0.0",
    "event_type": "agent_order",
    "source": "synthetic_agent",
    "symbol": "BTCUSDT",
    "exchange": "binance_usdm",
    "timestamp": "2024-05-01T00:00:01.600000Z",
    "sequence": 20,
    "scenario_id": "scenario-173-momentum_ignition",
    "agent_id": "agent-momentum_ignition",
    "order_id": "scenario-173-momentum_ignition-agent-momentum_ignition-20",
    "action": "new",
    "side": "buy",
    "price": 65264.24219999999,
    "quantity": 0.08,
    "remaining_quantity": 0.08
  },
  {
    "event_id": "c1d974b97cfd87968c3c796b2806db2a8724a126ee9ccc6265a780ba0a30cc11",
    "schema_version": "1.0.0",
    "event_type": "agent_order",
    "source": "synthetic_agent",
    "symbol": "BTCUSDT",
    "exchange": "binance_usdm",
    "timestamp": "2024-05-01T00:00:01.680000Z",
    "sequence": 21,
    "scenario_id": "scenario-173-momentum_ignition",
    "agent_id": "agent-momentum_ignition",
    "order_id": "scenario-173-momentum_ignition-agent-momentum_ignition-21",
    "action": "new",
    "side": "buy",
    "price": 65265.545659999996,
    "quantity": 0.08,
    "remaining_quantity": 0.08
  },
  {
    "event_id": "25a88dc385724b55a1897f8fb48a43ed3a0cb8d0bb0dc1316c9000a7d073efcc",
    "schema_version": "1.0.0",
    "event_type": "agent_order",
    "source": "synthetic_agent",
    "symbol": "BTCUSDT",
    "exchange": "binance_usdm",
    "timestamp": "2024-05-01T00:00:01.760000Z",
    "sequence": 22,
    "scenario_id": "scenario-173-momentum_ignition",
    "agent_id": "agent-momentum_ignition",
    "order_id": "scenario-173-momentum_ignition-agent-momentum_ignition-22",
    "action": "new",
    "side": "buy",
    "price": 65266.84911999999,
    "quantity": 0.08,
    "remaining_quantity": 0.08
  },
  {
    "event_id": "435fb4d82be85e6ebe761dee26f7159566874d7d3421bdd8e5718943c3182ef0",
    "schema_version": "1.0.0",
    "event_type": "agent_order",
    "source": "synthetic_agent",
    "symbol": "BTCUSDT",
    "exchange": "binance_usdm",
    "timestamp": "2024-05-01T00:00:01.840000Z",
    "sequence": 23,
    "scenario_id": "scenario-173-momentum_ignition",
    "agent_id": "agent-momentum_ignition",
    "order_id": "scenario-173-momentum_ignition-agent-momentum_ignition-23",
    "action": "new",
    "side": "buy",
    "price": 65268.15257999999,
    "quantity": 0.08,
    "remaining_quantity": 0.08
  },
  {
    "event_id": "8e740f7fa2fdee60b60e6c53c17623244f836de134607bb320e9b92f625d12d0",
    "schema_version": "1.0.0",
    "event_type": "agent_order",
    "source": "synthetic_agent",
    "symbol": "BTCUSDT",
    "exchange": "binance_usdm",
    "timestamp": "2024-05-01T00:00:01.920000Z",
    "sequence": 24,
    "scenario_id": "scenario-173-momentum_ignition",
    "agent_id": "agent-momentum_ignition",
    "order_id": "scenario-173-momentum_ignition-agent-momentum_ignition-24",
    "action": "new",
    "side": "buy",
    "price": 65269.45604,
    "quantity": 0.08,
    "remaining_quantity": 0.08
  },
  {
    "event_id": "d753c47320d2f7c8578b4c41a6b0243dc7f4d64ac944c8cf4a6758ced3d34fb7",
    "schema_version": "1.0.0",
    "event_type": "agent_order",
    "source": "synthetic_agent",
    "symbol": "BTCUSDT",
    "exchange": "binance_usdm",
    "timestamp": "2024-05-01T00:00:02Z",
    "sequence": 25,
    "scenario_id": "scenario-173-momentum_ignition",
    "agent_id": "agent-momentum_ignition",
    "order_id": "scenario-173-momentum_ignition-agent-momentum_ignition-25",
    "action": "new",
    "side": "buy",
    "price": 65270.75949999999,
    "quantity": 0.08,
    "remaining_quantity": 0.08
  },
  {
    "event_id": "63e1d416b02caa408bb784c0a8b9199f372a0506b88fdfdc4d89141e04f86291",
    "schema_version": "1.0.0",
    "event_type": "agent_order",
    "source": "synthetic_agent",
    "symbol": "BTCUSDT",
    "exchange": "binance_usdm",
    "timestamp": "2024-05-01T00:00:02.080000Z",
    "sequence": 26,
    "scenario_id": "scenario-173-momentum_ignition",
    "agent_id": "agent-momentum_ignition",
    "order_id": "scenario-173-momentum_ignition-agent-momentum_ignition-26",
    "action": "new",
    "side": "buy",
    "price": 65272.062959999996,
    "quantity": 0.08,
    "remaining_quantity": 0.08
  },
  {
    "event_id": "81dd569672feab7eb3f1008932eb2ac39be70e8d098128bc768fe63b560c7397",
    "schema_version": "1.0.0",
    "event_type": "agent_order",
    "source": "synthetic_agent",
    "symbol": "BTCUSDT",
    "exchange": "binance_usdm",
    "timestamp": "2024-05-01T00:00:02.160000Z",
    "sequence": 27,
    "scenario_id": "scenario-173-momentum_ignition",
    "agent_id": "agent-momentum_ignition",
    "order_id": "scenario-173-momentum_ignition-agent-momentum_ignition-27",
    "action": "new",
    "side": "buy",
    "price": 65273.36641999999,
    "quantity": 0.08,
    "remaining_quantity": 0.08
  },
  {
    "event_id": "f0ba5346653556f9f4540a1459e6c7f16c652ea93626fa03d601533d6c14fa84",
    "schema_version": "1.0.0",
    "event_type": "agent_order",
    "source": "synthetic_agent",
    "symbol": "BTCUSDT",
    "exchange": "binance_usdm",
    "timestamp": "2024-05-01T00:00:02.240000Z",
    "sequence": 28,
    "scenario_id": "scenario-173-momentum_ignition",
    "agent_id": "agent-momentum_ignition",
    "order_id": "scenario-173-momentum_ignition-agent-momentum_ignition-28",
    "action": "new",
    "side": "buy",
    "price": 65274.66987999999,
    "quantity": 0.08,
    "remaining_quantity": 0.08
  },
  {
    "event_id": "2bba8789afdb57dc638084a83dde9223e000984d35e855f0a8f25c1c137857d3",
    "schema_version": "1.0.0",
    "event_type": "agent_order",
    "source": "synthetic_agent",
    "symbol": "BTCUSDT",
    "exchange": "binance_usdm",
    "timestamp": "2024-05-01T00:00:02.320000Z",
    "sequence": 29,
    "scenario_id": "scenario-173-momentum_ignition",
    "agent_id": "agent-momentum_ignition",
    "order_id": "scenario-173-momentum_ignition-agent-momentum_ignition-29",
    "action": "new",
    "side": "buy",
    "price": 65275.97334,
    "quantity": 0.08,
    "remaining_quantity": 0.08
  }
]