[
  {
    "event_id": "04591cbcbb9e6f4f17f35bcedb6175a9c887f63032280380a29b5b8e80c3ca82",
    "schema_version": "1.0.0",
    "event_type": "agent_order",
    "source": "synthetic_agent",
    "symbol": "BTCUSDT",
    "exchange": "binance_usdm",
    "timestamp": "2024-05-01T00:00:00Z",
    "sequence": 0,
    "scenario_id": "scenario-185-momentum_ignition",
    "agent_id": "agent-momentum_ignition",
    "order_id": "scenario-185-momentum_ignition-agent-momentum_ignition-0",
    "action": "new",
    "side": "buy",
    "price": 65250.18499999999,
    "quantity": 0.08,
    "remaining_quantity": 0.08
  },
  {
    "event_id": "54d1f5ab648b41a16d01b5aaed5bc09519cfe76ba3252c2a239aa3059263baaf",
    "schema_version": "1.0.0",
    "event_type": "agent_order",
    "source": "synthetic_agent",
    "symbol": "BTCUSDT",
    "exchange": "binance_usdm",
    "timestamp": "2024-05-01T00:00:00.080000Z",
    "sequence": 1,
    "scenario_id": "scenario-185-momentum_ignition",
    "agent_id": "agent-momentum_ignition",
    "order_id": "scenario-185-momentum_ignition-agent-momentum_ignition-1",
    "action": "new",
    "side": "buy",
    "price": 65251.48869999999,
    "quantity": 0.08,
    "remaining_quantity": 0.08
  },
  {
    "event_id": "1999afe7186661759acd5b6eea9e3cc44e2c8db722722d04109a6c2b8b88fbaa",
    "schema_version": "1.0.0",
    "event_type": "agent_order",
    "source": "synthetic_agent",
    "symbol": "BTCUSDT",
    "exchange": "binance_usdm",
    "timestamp": "2024-05-01T00:00:00.160000Z",
    "sequence": 2,
    "scenario_id": "scenario-185-momentum_ignition",
    "agent_id": "agent-momentum_ignition",
    "order_id": "scenario-185-momentum_ignition-agent-momentum_ignition-2",
    "action": "new",
    "side": "buy",
    "price": 65252.7924,
    "quantity": 0.08,
    "remaining_quantity": 0.08
  },
  {
    "event_id": "149b5edb8838c4e41ce0d819f7ade0566c8b2df1ca86ac57087be708146f3538",
    "schema_version": "1.0.0",
    "event_type": "agent_order",
    "source": "synthetic_agent",
    "symbol": "BTCUSDT",
    "exchange": "binance_usdm",
    "timestamp": "2024-05-01T00:00:00.240000Z",
    "sequence": 3,
    "scenario_id": "scenario-185-momentum_ignition",
    "agent_id": "agent-momentum_ignition",
    "order_id": "scenario-185-momentum_ignition-agent-momentum_ignition-3",
    "action": "new",
    "side": "buy",
    "price": 65254.09609999999,
    "quantity": 0.08,
    "remaining_quantity": 0.08
  },
  {
    "event_id": "5bca0acaf67a466a8587d60a162857fc3946834ace6e253b03d99b0bd5850daf",
    "schema_version": "1.0.0",
    "event_type": "agent_order",
    "source": "synthetic_agent",
    "symbol": "BTCUSDT",
    "exchange": "binance_usdm",
    "timestamp": "2024-05-01T00:00:00.320000Z",
    "sequence": 4,
    "scenario_id": "scenario-185-momentum_ignition",
    "agent_id": "agent-momentum_ignition",
    "order_id": "scenario-185-momentum_ignition-agent-momentum_ignition-4",
    "action": "new",
    "side": "buy",
    "price": 65255.3998,
    "quantity": 0.08,
    "remaining_quantity": 0.08
  },
  {
    "event_id": "641aec625e9978d5544420639d60803e4948de056ffc37aaddfd601c1bad7dce",
    "schema_version": "1.0.0",
    "event_type": "agent_order",
    "source": "synthetic_agent",
    "symbol": "BTCUSDT",
    "exchange": "binance_usdm",
    "timestamp": "2024-05-01T00:00:00.400000Z",
    "sequence": 5,
    "scenario_id": "scenario-185-momentum_ignition",
    "agent_id": "agent-momentum_ignition",
    "order_id": "scenario-185-momentum_ignition-agent-momentum_ignition-5",
    "action": "new",
    "side": "buy",
    "price": 65256.70349999999,
    "quantity": 0.08,
    "remaining_quantity": 0.08
  },
  {
    "event_id": "8a9407a87218cd16abb282cf1c8da87aed5fccf1bae69cd36869591f3e05953b",
    "schema_version": "1.0.0",
    "event_type": "agent_order",
    "source": "synthetic_agent",
    "symbol": "BTCUSDT",
    "exchange": "binance_usdm",
    "timestamp": "2024-05-01T00:00:00.480000Z",
    "sequence": 6,
    "scenario_id": "scenario-185-momentum_ignition",
    "agent_id": "agent-momentum_ignition",
    "order_id": "scenario-185-momentum_ignition-agent-momentum_ignition-6",
    "action": "new",
    "side": "buy",
    "price": 65258.007199999985,
    "quantity": 0.08,
    "remaining_quantity": 0.08
  },
  {
    "event_id": "fadb3cb2e92f483a151ef1740e04d20df8615f85d665296517c636ecc2769a91",
    "schema_version": "1.0.0",
    "event_type": "agent_order",
    "source": "synthetic_agent",
    "symbol": "BTCUSDT",
    "exchange": "binance_usdm",
    "timestamp": "2024-05-01T00:00:00.560000Z",
    "sequence": 7,
    "scenario_id": "scenario-185-momentum_ignition",
    "agent_id": "agent-momentum_ignition",
    "order_id": "scenario-185-momentum_ignition-agent-momentum_ignition-7",
    "action": "new",
    "side": "buy",
    "price": 65259.3109,
    "quantity": 0.08,
    "remaining_quantity": 0.08
  },
  {
    "event_id": "e35ccbd5e70984121fb75c917a8905c7844cdd336061f920cf2d644570b091f6",
    "schema_version": "1.0.0",
    "event_type": "agent_order",
    "source": "synthetic_agent",
    "symbol": "BTCUSDT",
    "exchange": "binance_usdm",
    "timestamp": "2024-05-01T00:00:00.640000Z",
    "sequence": 8,
    "scenario_id": "scenario-185-momentum_ignition",
    "agent_id": "agent-momentum_ignition",
    "order_id": "scenario-185-momentum_ignition-agent-momentum_ignition-8",
    "action": "new",
    "side": "buy",
    "price": 65260.614599999986,
    "quantity": 0.08,
    "remaining_quantity": 0.08
  },
  {
    "event_id": "cc3c6d378700ecb773041ef3348ce9e55ff47864d7ffe80c402e85e292cc813a",
    "schema_version": "1.0.0",
    "event_type": "agent_order",
    "source": "synthetic_agent",
    "symbol": "BTCUSDT",
    "exchange": "binance_usdm",
    "timestamp": "2024-05-01T00:00:00.720000Z",
    "sequence": 9,
    "scenario_id": "scenario-185-momentum_ignition",
    "agent_id": "agent-momentum_ignition",
    "order_id": "scenario-185-momentum_ignition-agent-momentum_ignition-9",
    "action": "new",
    "side": "buy",
    "price": 65261.9183,
    "quantity": 0.08,
    "remaining_quantity": 0.08
  },
  {
    "event_id": "17810522ed41adc3af47cbb58861b431b1f16f9a73c374bbfece371f42886c4c",
    "schema_version": "1.0.0",
    "event_type": "agent_order",
    "source": "synthetic_agent",
    "symbol": "BTCUSDT",
    "exchange": "binance_usdm",
    "timestamp": "2024-05-01T00:00:00.800000Z",
    "sequence": 10,
    "scenario_id": "scenario-185-momentum_ignition",
    "agent_id": "agent-momentum_ignition",
    "order_id": "scenario-185-momentum_ignition-agent-momentum_ignition-10",
    "action": "new",
    "side": "buy",
    "price": 65263.221999999994,
    "quantity": 0.08,
    "remaining_quantity": 0.08
  },
  {
    "event_id": "0d7a3395c1e47a761b37ae7086b1c321c0762ca6a5dd0827b1a91f2d8bbcefce",
    "schema_version": "1.0.0",
    "event_type": "agent_order",
    "source": "synthetic_agent",
    "symbol": "BTCUSDT",
    "exchange": "binance_usdm",
    "timestamp": "2024-05-01T00:00:00.880000Z",
    "sequence": 11,
    "scenario_id": "scenario-185-momentum_ignition",
    "agent_id": "agent-momentum_ignition",
    "order_id": "scenario-185-momentum_ignition-agent-momentum_ignition-11",
    "action": "new",
    "side": "buy",
    "price": 65264.5257,
    "quantity": 0.08,
    "remaining_quantity": 0.08
  },
  {
    "event_id": "10f4ff6d51ec572985f80ce9ceddf7f1b8ef6425eb44e6bd6a730d5ee1202d46",
    "schema_version": "1.0.0",
    "event_type": "agent_order",
    "source": "synthetic_agent",
    "symbol": "BTCUSDT",
    "exchange": "binance_usdm",
    "timestamp": "2024-05-01T00:00:00.960000Z",
    "sequence": 12,
    "scenario_id": "scenario-185-momentum_ignition",
    "agent_id": "agent-momentum_ignition",
    "order_id": "scenario-185-momentum_ignition-agent-momentum_ignition-12",
    "action": "new",
    "side": "buy",
    "price": 65265.829399999995,
    "quantity": 0.08,
    "remaining_quantity": 0.08
  },
  {
    "event_id": "96824dc999cba101759faab8508f0894b58bcb11f2b182d554d05a86002f1b27",
    "schema_version": "1.0.0",
    "event_type": "agent_order",
    "source": "synthetic_agent",
    "symbol": "BTCUSDT",
    "exchange": "binance_usdm",
    "timestamp": "2024-05-01T00:00:01.040000Z",
    "sequence": 13,
    "scenario_id": "scenario-185-momentum_ignition",
    "agent_id": "agent-momentum_ignition",
    "order_id": "scenario-185-momentum_ignition-agent-momentum_ignition-13",
    "action": "new",
    "side": "buy",
    "price": 65267.133099999985,
    "quantity": 0.08,
    "remaining_quantity": 0.08
  },
  {
    "event_id": "b013976594fce5dfebcdf3c6370cd4c54a4bd037af58778ea7da0e2c7c91b3e7",
    "schema_version": "1.0.0",
    "event_type": "agent_order",
    "source": "synthetic_agent",
    "symbol": "BTCUSDT",
    "exchange": "binance_usdm",
    "timestamp": "2024-05-01T00:00:01.120000Z",
    "sequence": 14,
    "scenario_id": "scenario-185-momentum_ignition",
    "agent_id": "agent-momentum_ignition",
    "order_id": "scenario-185-momentum_ignition-agent-momentum_ignition-14",
    "action": "new",
    "side": "buy",
    "price": 65268.436799999996,
    "quantity": 0.08,
    "remaining_quantity": 0.08
  },
  {
    "event_id": "02d838312f88d0123e91569954bd5fb26551f358fa254f972925eb52b5be56ee",
    "schema_version": "1.0.0",
    "event_type": "agent_order",
    "source": "synthetic_agent",
    "symbol": "BTCUSDT",
    "exchange": "binance_usdm",
    "timestamp": "2024-05-01T00:00:01.200000Z",
    "sequence": 15,
    "scenario_id": "scenario-185-momentum_ignition",
    "agent_id": "agent-momentum_ignition",
    "order_id": "scenario-185-momentum_ignition-agent-momentum_ignition-15",
    "action": "new",
    "side": "buy",
    "price": 65269.74049999999,
    "quantity": 0.08,
    "remaining_quantity": 0.08
  },
  {
    "event_id": "276db07d5bcc340399dba5dfbe910b61d179a84987b01399ac511223a193c530",
    "schema_version": "1.0.0",
    "event_type": "agent_order",
    "source": "synthetic_agent",
    "symbol": "BTCUSDT",
    "exchange": "binance_usdm",
    "timestamp": "2024-05-01T00:00:01.280000Z",
    "sequence": 16,
    "scenario_id": "scenario-185-momentum_ignition",
    "agent_id": "agent-momentum_ignition",
    "order_id": "scenario-185-momentum_ignition-agent-momentum_ignition-16",
    "action": "new",
    "side": "buy",
    "price": 65271.0442,
    "quantity": 0.08,
    "remaining_quantity": 0.08
  },
  {
    "event_id": "212723a6a35cb1dc8382399d8ed16584e3cb54fa0effeb1fec4c3e1e31c14c2e",
    "schema_version": "1.0.0",
    "event_type": "agent_order",
    "source": "synthetic_agent",
    "symbol": "BTCUSDT",
    "exchange": "binance_usdm",
    "timestamp": "2024-05-01T00:00:01.360000Z",
    "sequence": 17,
    "scenario_id": "scenario-185-momentum_ignition",
    "agent_id": "agent-momentum_ignition",
    "order_id": "scenario-185-momentum_ignition-agent-momentum_ignition-17",
    "action": "new",
    "side": "buy",
    "price": 65272.34789999999,
    "quantity": 0.08,
    "remaining_quantity": 0.08
  },
  {
    "event_id": "16ca92c445b35e0ec435bfa3f2711c41950f759155959f9f040e44f74d4b4957",
    "schema_version": "1.0.0",
    "event_type": "agent_order",
    "source": "synthetic_agent",
    "symbol": "BTCUSDT",
    "exchange": "binance_usdm",
    "timestamp": "2024-05-01T00:00:01.440000Z",
    "sequence": 18,
    "scenario_id": "scenario-185-momentum_ignition",
    "agent_id": "agent-momentum_ignition",
    "order_id": "scenario-185-momentum_ignition-agent-momentum_ignition-18",
    "action": "new",
    "side": "buy",
    "price": 65273.65159999999,
    "quantity": 0.08,
    "remaining_quantity": 0.08
  },
  {
    "event_id": "84d89f0738c7088a71ecdb5080c6dbb5820c8b7c6633101cf53c54e7231ba176",
    "schema_version": "1.0.0",
    "event_type": "agent_order",
    "source": "synthetic_agent",
    "symbol": "BTCUSDT",
    "exchange": "binance_usdm",
    "timestamp": "2024-05-01T00:00:01.520000Z",
    "sequence": 19,
    "scenario_id": "scenario-185-momentum_ignition",
    "agent_id": "agent-momentum_ignition",
    "order_id": "scenario-185-momentum_ignition-agent-momentum_ignition-19",
    "action": "new",
    "side": "buy",
    "price": 65274.955299999994,
    "quantity": 0.08,
    "remaining_quantity": 0.08
  },
  {
    "event_id": "84a8e1ebae8384830874b23b4ca304ab2330d19d06674083b3eef32931cb2277",
    "schema_version": "1.0.0",
    "event_type": "agent_order",
    "source": "synthetic_agent",
    "symbol": "BTCUSDT",
    "exchange": "binance_usdm",
    "timestamp": "2024-05-01T00:00:01.600000Z",
    "sequence": 20,
    "scenario_id": "scenario-185-momentum_ignition",
    "agent_id": "agent-momentum_ignition",
    "order_id": "scenario-185-momentum_ignition-agent-momentum_ignition-20",
    "action": "new",
    "side": "buy",
    "price": 65276.25899999999,
    "quantity": 0.08,
    "remaining_quantity": 0.08
  },
  {
    "event_id": "be8023acde46e36c09fb35b3d5666826c551cfa59c450b3540aebcd476ec73d4",
    "schema_version": "1.0.0",
    "event_type": "agent_order",
    "source": "synthetic_agent",
    "symbol": "BTCUSDT",
    "exchange": "binance_usdm",
    "timestamp": "2024-05-01T00:00:01.680000Z",
    "sequence": 21,
    "scenario_id": "scenario-185-momentum_ignition",
    "agent_id": "agent-momentum_ignition",
    "order_id": "scenario-185-momentum_ignition-agent-momentum_ignition-21",
    "action": "new",
    "side": "buy",
    "price": 65277.562699999995,
    "quantity": 0.08,
    "remaining_quantity": 0.08
  },
  {
    "event_id": "6108fde58fbaf1b31481affdf1d92f5e9834113e20bc042a103198d27f08cfd9",
    "schema_version": "1.0.0",
    "event_type": "agent_order",
    "source": "synthetic_agent",
    "symbol": "BTCUSDT",
    "exchange": "binance_usdm",
    "timestamp": "2024-05-01T00:00:01.760000Z",
    "sequence": 22,
    "scenario_id": "scenario-185-momentum_ignition",
    "agent_id": "agent-momentum_ignition",
    "order_id": "scenario-185-momentum_ignition-agent-momentum_ignition-22",
    "action": "new",
    "side": "buy",
    "price": 65278.86639999999,
    "quantity": 0.08,
    "remaining_quantity": 0.08
  },
  {
    "event_id": "fc4758a3d0f2f0364048d8ecbe7e6a43d640cc672acf747f24b706606c9fb23e",
    "schema_version": "1.0.0",
    "event_type": "agent_order",
    "source": "synthetic_agent",
    "symbol": "BTCUSDT",
    "exchange": "binance_usdm",
    "timestamp": "2024-05-01T00:00:01.840000Z",
    "sequence": 23,
    "scenario_id": "scenario-185-momentum_ignition",
    "agent_id": "agent-momentum_ignition",
    "order_id": "scenario-185-momentum_ignition-agent-momentum_ignition-23",
    "action": "new",
    "side": "buy",
    "price": 65280.17009999999,
    "quantity": 0.08,
    "remaining_quantity": 0.08
  },
  {
    "event_id": "aa64d3459e91947a99dcbc38ed97a04504768858ca3611c9a2280a86c46b0621",
    "schema_version": "1.0.0",
    "event_type": "agent_order",
    "source": "synthetic_agent",
    "symbol": "BTCUSDT",
    "exchange": "binance_usdm",
    "timestamp": "2024-05-01T00:00:01.920000Z",
    "sequence": 24,
    "scenario_id": "scenario-185-momentum_ignition",
    "agent_id": "agent-momentum_ignition",
    "order_id": "scenario-185-momentum_ignition-agent-momentum_ignition-24",
    "action": "new",
    "side": "buy",
    "price": 65281.47379999999,
    "quantity": 0.08,
    "remaining_quantity": 0.08
  },
  {
    "event_id": "1990010fba974f8e31a74cdec719f47b2984e9cd25542e7b993e6994d7579580",
    "schema_version": "1.0.0",
    "event_type": "agent_order",
    "source": "synthetic_agent",
    "symbol": "BTCUSDT",
    "exchange": "binance_usdm",
    "timestamp": "2024-05-01T00:00:02Z",
    "sequence": 25,
    "scenario_id": "scenario-185-momentum_ignition",
    "agent_id": "agent-momentum_ignition",
    "order_id": "scenario-185-momentum_ignition-agent-momentum_ignition-25",
    "action": "new",
    "side": "buy",
    "price": 65282.77749999999,
    "quantity": 0.08,
    "remaining_quantity": 0.08
  },
  {
    "event_id": "e496cceff266b6811f6428446368782e4b4bbaba087074377865a08402ac08ea",
    "schema_version": "1.0.0",
    "event_type": "agent_order",
    "source": "synthetic_agent",
    "symbol": "BTCUSDT",
    "exchange": "binance_usdm",
    "timestamp": "2024-05-01T00:00:02.080000Z",
    "sequence": 26,
    "scenario_id": "scenario-185-momentum_ignition",
    "agent_id": "agent-momentum_ignition",
    "order_id": "scenario-185-momentum_ignition-agent-momentum_ignition-26",
    "action": "new",
    "side": "buy",
    "price": 65284.0812,
    "quantity": 0.08,
    "remaining_quantity": 0.08
  },
  {
    "event_id": "e9431be427f6e634cc78885359d025895e1275b5463cd9db88615e6a44b1d62a",
    "schema_version": "1.0.0",
    "event_type": "agent_order",
    "source": "synthetic_agent",
    "symbol": "BTCUSDT",
    "exchange": "binance_usdm",
    "timestamp": "2024-05-01T00:00:02.160000Z",
    "sequence": 27,
    "scenario_id": "scenario-185-momentum_ignition",
    "agent_id": "agent-momentum_ignition",
    "order_id": "scenario-185-momentum_ignition-agent-momentum_ignition-27",
    "action": "new",
    "side": "buy",
    "price": 65285.38489999999,
    "quantity": 0.08,
    "remaining_quantity": 0.08
  },
  {
    "event_id": "6d93ad61fad2650d6b7b09b6fb7a4390607db7b4efa894587a818b3c450bcad3",
    "schema_version": "1.0.0",
    "event_type": "agent_order",
    "source": "synthetic_agent",
    "symbol": "BTCUSDT",
    "exchange": "binance_usdm",
    "timestamp": "2024-05-01T00:00:02.240000Z",
    "sequence": 28,
    "scenario_id": "scenario-185-momentum_ignition",
    "agent_id": "agent-momentum_ignition",
    "order_id": "scenario-185-momentum_ignition-agent-momentum_ignition-28",
    "action": "new",
    "side": "buy",
    "price": 65286.68859999999,
    "quantity": 0.08,
    "remaining_quantity": 0.08
  },
  {
    "event_id": "c2fbbe96f6500246c803845571c7c3f5144f4246c24b8950dc28f4989a984183",
    "schema_version": "1.0.0",
    "event_type": "agent_order",
    "source": "synthetic_agent",
    "symbol": "BTCUSDT",
    "exchange": "binance_usdm",
    "timestamp": "2024-05-01T00:00:02.320000Z",
    "sequence": 29,
    "scenario_id": "scenario-185-momentum_ignition",
    "agent_id": "agent-momentum_ignition",
    "order_id": "scenario-185-momentum_ignition-agent-momentum_ignition-29",
    "action": "new",
    "side": "buy",
    "price": 65287.9923,
    "quantity": 0.08,
    "remaining_quantity": 0.08
  }
]