[
  {
    "event_id": "e5ac64562e4cba94124c5eb438bc683c0c916d724315187f492ae19fbce50a91",
    "schema_version": "1.0.0",
    "event_type": "agent_order",
    "source": "synthetic_agent",
    "symbol": "BTCUSDT",
    "exchange": "binance_usdm",
    "timestamp": "2024-05-01T00:00:00Z",
    "sequence": 0,
    "scenario_id": "scenario-079-coordinated_burst",
    "agent_id": "agent-coordinated_burst-0",
    "order_id": "scenario-079-coordinated_burst-agent-coordinated_burst-0-0",
    "action": "new",
    "side": "buy",
    "price": 65092.0158,
    "quantity": 0.04,
    "remaining_quantity": 0.04
  },
  {
    "event_id": "c9d8a7ff9d576fb39f3ebfb6a562be580fab73187d6c10a1a117686e5464f9dc",
    "schema_version": "1.0.0",
    "event_type": "agent_order",
    "source": "synthetic_agent",
    "symbol": "BTCUSDT",
    "exchange": "binance_usdm",
    "timestamp": "2024-05-01T00:00:00.012000Z",
    "sequence": 1,
    "scenario_id": "scenario-079-coordinated_burst",
    "agent_id": "agent-coordinated_burst-1",
    "order_id": "scenario-079-coordinated_burst-agent-coordinated_burst-1-1",
    "action": "new",
    "side": "sell",
    "price": 65065.9842,
    "quantity": 0.04,
    "remaining_quantity": 0.04
  },
  {
    "event_id": "775349acad417a8eabd1e1d01ce84d455f047696280fa380b1d1f5bf9a1599b8",
    "schema_version": "1.0.0",
    "event_type": "agent_order",
    "source": "synthetic_agent",
    "symbol": "BTCUSDT",
    "exchange": "binance_usdm",
    "timestamp": "2024-05-01T00:00:00.024000Z",
    "sequence": 2,
    "scenario_id": "scenario-079-coordinated_burst",
    "agent_id": "agent-coordinated_burst-2",
    "order_id": "scenario-079-coordinated_burst-agent-coordinated_burst-2-2",
    "action": "new",
    "side": "sell",
    "price": 65065.9842,
    "quantity": 0.04,
    "remaining_quantity": 0.04
  },
  {
    "event_id": "16f22e404a8d07320fd1a76a9096a7954e5580b1303e78c0536357a8d29b9aef",
    "schema_version": "1.0.0",
    "event_type": "agent_order",
    "source": "synthetic_agent",
    "symbol": "BTCUSDT",
    "exchange": "binance_usdm",
    "timestamp": "2024-05-01T00:00:00.036000Z",
    "sequence": 3,
    "scenario_id": "scenario-079-coordinated_burst",
    "agent_id": "agent-coordinated_burst-0",
    "order_id": "scenario-079-coordinated_burst-agent-coordinated_burst-0-3",
    "action": "new",
    "side": "buy",
    "price": 65092.0158,
    "quantity": 0.04,
    "remaining_quantity": 0.04
  },
  {
    "event_id": "034bcf5a99897498fe053b2457a2f96aa486cd56a43aa1aacac28bbe91140340",
    "schema_version": "1.0.0",
    "event_type": "agent_order",
    "source": "synthetic_agent",
    "symbol": "BTCUSDT",
    "exchange": "binance_usdm",
    "timestamp": "2024-05-01T00:00:00.048000Z",
    "sequence": 4,
    "scenario_id": "scenario-079-coordinated_burst",
    "agent_id": "agent-coordinated_burst-1",
    "order_id": "scenario-079-coordinated_burst-agent-coordinated_burst-1-4",
    "action": "new",
    "side": "sell",
    "price": 65065.9842,
    "quantity": 0.04,
    "remaining_quantity": 0.04
  },
  {
    "event_id": "962d835dece6b2ea484f1147d0b6e1209c91af59e4d6325af4c496996588f8c2",
    "schema_version": "1.0.0",
    "event_type": "agent_order",
    "source": "synthetic_agent",
    "symbol": "BTCUSDT",
    "exchange": "binance_usdm",
    "timestamp": "2024-05-01T00:00:00.600000Z",
    "sequence": 5,
    "scenario_id": "scenario-079-coordinated_burst",
    "agent_id": "agent-coordinated_burst-2",
    "order_id": "scenario-079-coordinated_burst-agent-coordinated_burst-2-5",
    "action": "new",
    "side": "sell",
    "price": 65065.9842,
    "quantity": 0.04,
    "remaining_quantity": 0.04
  },
  {
    "event_id": "4b0b1fc232e5eed8536dc517457932145e5301b90150a3bbae0a34ed830a3815",
    "schema_version": "1.0.0",
    "event_type": "agent_order",
    "source": "synthetic_agent",
    "symbol": "BTCUSDT",
    "exchange": "binance_usdm",
    "timestamp": "2024-05-01T00:00:00.072000Z",
    "sequence": 6,
    "scenario_id": "scenario-079-coordinated_burst",
    "agent_id": "agent-coordinated_burst-0",
    "order_id": "scenario-079-coordinated_burst-agent-coordinated_burst-0-6",
    "action": "new",
    "side": "buy",
    "price": 65092.0158,
    "quantity": 0.04,
    "remaining_quantity": 0.04
  },
  {
    "event_id": "5d0e9c9a38308b5bcb5cbac05135a0d528182288b1c41f41d010c16348d5f7cb",
    "schema_version": "1.0.0",
    "event_type": "agent_order",
    "source": "synthetic_agent",
    "symbol": "BTCUSDT",
    "exchange": "binance_usdm",
    "timestamp": "2024-05-01T00:00:00.084000Z",
    "sequence": 7,
    "scenario_id": "scenario-079-coordinated_burst",
    "agent_id": "agent-coordinated_burst-1",
    "order_id": "scenario-079-coordinated_burst-agent-coordinated_burst-1-7",
    "action": "new",
    "side": "sell",
    "price": 65065.9842,
    "quantity": 0.04,
    "remaining_quantity": 0.04
  },
  {
    "event_id": "79b6f5ef76eca4a57e753a5b107b3fe6c413281b4302597bcc198f13516d4bbd",
    "schema_version": "1.0.0",
    "event_type": "agent_order",
    "source": "synthetic_agent",
    "symbol": "BTCUSDT",
    "exchange": "binance_usdm",
    "timestamp": "2024-05-01T00:00:00.096000Z",
    "sequence": 8,
    "scenario_id": "scenario-079-coordinated_burst",
    "agent_id": "agent-coordinated_burst-2",
    "order_id": "scenario-079-coordinated_burst-agent-coordinated_burst-2-8",
    "action": "new",
    "side": "sell",
    "price": 65065.9842,
    "quantity": 0.04,
    "remaining_quantity": 0.04
  },
  {
    "event_id": "932b330119e3eac5fbce47a92b6c012160df3dbbfd66f79fdd39671ac9eebe36",
    "schema_version": "1.0.0",
    "event_type": "agent_order",
    "source": "synthetic_agent",
    "symbol": "BTCUSDT",
    "exchange": "binance_usdm",
    "timestamp": "2024-05-01T00:00:00.108000Z",
    "sequence": 9,
    "scenario_id": "scenario-079-coordinated_burst",
    "agent_id": "agent-coordinated_burst-0",
    "order_id": "scenario-079-coordinated_burst-agent-coordinated_burst-0-9",
    "action": "new",
    "side": "buy",
    "price": 65092.0158,
    "quantity": 0.04,
    "remaining_quantity": 0.04
  },
  {
    "event_id": "7c3837579ce05291152c16f6ff1321b2792904629e08f40802e442f4a510802d",
    "schema_version": "1.0.0",
    "event_type": "agent_order",
    "source": "synthetic_agent",
    "symbol": "BTCUSDT",
    "exchange": "binance_usdm",
    "timestamp": "2024-05-01T00:00:01.200000Z",
    "sequence": 10,
    "scenario_id": "scenario-079-coordinated_burst",
    "agent_id": "agent-coordinated_burst-1",
    "order_id": "scenario-079-coordinated_burst-agent-coordinated_burst-1-10",
    "action": "new",
    "side": "sell",
    "price": 65065.9842,
    "quantity": 0.04,
    "remaining_quantity": 0.04
  },
  {
    "event_id": "a6af37411d2496059130d28556edeb90b0eca8900960331a40c9461aa3055b17",
    "schema_version": "1.0.0",
    "event_type": "agent_order",
    "source": "synthetic_agent",
    "symbol": "BTCUSDT",
    "exchange": "binance_usdm",
    "timestamp": "2024-05-01T00:00:00.132000Z",
    "sequence": 11,
    "scenario_id": "scenario-079-coordinated_burst",
    "agent_id": "agent-coordinated_burst-2",
    "order_id": "scenario-079-coordinated_burst-agent-coordinated_burst-2-11",
    "action": "new",
    "side": "sell",
    "price": 65065.9842,
    "quantity": 0.04,
    "remaining_quantity": 0.04
  },
  {
    "event_id": "2678bdd8dc8e9b04e117dbb49eb251f13c9075f952ab67f557d9f3c4a3258a22",
    "schema_version": "1.0.0",
    "event_type": "agent_order",
    "source": "synthetic_agent",
    "symbol": "BTCUSDT",
    "exchange": "binance_usdm",
    "timestamp": "2024-05-01T00:00:00.144000Z",
    "sequence": 12,
    "scenario_id": "scenario-079-coordinated_burst",
    "agent_id": "agent-coordinated_burst-0",
    "order_id": "scenario-079-coordinated_burst-agent-coordinated_burst-0-12",
    "action": "new",
    "side": "buy",
    "price": 65092.0158,
    "quantity": 0.04,
    "remaining_quantity": 0.04
  },
  {
    "event_id": "1271987e5c82e94c0dd212eb7676e535a0072b550406b64408f15554f838ec6b",
    "schema_version": "1.0.0",
    "event_type": "agent_order",
    "source": "synthetic_agent",
    "symbol": "BTCUSDT",
    "exchange": "binance_usdm",
    "timestamp": "2024-05-01T00:00:00.156000Z",
    "sequence": 13,
    "scenario_id": "scenario-079-coordinated_burst",
    "agent_id": "agent-coordinated_burst-1",
    "order_id": "scenario-079-coordinated_burst-agent-coordinated_burst-1-13",
    "action": "new",
    "side": "sell",
    "price": 65065.9842,
    "quantity": 0.04,
    "remaining_quantity": 0.04
  },
  {
    "event_id": "b08211acd5b15ac1e0f9bff4f33a326a5a1e7a559d1035ca0e967137b7ff3093",
    "schema_version": "1.0.0",
    "event_type": "agent_order",
    "source": "synthetic_agent",
    "symbol": "BTCUSDT",
    "exchange": "binance_usdm",
    "timestamp": "2024-05-01T00:00:00.168000Z",
    "sequence": 14,
    "scenario_id": "scenario-079-coordinated_burst",
    "agent_id": "agent-coordinated_burst-2",
    "order_id": "scenario-079-coordinated_burst-agent-coordinated_burst-2-14",
    "action": "new",
    "side": "sell",
    "price": 65065.9842,
    "quantity": 0.04,
    "remaining_quantity": 0.04
  },
  {
    "event_id": "5e39250211ee9ea6ce6b92e5f86768db21aea0a722471fca1cf7d0e7ae61c012",
    "schema_version": "1.0.0",
    "event_type": "agent_order",
    "source": "synthetic_agent",
    "symbol": "BTCUSDT",
    "exchange": "binance_usdm",
    "timestamp": "2024-05-01T00:00:01.800000Z",
    "sequence": 15,
    "scenario_id": "scenario-079-coordinated_burst",
    "agent_id": "agent-coordinated_burst-0",
    "order_id": "scenario-079-coordinated_burst-agent-coordinated_burst-0-15",
    "action": "new",
    "side": "buy",
    "price": 65092.0158,
    "quantity": 0.04,
    "remaining_quantity": 0.04
  },
  {
    "event_id": "d99b1dde91bd067e4d85b83932e1081d7424e78aac4b8defb88ebe540fbb3b85",
    "schema_version": "1.0.0",
    "event_type": "agent_order",
    "source": "synthetic_agent",
    "symbol": "BTCUSDT",
    "exchange": "binance_usdm",
    "timestamp": "2024-05-01T00:00:00.192000Z",
    "sequence": 16,
    "scenario_id": "scenario-079-coordinated_burst",
    "agent_id": "agent-coordinated_burst-1",
    "order_id": "scenario-079-coordinated_burst-agent-coordinated_burst-1-16",
    "action": "new",
    "side": "sell",
    "price": 65065.9842,
    "quantity": 0.04,
    "remaining_quantity": 0.04
  },
  {
    "event_id": "28fedd4c1074f478b643b017fd165c0333e99dd41de1a3e9cd85361a62623ebb",
    "schema_version": "1.0.0",
    "event_type": "agent_order",
    "source": "synthetic_agent",
    "symbol": "BTCUSDT",
    "exchange": "binance_usdm",
    "timestamp": "2024-05-01T00:00:00.204000Z",
    "sequence": 17,
    "scenario_id": "scenario-079-coordinated_burst",
    "agent_id": "agent-coordinated_burst-2",
    "order_id": "scenario-079-coordinated_burst-agent-coordinated_burst-2-17",
    "action": "new",
    "side": "sell",
    "price": 65065.9842,
    "quantity": 0.04,
    "remaining_quantity": 0.04
  },
  {
    "event_id": "8d15fb019253531de00602a35d2e04cae6fc44c690d2a5f070247dbb3a3b3cc4",
    "schema_version": "1.0.0",
    "event_type": "agent_order",
    "source": "synthetic_agent",
    "symbol": "BTCUSDT",
    "exchange": "binance_usdm",
    "timestamp": "2024-05-01T00:00:00.216000Z",
    "sequence": 18,
    "scenario_id": "scenario-079-coordinated_burst",
    "agent_id": "agent-coordinated_burst-0",
    "order_id": "scenario-079-coordinated_burst-agent-coordinated_burst-0-18",
    "action": "new",
    "side": "buy",
    "price": 65092.0158,
    "quantity": 0.04,
    "remaining_quantity": 0.04
  },
  {
    "event_id": "414604db605c2c947309e274c82e6eda808711a6fb6e26b0ada0572dcac98e7d",
    "schema_version": "1.0.0",
    "event_type": "agent_order",
    "source": "synthetic_agent",
    "symbol": "BTCUSDT",
    "exchange": "binance_usdm",
    "timestamp": "2024-05-01T00:00:00.228000Z",
    "sequence": 19,
    "scenario_id": "scenario-079-coordinated_burst",
    "agent_id": "agent-coordinated_burst-1",
    "order_id": "scenario-079-coordinated_burst-agent-coordinated_burst-1-19",
    "action": "new",
    "side": "sell",
    "price": 65065.9842,
    "quantity": 0.04,
    "remaining_quantity": 0.04
  },
  {
    "event_id": "d0d80b29e7a0076b2b8bd6e82d0b8c6269f3c4b977d7d2d093caf1859e153338",
    "schema_version": "1.0.0",
    "event_type": "agent_order",
    "source": "synthetic_agent",
    "symbol": "BTCUSDT",
    "exchange": "binance_usdm",
    "timestamp": "2024-05-01T00:00:02.400000Z",
    "sequence": 20,
    "scenario_id": "scenario-079-coordinated_burst",
    "agent_id": "agent-coordinated_burst-2",
    "order_id": "scenario-079-coordinated_burst-agent-coordinated_burst-2-20",
    "action": "new",
    "side": "sell",
    "price": 65065.9842,
    "quantity": 0.04,
    "remaining_quantity": 0.04
  },
  {
    "event_id": "bce56e9b5ab9268e62f4595396aaa7cee84967a210502941cc6a75765cfd5bea",
    "schema_version": "1.0.0",
    "event_type": "agent_order",
    "source": "synthetic_agent",
    "symbol": "BTCUSDT",
    "exchange": "binance_usdm",
    "timestamp": "2024-05-01T00:00:00.252000Z",
    "sequence": 21,
    "scenario_id": "scenario-079-coordinated_burst",
    "agent_id": "agent-coordinated_burst-0",
    "order_id": "scenario-079-coordinated_burst-agent-coordinated_burst-0-21",
    "action": "new",
    "side": "buy",
    "price": 65092.0158,
    "quantity": 0.04,
    "remaining_quantity": 0.04
  },
  {
    "event_id": "6a00a44cda7fb6c0d8f292c0af067a96685a208ba45d776260dee20c2144f917",
    "schema_version": "1.0.0",
    "event_type": "agent_order",
    "source": "synthetic_agent",
    "symbol": "BTCUSDT",
    "exchange": "binance_usdm",
    "timestamp": "2024-05-01T00:00:00.264000Z",
    "sequence": 22,
    "scenario_id": "scenario-079-coordinated_burst",
    "agent_id": "agent-coordinated_burst-1",
    "order_id": "scenario-079-coordinated_burst-agent-coordinated_burst-1-22",
    "action": "new",
    "side": "sell",
    "price": 65065.9842,
    "quantity": 0.04,
    "remaining_quantity": 0.04
  },
  {
    "event_id": "29874384808d2af1df2956573aeeced485e43cd93eea9d4a2a151e380640ddeb",
    "schema_version": "1.0.0",
    "event_type": "agent_order",
    "source": "synthetic_agent",
    "symbol": "BTCUSDT",
    "exchange": "binance_usdm",
    "timestamp": "2024-05-01T00:00:00.276000Z",
    "sequence": 23,
    "scenario_id": "scenario-079-coordinated_burst",
    "agent_id": "agent-coordinated_burst-2",
    "order_id": "scenario-079-coordinated_burst-agent-coordinated_burst-2-23",
    "action": "new",
    "side": "sell",
    "price": 65065.9842,
    "quantity": 0.04,
    "remaining_quantity": 0.04
  },
  {
    "event_id": "8345d33fb707478c66820ecfb1caabd07bbae21341264b4b82a48931d5dc816c",
    "schema_version": "1.0.0",
    "event_type": "agent_order",
    "source": "synthetic_agent",
    "symbol": "BTCUSDT",
    "exchange": "binance_usdm",
    "timestamp": "2024-05-01T00:00:00.288000Z",
    "sequence": 24,
    "scenario_id": "scenario-079-coordinated_burst",
    "agent_id": "agent-coordinated_burst-0",
    "order_id": "scenario-079-coordinated_burst-agent-coordinated_burst-0-24",
    "action": "new",
    "side": "buy",
    "price": 65092.0158,
    "quantity": 0.04,
    "remaining_quantity": 0.04
  },
  {
    "event_id": "b603693b111f18cf1827b02d4b89d25c1484b6a570218acf9731f073935eca0a",
    "schema_version": "1.0.0",
    "event_type": "agent_order",
    "source": "synthetic_agent",
    "symbol": "BTCUSDT",
    "exchange": "binance_usdm",
    "timestamp": "2024-05-01T00:00:03Z",
    "sequence": 25,
    "scenario_id": "scenario-079-coordinated_burst",
    "agent_id": "agent-coordinated_burst-1",
    "order_id": "scenario-079-coordinated_burst-agent-coordinated_burst-1-25",
    "action": "new",
    "side": "sell",
    "price": 65065.9842,
    "quantity": 0.04,
    "remaining_quantity": 0.04
  },
  {
    "event_id": "f05bf887ba31fd1534f489a47ac55cb391ab1fe31331763605e0fba8d90d4c2a",
    "schema_version": "1.0.0",
    "event_type": "agent_order",
    "source": "synthetic_agent",
    "symbol": "BTCUSDT",
    "exchange": "binance_usdm",
    "timestamp": "2024-05-01T00:00:00.312000Z",
    "sequence": 26,
    "scenario_id": "scenario-079-coordinated_burst",
    "agent_id": "agent-coordinated_burst-2",
    "order_id": "scenario-079-coordinated_burst-agent-coordinated_burst-2-26",
    "action": "new",
    "side": "sell",
    "price": 65065.9842,
    "quantity": 0.04,
    "remaining_quantity": 0.04
  },
  {
    "event_id": "a86e6d89e661376da1c027d94c9482bda970c5807fdae71b9f54306317709863",
    "schema_version": "1.0.0",
    "event_type": "agent_order",
    "source": "synthetic_agent",
    "symbol": "BTCUSDT",
    "exchange": "binance_usdm",
    "timestamp": "2024-05-01T00:00:00.324000Z",
    "sequence": 27,
    "scenario_id": "scenario-079-coordinated_burst",
    "agent_id": "agent-coordinated_burst-0",
    "order_id": "scenario-079-coordinated_burst-agent-coordinated_burst-0-27",
    "action": "new",
    "side": "buy",
    "price": 65092.0158,
    "quantity": 0.04,
    "remaining_quantity": 0.04
  },
  {
    "event_id": "97cf1a50cb7a60b1d33c6d77fbbaa75d9af8c9fd6485f79c0d06f0a611f5b0b7",
    "schema_version": "1.0.0",
    "event_type": "agent_order",
    "source": "synthetic_agent",
    "symbol": "BTCUSDT",
    "exchange": "binance_usdm",
    "timestamp": "2024-05-01T00:00:00.336000Z",
    "sequence": 28,
    "scenario_id": "scenario-079-coordinated_burst",
    "agent_id": "agent-coordinated_burst-1",
    "order_id": "scenario-079-coordinated_burst-agent-coordinated_burst-1-28",
    "action": "new",
    "side": "sell",
    "price": 65065.9842,
    "quantity": 0.04,
    "remaining_quantity": 0.04
  },
  {
    "event_id": "40427aa1d346d64c5d64da9fb13ec2891f4c028ef8cd608dc37a36c436a42eb7",
    "schema_version": "1.0.0",
    "event_type": "agent_order",
    "source": "synthetic_agent",
    "symbol": "BTCUSDT",
    "exchange": "binance_usdm",
    "timestamp": "2024-05-01T00:00:00.348000Z",
    "sequence": 29,
    "scenario_id": "scenario-079-coordinated_burst",
    "agent_id": "agent-coordinated_burst-2",
    "order_id": "scenario-079-coordinated_burst-agent-coordinated_burst-2-29",
    "action": "new",
    "side": "sell",
    "price": 65065.9842,
    "quantity": 0.04,
    "remaining_quantity": 0.04
  }
]