[
  {
    "event_id": "85e7f83a814b009a07cccc2961d93db73a777844d8798a2a627302dfde9f4ab6",
    "schema_version": "1.0.0",
    "event_type": "agent_order",
    "source": "synthetic_agent",
    "symbol": "BTCUSDT",
    "exchange": "binance_usdm",
    "timestamp": "2024-05-01T00:00:00Z",
    "sequence": 0,
    "scenario_id": "scenario-284-latency_edge",
    "agent_id": "agent-latency_edge",
    "order_id": "scenario-284-latency_edge-agent-latency_edge-0",
    "action": "new",
    "side": "buy",
    "price": 65323.170399999995,
    "quantity": 0.006,
    "remaining_quantity": 0.006
  },
  {
    "event_id": "564cdd3290fbfa796a9ee5135eacff0d68ecee868a4bee8d76872db8e4a18f7b",
    "schema_version": "1.0.0",
    "event_type": "agent_order",
    "source": "synthetic_agent",
    "symbol": "BTCUSDT",
    "exchange": "binance_usdm",
    "timestamp": "2024-05-01T00:00:00.008000Z",
    "sequence": 1,
    "scenario_id": "scenario-284-latency_edge",
    "agent_id": "agent-latency_edge",
    "order_id": "scenario-284-latency_edge-agent-latency_edge-1",
    "action": "new",
    "side": "buy",
    "price": 65323.170399999995,
    "quantity": 0.006,
    "remaining_quantity": 0.006
  },
  {
    "event_id": "fbf0c0b5eeb95249607b1e1fe154d8ee76a401581d058431227d8b73d808eb87",
    "schema_version": "1.0.0",
    "event_type": "agent_order",
    "source": "synthetic_agent",
    "symbol": "BTCUSDT",
    "exchange": "binance_usdm",
    "timestamp": "2024-05-01T00:00:00.016000Z",
    "sequence": 2,
    "scenario_id": "scenario-284-latency_edge",
    "agent_id": "agent-latency_edge",
    "order_id": "scenario-284-latency_edge-agent-latency_edge-2",
    "action": "new",
    "side": "sell",
    "price": 65244.8296,
    "quantity": 0.006,
    "remaining_quantity": 0.006
  },
  {
    "event_id": "a03d9fedf43885868014c3e9ef0b0bef28c96317cb2c55d4f47fbafffc9f6353",
    "schema_version": "1.0.0",
    "event_type": "agent_order",
    "source": "synthetic_agent",
    "symbol": "BTCUSDT",
    "exchange": "binance_usdm",
    "timestamp": "2024-05-01T00:00:00.024000Z",
    "sequence": 3,
    "scenario_id": "scenario-284-latency_edge",
    "agent_id": "agent-latency_edge",
    "order_id": "scenario-284-latency_edge-agent-latency_edge-3",
    "action": "new",
    "side": "sell",
    "price": 65244.8296,
    "quantity": 0.006,
    "remaining_quantity": 0.006
  },
  {
    "event_id": "700187c2d35dcf0efa64f99c9d249b4e5945ac6c848a2e5937b57521e839ec53",
    "schema_version": "1.0.0",
    "event_type": "agent_order",
    "source": "synthetic_agent",
    "symbol": "BTCUSDT",
    "exchange": "binance_usdm",
    "timestamp": "2024-05-01T00:00:00.032000Z",
    "sequence": 4,
    "scenario_id": "scenario-284-latency_edge",
    "agent_id": "agent-latency_edge",
    "order_id": "scenario-284-latency_edge-agent-latency_edge-4",
    "action": "new",
    "side": "buy",
    "price": 65323.170399999995,
    "quantity": 0.006,
    "remaining_quantity": 0.006
  },
  {
    "event_id": "ee38a5d768bae5a0c93823b3f90f9089a1566d071e23105fadfd4ce423edf404",
    "schema_version": "1.0.0",
    "event_type": "agent_order",
    "source": "synthetic_agent",
    "symbol": "BTCUSDT",
    "exchange": "binance_usdm",
    "timestamp": "2024-05-01T00:00:00.040000Z",
    "sequence": 5,
    "scenario_id": "scenario-284-latency_edge",
    "agent_id": "agent-latency_edge",
    "order_id": "scenario-284-latency_edge-agent-latency_edge-5",
    "action": "new",
    "side": "buy",
    "price": 65323.170399999995,
    "quantity": 0.006,
    "remaining_quantity": 0.006
  },
  {
    "event_id": "53891e333cd899ae1b89721b52925a9a3d2cf4c818c0a38da998d2676b1627c4",
    "schema_version": "1.0.0",
    "event_type": "agent_order",
    "source": "synthetic_agent",
    "symbol": "BTCUSDT",
    "exchange": "binance_usdm",
    "timestamp": "2024-05-01T00:00:00.048000Z",
    "sequence": 6,
    "scenario_id": "scenario-284-latency_edge",
    "agent_id": "agent-latency_edge",
    "order_id": "scenario-284-latency_edge-agent-latency_edge-6",
    "action": "new",
    "side": "sell",
    "price": 65244.8296,
    "quantity": 0.006,
    "remaining_quantity": 0.006
  },
  {
    "event_id": "4f780f9a11ff35e581d47704520efae56c50ec53ff2807bfaf36e5d75710e7b0",
    "schema_version": "1.0.0",
    "event_type": "agent_order",
    "source": "synthetic_agent",
    "symbol": "BTCUSDT",
    "exchange": "binance_usdm",
    "timestamp": "2024-05-01T00:00:00.056000Z",
    "sequence": 7,
    "scenario_id": "scenario-284-latency_edge",
    "agent_id": "agent-latency_edge",
    "order_id": "scenario-284-latency_edge-agent-latency_edge-7",
    "action": "new",
    "side": "sell",
    "price": 65244.8296,
    "quantity": 0.006,
    "remaining_quantity": 0.006
  },
  {
    "event_id": "dd651c262b57ab5fcebcf783415b49e7087f90172b77c7160c447d18f4734894",
    "schema_version": "1.0.0",
    "event_type": "agent_order",
    "source": "synthetic_agent",
    "symbol": "BTCUSDT",
    "exchange": "binance_usdm",
    "timestamp": "2024-05-01T00:00:00.064000Z",
    "sequence": 8,
    "scenario_id": "scenario-284-latency_edge",
    "agent_id": "agent-latency_edge",
    "order_id": "scenario-284-latency_edge-agent-latency_edge-8",
    "action": "new",
    "side": "buy",
    "price": 65323.170399999995,
    "quantity": 0.006,
    "remaining_quantity": 0.006
  },
  {
    "event_id": "85b663267a2407b48791e5bbf8f5e8485f89713f7d857caabf5a96162e3bd7a7",
    "schema_version": "1.0.0",
    "event_type": "agent_order",
    "source": "synthetic_agent",
    "symbol": "BTCUSDT",
    "exchange": "binance_usdm",
    "timestamp": "2024-05-01T00:00:00.072000Z",
    "sequence": 9,
    "scenario_id": "scenario-284-latency_edge",
    "agent_id": "agent-latency_edge",
    "order_id": "scenario-284-latency_edge-agent-latency_edge-9",
    "action": "new",
    "side": "buy",
    "price": 65323.170399999995,
    "quantity": 0.006,
    "remaining_quantity": 0.006
  },
  {
    "event_id": "a2c5a9429d9fbfdad8ad4aea937468f37b4e69c317d04d581eba5603e952bbbc",
    "schema_version": "1.0.0",
    "event_type": "agent_order",
    "source": "synthetic_agent",
    "symbol": "BTCUSDT",
    "exchange": "binance_usdm",
    "timestamp": "2024-05-01T00:00:00.080000Z",
    "sequence": 10,
    "scenario_id": "scenario-284-latency_edge",
    "agent_id": "agent-latency_edge",
    "order_id": "scenario-284-latency_edge-agent-latency_edge-10",
    "action": "new",
    "side": "sell",
    "price": 65244.8296,
    "quantity": 0.006,
    "remaining_quantity": 0.006
  },
  {
    "event_id": "6433bc05c6b17d8c67d2b9b37ed0ae87132e5e2fc0719df1381c3c7b40b16d3a",
    "schema_version": "1.0.0",
    "event_type": "agent_order",
    "source": "synthetic_agent",
    "symbol": "BTCUSDT",
    "exchange": "binance_usdm",
    "timestamp": "2024-05-01T00:00:00.088000Z",
    "sequence": 11,
    "scenario_id": "scenario-284-latency_edge",
    "agent_id": "agent-latency_edge",
    "order_id": "scenario-284-latency_edge-agent-latency_edge-11",
    "action": "new",
    "side": "sell",
    "price": 65244.8296,
    "quantity": 0.006,
    "remaining_quantity": 0.006
  },
  {
    "event_id": "c860ad148f7f891ba08a2f11a6efe62a913049ad67b0a741ba4097eec63fd26c",
    "schema_version": "1.0.0",
    "event_type": "agent_order",
    "source": "synthetic_agent",
    "symbol": "BTCUSDT",
    "exchange": "binance_usdm",
    "timestamp": "2024-05-01T00:00:00.096000Z",
    "sequence": 12,
    "scenario_id": "scenario-284-latency_edge",
    "agent_id": "agent-latency_edge",
    "order_id": "scenario-284-latency_edge-agent-latency_edge-12",
    "action": "new",
    "side": "buy",
    "price": 65323.170399999995,
    "quantity": 0.006,
    "remaining_quantity": 0.006
  },
  {
    "event_id": "902b4c96d9d8106fd018595e0243850d35de5ae3d90eebb6d5a461b311b85b37",
    "schema_version": "1.0.0",
    "event_type": "agent_order",
    "source": "synthetic_agent",
    "symbol": "BTCUSDT",
    "exchange": "binance_usdm",
    "timestamp": "2024-05-01T00:00:00.104000Z",
    "sequence": 13,
    "scenario_id": "scenario-284-latency_edge",
    "agent_id": "agent-latency_edge",
    "order_id": "scenario-284-latency_edge-agent-latency_edge-13",
    "action": "new",
    "side": "buy",
    "price": 65323.170399999995,
    "quantity": 0.006,
    "remaining_quantity": 0.006
  },
  {
    "event_id": "f094751b4e41f7e81c17673c34ddcd97a6936be9269288ccdebbc6ef9496b5ba",
    "schema_version": "1.0.0",
    "event_type": "agent_order",
    "source": "synthetic_agent",
    "symbol": "BTCUSDT",
    "exchange": "binance_usdm",
    "timestamp": "2024-05-01T00:00:00.112000Z",
    "sequence": 14,
    "scenario_id": "scenario-284-latency_edge",
    "agent_id": "agent-latency_edge",
    "order_id": "scenario-284-latency_edge-agent-latency_edge-14",
    "action": "new",
    "side": "sell",
    "price": 65244.8296,
    "quantity": 0.006,
    "remaining_quantity": 0.006
  },
  {
    "event_id": "bac5688f0676f321af004e6a24a45130cbf2ef19dc67ac54cc690ddcf29fc638",
    "schema_version": "1.0.0",
    "event_type": "agent_order",
    "source": "synthetic_agent",
    "symbol": "BTCUSDT",
    "exchange": "binance_usdm",
    "timestamp": "2024-05-01T00:00:00.120000Z",
    "sequence": 15,
    "scenario_id": "scenario-284-latency_edge",
    "agent_id": "agent-latency_edge",
    "order_id": "scenario-284-latency_edge-agent-latency_edge-15",
    "action": "new",
    "side": "sell",
    "price": 65244.8296,
    "quantity": 0.006,
    "remaining_quantity": 0.006
  },
  {
    "event_id": "1ae56aa3ce79071402f4851fef5e933599f1051d65821e15c98e708d668af79c",
    "schema_version": "1.0.0",
    "event_type": "agent_order",
    "source": "synthetic_agent",
    "symbol": "BTCUSDT",
    "exchange": "binance_usdm",
    "timestamp": "2024-05-01T00:00:00.128000Z",
    "sequence": 16,
    "scenario_id": "scenario-284-latency_edge",
    "agent_id": "agent-latency_edge",
    "order_id": "scenario-284-latency_edge-agent-latency_edge-16",
    "action": "new",
    "side": "buy",
    "price": 65323.170399999995,
    "quantity": 0.006,
    "remaining_quantity": 0.006
  },
  {
    "event_id": "3305b6094baab455cf313395411939acd8269b4a2a647020fbb3c78e73d9d305",
    "schema_version": "1.0.0",
    "event_type": "agent_order",
    "source": "synthetic_agent",
    "symbol": "BTCUSDT",
    "exchange": "binance_usdm",
    "timestamp": "2024-05-01T00:00:00.136000Z",
    "sequence": 17,
    "scenario_id": "scenario-284-latency_edge",
    "agent_id": "agent-latency_edge",
    "order_id": "scenario-284-latency_edge-agent-latency_edge-17",
    "action": "new",
    "side": "buy",
    "price": 65323.170399999995,
    "quantity": 0.006,
    "remaining_quantity": 0.006
  },
  {
    "event_id": "8b441ba4284bd62226a60b030551cb7f86e9903af5cee0e48950465ca07bc956",
    "schema_version": "1.0.0",
    "event_type": "agent_order",
    "source": "synthetic_agent",
    "symbol": "BTCUSDT",
    "exchange": "binance_usdm",
    "timestamp": "2024-05-01T00:00:00.144000Z",
    "sequence": 18,
    "scenario_id": "scenario-284-latency_edge",
    "agent_id": "agent-latency_edge",
    "order_id": "scenario-284-latency_edge-agent-latency_edge-18",
    "action": "new",
    "side": "sell",
    "price": 65244.8296,
    "quantity": 0.006,
    "remaining_quantity": 0.006
  },
  {
    "event_id": "81f2f9f202ec0c52959e605fc688638488adb800b17ba09acf8c1438eae3cbd2",
    "schema_version": "1.0.0",
    "event_type": "agent_order",
    "source": "synthetic_agent",
    "symbol": "BTCUSDT",
    "exchange": "binance_usdm",
    "timestamp": "2024-05-01T00:00:00.152000Z",
    "sequence": 19,
    "scenario_id": "scenario-284-latency_edge",
    "agent_id": "agent-latency_edge",
    "order_id": "scenario-284-latency_edge-agent-latency_edge-19",
    "action": "new",
    "side": "sell",
    "price": 65244.8296,
    "quantity": 0.006,
    "remaining_quantity": 0.006
  },
  {
    "event_id": "5fba88955a6ce8ec6e2810704e8464137f64c3aab424de0eea4fdbb611d5a186",
    "schema_version": "1.0.0",
    "event_type": "agent_order",
    "source": "synthetic_agent",
    "symbol": "BTCUSDT",
    "exchange": "binance_usdm",
    "timestamp": "2024-05-01T00:00:00.160000Z",
    "sequence": 20,
    "scenario_id": "scenario-284-latency_edge",
    "agent_id": "agent-latency_edge",
    "order_id": "scenario-284-latency_edge-agent-latency_edge-20",
    "action": "new",
    "side": "buy",
    "price": 65323.170399999995,
    "quantity": 0.006,
    "remaining_quantity": 0.006
  },
  {
    "event_id": "18f854101116a650f3262b56c2adbfebf738ec74097fae7e7b3fe903a8fa66cc",
    "schema_version": "1.0.0",
    "event_type": "agent_order",
    "source": "synthetic_agent",
    "symbol": "BTCUSDT",
    "exchange": "binance_usdm",
    "timestamp": "2024-05-01T00:00:00.168000Z",
    "sequence": 21,
    "scenario_id": "scenario-284-latency_edge",
    "agent_id": "agent-latency_edge",
    "order_id": "scenario-284-latency_edge-agent-latency_edge-21",
    "action": "new",
    "side": "buy",
    "price": 65323.170399999995,
    "quantity": 0.006,
    "remaining_quantity": 0.006
  },
  {
    "event_id": "f1d8bac3995587b0667d11ae4c893978e2d3943d968379b73cb624f8ca1e6acd",
    "schema_version": "1.0.0",
    "event_type": "agent_order",
    "source": "synthetic_agent",
    "symbol": "BTCUSDT",
    "exchange": "binance_usdm",
    "timestamp": "2024-05-01T00:00:00.176000Z",
    "sequence": 22,
    "scenario_id": "scenario-284-latency_edge",
    "agent_id": "agent-latency_edge",
    "order_id": "scenario-284-latency_edge-agent-latency_edge-22",
    "action": "new",
    "side": "sell",
    "price": 65244.8296,
    "quantity": 0.006,
    "remaining_quantity": 0.006
  },
  {
    "event_id": "4661506e78681ac69d552dda47db667d076447e7f79f0d13fc203add45137836",
    "schema_version": "1.0.0",
    "event_type": "agent_order",
    "source": "synthetic_agent",
    "symbol": "BTCUSDT",
    "exchange": "binance_usdm",
    "timestamp": "2024-05-01T00:00:00.184000Z",
    "sequence": 23,
    "scenario_id": "scenario-284-latency_edge",
    "agent_id": "agent-latency_edge",
    "order_id": "scenario-284-latency_edge-agent-latency_edge-23",
    "action": "new",
    "side": "sell",
    "price": 65244.8296,
    "quantity": 0.006,
    "remaining_quantity": 0.006
  },
  {
    "event_id": "fed7b7edbc59f420935e2d77713732dcd2441e781c5a41fbcff76894e0725ed2",
    "schema_version": "1.0.0",
    "event_type": "agent_order",
    "source": "synthetic_agent",
    "symbol": "BTCUSDT",
    "exchange": "binance_usdm",
    "timestamp": "2024-05-01T00:00:00.192000Z",
    "sequence": 24,
    "scenario_id": "scenario-284-latency_edge",
    "agent_id": "agent-latency_edge",
    "order_id": "scenario-284-latency_edge-agent-latency_edge-24",
    "action": "new",
    "side": "buy",
    "price": 65323.170399999995,
    "quantity": 0.006,
    "remaining_quantity": 0.006
  },
  {
    "event_id": "8776eb546e9c05541cdb615c28d48611064ec2f920965399c7d14b2af089a7e5",
    "schema_version": "1.0.0",
    "event_type": "agent_order",
    "source": "synthetic_agent",
    "symbol": "BTCUSDT",
    "exchange": "binance_usdm",
    "timestamp": "2024-05-01T00:00:00.200000Z",
    "sequence": 25,
    "scenario_id": "scenario-284-latency_edge",
    "agent_id": "agent-latency_edge",
    "order_id": "scenario-284-latency_edge-agent-latency_edge-25",
    "action": "new",
    "side": "buy",
    "price": 65323.170399999995,
    "quantity": 0.006,
    "remaining_quantity": 0.006
  },
  {
    "event_id": "bc66c445f4e014bb1f6195dcf27c552786d0ddcaf9df36abdc7b53c47b77c74c",
    "schema_version": "1.0.0",
    "event_type": "agent_order",
    "source": "synthetic_agent",
    "symbol": "BTCUSDT",
    "exchange": "binance_usdm",
    "timestamp": "2024-05-01T00:00:00.208000Z",
    "sequence": 26,
    "scenario_id": "scenario-284-latency_edge",
    "agent_id": "agent-latency_edge",
    "order_id": "scenario-284-latency_edge-agent-latency_edge-26",
    "action": "new",
    "side": "sell",
    "price": 65244.8296,
    "quantity": 0.006,
    "remaining_quantity": 0.006
  },
  {
    "event_id": "136d1d43cfa62343888ef79bcf7ecf094f203ecf0890f70ccb1939be39d98951",
    "schema_version": "1.0.0",
    "event_type": "agent_order",
    "source": "synthetic_agent",
    "symbol": "BTCUSDT",
    "exchange": "binance_usdm",
    "timestamp": "2024-05-01T00:00:00.216000Z",
    "sequence": 27,
    "scenario_id": "scenario-284-latency_edge",
    "agent_id": "agent-latency_edge",
    "order_id": "scenario-284-latency_edge-agent-latency_edge-27",
    "action": "new",
    "side": "sell",
    "price": 65244.8296,
    "quantity": 0.006,
    "remaining_quantity": 0.006
  },
  {
    "event_id": "106add5e40e35eb1d42fbbe2602cb3c7544dd6058919f45de0f9ea36d6566fa6",
    "schema_version": "1.0.0",
    "event_type": "agent_order",
    "source": "synthetic_agent",
    "symbol": "BTCUSDT",
    "exchange": "binance_usdm",
    "timestamp": "2024-05-01T00:00:00.224000Z",
    "sequence": 28,
    "scenario_id": "scenario-284-latency_edge",
    "agent_id": "agent-latency_edge",
    "order_id": "scenario-284-latency_edge-agent-latency_edge-28",
    "action": "new",
    "side": "buy",
    "price": 65323.170399999995,
    "quantity": 0.006,
    "remaining_quantity": 0.006
  },
  {
    "event_id": "ca3e26b454141bfaafc63bb2e09e7125ac3dfb2f72d9978788d346a0c6cf4de5",
    "schema_version": "1.0.0",
    "event_type": "agent_order",
    "source": "synthetic_agent",
    "symbol": "BTCUSDT",
    "exchange": "binance_usdm",
    "timestamp": "2024-05-01T00:00:00.232000Z",
    "sequence": 29,
    "scenario_id": "scenario-284-latency_edge",
    "agent_id": "agent-latency_edge",
    "order_id": "scenario-284-latency_edge-agent-latency_edge-29",
    "action": "new",
    "side": "buy",
    "price": 65323.170399999995,
    "quantity": 0.006,
    "remaining_quantity": 0.006
  }
]