[
  {
    "event_id": "2b73781c9aca95e714a6189bf7c02400f1026a192a7d84c37aea713a3c470b09",
    "schema_version": "1.0.0",
    "event_type": "agent_order",
    "source": "synthetic_agent",
    "symbol": "BTCUSDT",
    "exchange": "binance_usdm",
    "timestamp": "2024-05-01T00:00:00Z",
    "sequence": 0,
    "scenario_id": "scenario-157-twap_execution",
    "agent_id": "agent-twap_execution",
    "order_id": "scenario-157-twap_execution-agent-twap_execution-0",
    "action": "new",
    "side": "buy",
    "price": 65124.421500000004,
    "quantity": 0.005,
    "remaining_quantity": 0.005
  },
  {
    "event_id": "7130ea28815facc18b635f62a837890e88278bc62b717abed4b2303947b6f48d",
    "schema_version": "1.0.0",
    "event_type": "agent_order",
    "source": "synthetic_agent",
    "symbol": "BTCUSDT",
    "exchange": "binance_usdm",
    "timestamp": "2024-05-01T00:00:01Z",
    "sequence": 1,
    "scenario_id": "scenario-157-twap_execution",
    "agent_id": "agent-twap_execution",
    "order_id": "scenario-157-twap_execution-agent-twap_execution-1",
    "action": "new",
    "side": "buy",
    "price": 65124.421500000004,
    "quantity": 0.005,
    "remaining_quantity": 0.005
  },
  {
    "event_id": "064362fc7f3cf0294122246e39a50bcd13bbdaaa38a4ec0364f765702696c08a",
    "schema_version": "1.0.0",
    "event_type": "agent_order",
    "source": "synthetic_agent",
    "symbol": "BTCUSDT",
    "exchange": "binance_usdm",
    "timestamp": "2024-05-01T00:00:02Z",
    "sequence": 2,
    "scenario_id": "scenario-157-twap_execution",
    "agent_id": "agent-twap_execution",
    "order_id": "scenario-157-twap_execution-agent-twap_execution-2",
    "action": "new",
    "side": "buy",
    "price": 65124.421500000004,
    "quantity": 0.005,
    "remaining_quantity": 0.005
  },
  {
    "event_id": "1dfbc054ed8b1f0fa11906c0c56ab24f0b559489945b605cc3580957df7e59bd",
    "schema_version": "1.0.0",
    "event_type": "agent_order",
    "source": "synthetic_agent",
    "symbol": "BTCUSDT",
    "exchange": "binance_usdm",
    "timestamp": "2024-05-01T00:00:03Z",
    "sequence": 3,
    "scenario_id": "scenario-157-twap_execution",
    "agent_id": "agent-twap_execution",
    "order_id": "scenario-157-twap_execution-agent-twap_execution-3",
    "action": "new",
    "side": "buy",
    "price": 65124.421500000004,
    "quantity": 0.005,
    "remaining_quantity": 0.005
  },
  {
    "event_id": "375a35230d65e67428a834fb76eaa91cf50d72b81013277c0d1ddc69b033f0be",
    "schema_version": "1.0.0",
    "event_type": "agent_order",
    "source": "synthetic_agent",
    "symbol": "BTCUSDT",
    "exchange": "binance_usdm",
    "timestamp": "2024-05-01T00:00:04Z",
    "sequence": 4,
    "scenario_id": "scenario-157-twap_execution",
    "agent_id": "agent-twap_execution",
    "order_id": "scenario-157-twap_execution-agent-twap_execution-4",
    "action": "new",
    "side": "buy",
    "price": 65124.421500000004,
    "quantity": 0.005,
    "remaining_quantity": 0.005
  },
  {
    "event_id": "55f62d828bebaee785170fbf2b9bb7ca07b42995c4277c46217f6b0608e06dd1",
    "schema_version": "1.0.0",
    "event_type": "agent_order",
    "source": "synthetic_agent",
    "symbol": "BTCUSDT",
    "exchange": "binance_usdm",
    "timestamp": "2024-05-01T00:00:05Z",
    "sequence": 5,
    "scenario_id": "scenario-157-twap_execution",
    "agent_id": "agent-twap_execution",
    "order_id": "scenario-157-twap_execution-agent-twap_execution-5",
    "action": "new",
    "side": "buy",
    "price": 65124.421500000004,
    "quantity": 0.005,
    "remaining_quantity": 0.005
  },
  {
    "event_id": "303dbba1de7d707ed09f82f3382eb52cf2bb96c58329a0f2ae834652290caf02",
    "schema_version": "1.0.0",
    "event_type": "agent_order",
    "source": "synthetic_agent",
    "symbol": "BTCUSDT",
    "exchange": "binance_usdm",
    "timestamp": "2024-05-01T00:00:06Z",
    "sequence": 6,
    "scenario_id": "scenario-157-twap_execution",
    "agent_id": "agent-twap_execution",
    "order_id": "scenario-157-twap_execution-agent-twap_execution-6",
    "action": "new",
    "side": "buy",
    "price": 65124.421500000004,
    "quantity": 0.005,
    "remaining_quantity": 0.005
  },
  {
    "event_id": "2f56e969430d7678668800d8310dfa5d8c296e854c5f1eafb048927de2907f12",
    "schema_version": "1.0.0",
    "event_type": "agent_order",
    "source": "synthetic_agent",
    "symbol": "BTCUSDT",
    "exchange": "binance_usdm",
    "timestamp": "2024-05-01T00:00:07Z",
    "sequence": 7,
    "scenario_id": "scenario-157-twap_execution",
    "agent_id": "agent-twap_execution",
    "order_id": "scenario-157-twap_execution-agent-twap_execution-7",
    "action": "new",
    "side": "buy",
    "price": 65124.421500000004,
    "quantity": 0.005,
    "remaining_quantity": 0.005
  },
  {
    "event_id": "08fa411894b3022e2e64a5fdc2d5255cadc4454620013d3b2816592b2e9a85f9",
    "schema_version": "1.0.0",
    "event_type": "agent_order",
    "source": "synthetic_agent",
    "symbol": "BTCUSDT",
    "exchange": "binance_usdm",
    "timestamp": "2024-05-01T00:00:08Z",
    "sequence": 8,
    "scenario_id": "scenario-157-twap_execution",
    "agent_id": "agent-twap_execution",
    "order_id": "scenario-157-twap_execution-agent-twap_execution-8",
    "action": "new",
    "side": "buy",
    "price": 65124.421500000004,
    "quantity": 0.005,
    "remaining_quantity": 0.005
  },
  {
    "event_id": "f7ecdc0eff7e0c1942a7923c90c3835daeb4ad9a4669018f9a1c13c6a9d4fbe3",
    "schema_version": "1.0.0",
    "event_type": "agent_order",
    "source": "synthetic_agent",
    "symbol": "BTCUSDT",
    "exchange": "binance_usdm",
    "timestamp": "2024-05-01T00:00:09Z",
    "sequence": 9,
    "scenario_id": "scenario-157-twap_execution",
    "agent_id": "agent-twap_execution",
    "order_id": "scenario-157-twap_execution-agent-twap_execution-9",
    "action": "new",
    "side": "buy",
    "price": 65124.421500000004,
    "quantity": 0.005,
    "remaining_quantity": 0.005
  },
  {
    "event_id": "6040ed5938460132275ac7776b3b27fa4bab34f19dfb6f19ce2ef5b321d0d85f",
    "schema_version": "1.0.0",
    "event_type": "agent_order",
    "source": "synthetic_agent",
    "symbol": "BTCUSDT",
    "exchange": "binance_usdm",
    "timestamp": "2024-05-01T00:00:10Z",
    "sequence": 10,
    "scenario_id": "scenario-157-twap_execution",
    "agent_id": "agent-twap_execution",
    "order_id": "scenario-157-twap_execution-agent-twap_execution-10",
    "action": "new",
    "side": "buy",
    "price": 65124.421500000004,
    "quantity": 0.005,
    "remaining_quantity": 0.005
  },
  {
    "event_id": "b7f7a43ccaaff5cf1995636bf89d8ae305854a299660416c2e5e71aeb9651ee5",
    "schema_version": "1.0.0",
    "event_type": "agent_order",
    "source": "synthetic_agent",
    "symbol": "BTCUSDT",
    "exchange": "binance_usdm",
    "timestamp": "2024-05-01T00:00:11Z",
    "sequence": 11,
    "scenario_id": "scenario-157-twap_execution",
    "agent_id": "agent-twap_execution",
    "order_id": "scenario-157-twap_execution-agent-twap_execution-11",
    "action": "new",
    "side": "buy",
    "price": 65124.421500000004,
    "quantity": 0.005,
    "remaining_quantity": 0.005
  },
  {
    "event_id": "df155e6d9ecf8df57a10e2cb071e54fcd273996653efb4e6fbca800c119fac40",
    "schema_version": "1.0.0",
    "event_type": "agent_order",
    "source": "synthetic_agent",
    "symbol": "BTCUSDT",
    "exchange": "binance_usdm",
    "timestamp": "2024-05-01T00:00:12Z",
    "sequence": 12,
    "scenario_id": "scenario-157-twap_execution",
    "agent_id": "agent-twap_execution",
    "order_id": "scenario-157-twap_execution-agent-twap_execution-12",
    "action": "new",
    "side": "buy",
    "price": 65124.421500000004,
    "quantity": 0.005,
    "remaining_quantity": 0.005
  },
  {
    "event_id": "c0542c4e69b94400afe8b9544d25348886c080afee85f3bb9a1d35d317fbb8ba",
    "schema_version": "1.0.0",
    "event_type": "agent_order",
    "source": "synthetic_agent",
    "symbol": "BTCUSDT",
    "exchange": "binance_usdm",
    "timestamp": "2024-05-01T00:00:13Z",
    "sequence": 13,
    "scenario_id": "scenario-157-twap_execution",
    "agent_id": "agent-twap_execution",
    "order_id": "scenario-157-twap_execution-agent-twap_execution-13",
    "action": "new",
    "side": "buy",
    "price": 65124.421500000004,
    "quantity": 0.005,
    "remaining_quantity": 0.005
  },
  {
    "event_id": "5180be6e24bc5788299c840235b4d4bf41cb63465a151ee46e40d48a65105eba",
    "schema_version": "1.0.0",
    "event_type": "agent_order",
    "source": "synthetic_agent",
    "symbol": "BTCUSDT",
    "exchange": "binance_usdm",
    "timestamp": "2024-05-01T00:00:14Z",
    "sequence": 14,
    "scenario_id": "scenario-157-twap_execution",
    "agent_id": "agent-twap_execution",
    "order_id": "scenario-157-twap_execution-agent-twap_execution-14",
    "action": "new",
    "side": "buy",
    "price": 65124.421500000004,
    "quantity": 0.005,
    "remaining_quantity": 0.005
  },
  {
    "event_id": "906740f14ed3258e77c7837471954b0167d5762beb46aadbb2450b69f3d4ecb2",
    "schema_version": "1.0.0",
    "event_type": "agent_order",
    "source": "synthetic_agent",
    "symbol": "BTCUSDT",
    "exchange": "binance_usdm",
    "timestamp": "2024-05-01T00:00:15Z",
    "sequence": 15,
    "scenario_id": "scenario-157-twap_execution",
    "agent_id": "agent-twap_execution",
    "order_id": "scenario-157-twap_execution-agent-twap_execution-15",
    "action": "new",
    "side": "buy",
    "price": 65124.421500000004,
    "quantity": 0.005,
    "remaining_quantity": 0.005
  },
  {
    "event_id": "f963f3d4da123a1756296d9293039f70a72910701b8e75f4b546d00039597674",
    "schema_version": "1.0.0",
    "event_type": "agent_order",
    "source": "synthetic_agent",
    "symbol": "BTCUSDT",
    "exchange": "binance_usdm",
    "timestamp": "2024-05-01T00:00:16Z",
    "sequence": 16,
    "scenario_id": "scenario-157-twap_execution",
    "agent_id": "agent-twap_execution",
    "order_id": "scenario-157-twap_execution-agent-twap_execution-16",
    "action": "new",
    "side": "buy",
    "price": 65124.421500000004,
    "quantity": 0.005,
    "remaining_quantity": 0.005
  },
  {
    "event_id": "35663ecc35a24afeb411668de0594cfca17aa50332fb1d9bd37fd631bb9283a5",
    "schema_version": "1.0.0",
    "event_type": "agent_order",
    "source": "synthetic_agent",
    "symbol": "BTCUSDT",
    "exchange": "binance_usdm",
    "timestamp": "2024-05-01T00:00:17Z",
    "sequence": 17,
    "scenario_id": "scenario-157-twap_execution",
    "agent_id": "agent-twap_execution",
    "order_id": "scenario-157-twap_execution-agent-twap_execution-17",
    "action": "new",
    "side": "buy",
    "price": 65124.421500000004,
    "quantity": 0.005,
    "remaining_quantity": 0.005
  },
  {
    "event_id": "50382e293c72c638a9a7b3b0f28bb85ea443385404fd4c86f17e35cb02098053",
    "schema_version": "1.0.0",
    "event_type": "agent_order",
    "source": "synthetic_agent",
    "symbol": "BTCUSDT",
    "exchange": "binance_usdm",
    "timestamp": "2024-05-01T00:00:18Z",
    "sequence": 18,
    "scenario_id": "scenario-157-twap_execution",
    "agent_id": "agent-twap_execution",
    "order_id": "scenario-157-twap_execution-agent-twap_execution-18",
    "action": "new",
    "side": "buy",
    "price": 65124.421500000004,
    "quantity": 0.005,
    "remaining_quantity": 0.005
  },
  {
    "event_id": "3da82777215187cc4e3c4544643eb2cb7ce6806bffb091b1de969dc110881e3c",
    "schema_version": "1.0.0",
    "event_type": "agent_order",
    "source": "synthetic_agent",
    "symbol": "BTCUSDT",
    "exchange": "binance_usdm",
    "timestamp": "2024-05-01T00:00:19Z",
    "sequence": 19,
    "scenario_id": "scenario-157-twap_execution",
    "agent_id": "agent-twap_execution",
    "order_id": "scenario-157-twap_execution-agent-twap_execution-19",
    "action": "new",
    "side": "buy",
    "price": 65124.421500000004,
    "quantity": 0.005,
    "remaining_quantity": 0.005
  },
  {
    "event_id": "7e8eae2c64efd322b9f337624a2451869ae3fe504979331d6b3bcea2b2a13f6c",
    "schema_version": "1.0.0",
    "event_type": "agent_order",
    "source": "synthetic_agent",
    "symbol": "BTCUSDT",
    "exchange": "binance_usdm",
    "timestamp": "2024-05-01T00:00:20Z",
    "sequence": 20,
    "scenario_id": "scenario-157-twap_execution",
    "agent_id": "agent-twap_execution",
    "order_id": "scenario-157-twap_execution-agent-twap_execution-20",
    "action": "new",
    "side": "buy",
    "price": 65124.421500000004,
    "quantity": 0.005,
    "remaining_quantity": 0.005
  },
  {
    "event_id": "e78efff6508199d9f51453bac8d4ce0af33b74c3d0d11cebccfd52736a2f766d",
    "schema_version": "1.0.0",
    "event_type": "agent_order",
    "source": "synthetic_agent",
    "symbol": "BTCUSDT",
    "exchange": "binance_usdm",
    "timestamp": "2024-05-01T00:00:21Z",
    "sequence": 21,
    "scenario_id": "scenario-157-twap_execution",
    "agent_id": "agent-twap_execution",
    "order_id": "scenario-157-twap_execution-agent-twap_execution-21",
    "action": "new",
    "side": "buy",
    "price": 65124.421500000004,
    "quantity": 0.005,
    "remaining_quantity": 0.005
  },
  {
    "event_id": "3f8cc6e6985f9d80cd9f09ce9954968861a04145a4b84665b8cc8cc9bac205d6",
    "schema_version": "1.0.0",
    "event_type": "agent_order",
    "source": "synthetic_agent",
    "symbol": "BTCUSDT",
    "exchange": "binance_usdm",
    "timestamp": "2024-05-01T00:00:22Z",
    "sequence": 22,
    "scenario_id": "scenario-157-twap_execution",
    "agent_id": "agent-twap_execution",
    "order_id": "scenario-157-twap_execution-agent-twap_execution-22",
    "action": "new",
    "side": "buy",
    "price": 65124.421500000004,
    "quantity": 0.005,
    "remaining_quantity": 0.005
  },
  {
    "event_id": "92e734afcfe9dc45dad8f8cc93cf97a6dd14d5991300d17c31769330e686db64",
    "schema_version": "1.0.0",
    "event_type": "agent_order",
    "source": "synthetic_agent",
    "symbol": "BTCUSDT",
    "exchange": "binance_usdm",
    "timestamp": "2024-05-01T00:00:23Z",
    "sequence": 23,
    "scenario_id": "scenario-157-twap_execution",
    "agent_id": "agent-twap_execution",
    "order_id": "scenario-157-twap_execution-agent-twap_execution-23",
    "action": "new",
    "side": "buy",
    "price": 65124.421500000004,
    "quantity": 0.005,
    "remaining_quantity": 0.005
  },
  {
    "event_id": "f423a95c37e59e5a86e62d032543b6a57b5c202a22f8b39d6414c9adbb346969",
    "schema_version": "1.0.0",
    "event_type": "agent_order",
    "source": "synthetic_agent",
    "symbol": "BTCUSDT",
    "exchange": "binance_usdm",
    "timestamp": "2024-05-01T00:00:24Z",
    "sequence": 24,
    "scenario_id": "scenario-157-twap_execution",
    "agent_id": "agent-twap_execution",
    "order_id": "scenario-157-twap_execution-agent-twap_execution-24",
    "action": "new",
    "side": "buy",
    "price": 65124.421500000004,
    "quantity": 0.005,
    "remaining_quantity": 0.005
  },
  {
    "event_id": "d641ba187606ab3cd76e5a53cb48da5241ef37821f6eb289db7df732d1048633",
    "schema_version": "1.0.0",
    "event_type": "agent_order",
    "source": "synthetic_agent",
    "symbol": "BTCUSDT",
    "exchange": "binance_usdm",
    "timestamp": "2024-05-01T00:00:25Z",
    "sequence": 25,
    "scenario_id": "scenario-157-twap_execution",
    "agent_id": "agent-twap_execution",
    "order_id": "scenario-157-twap_execution-agent-twap_execution-25",
    "action": "new",
    "side": "buy",
    "price": 65124.421500000004,
    "quantity": 0.005,
    "remaining_quantity": 0.005
  },
  {
    "event_id": "06c42697c0b3d8dff87f2e31f34254e60ccd82ba864186cf0a14f81a55041c22",
    "schema_version": "1.0.0",
    "event_type": "agent_order",
    "source": "synthetic_agent",
    "symbol": "BTCUSDT",
    "exchange": "binance_usdm",
    "timestamp": "2024-05-01T00:00:26Z",
    "sequence": 26,
    "scenario_id": "scenario-157-twap_execution",
    "agent_id": "agent-twap_execution",
    "order_id": "scenario-157-twap_execution-agent-twap_execution-26",
    "action": "new",
    "side": "buy",
    "price": 65124.421500000004,
    "quantity": 0.005,
    "remaining_quantity": 0.005
  },
  {
    "event_id": "7ed17f000b15cb313ae817e378b18140021267df90a23a0654c0f94f9f600b14",
    "schema_version": "1.0.0",
    "event_type": "agent_order",
    "source": "synthetic_agent",
    "symbol": "BTCUSDT",
    "exchange": "binance_usdm",
    "timestamp": "2024-05-01T00:00:27Z",
    "sequence": 27,
    "scenario_id": "scenario-157-twap_execution",
    "agent_id": "agent-twap_execution",
    "order_id": "scenario-157-twap_execution-agent-twap_execution-27",
    "action": "new",
    "side": "buy",
    "price": 65124.421500000004,
    "quantity": 0.005,
    "remaining_quantity": 0.005
  },
  {
    "event_id": "d37cd82540ddb36c95e109f4f33c98dac34c38e423ec81139debdd8ee592021a",
    "schema_version": "1.0.0",
    "event_type": "agent_order",
    "source": "synthetic_agent",
    "symbol": "BTCUSDT",
    "exchange": "binance_usdm",
    "timestamp": "2024-05-01T00:00:28Z",
    "sequence": 28,
    "scenario_id": "scenario-157-twap_execution",
    "agent_id": "agent-twap_execution",
    "order_id": "scenario-157-twap_execution-agent-twap_execution-28",
    "action": "new",
    "side": "buy",
    "price": 65124.421500000004,
    "quantity": 0.005,
    "remaining_quantity": 0.005
  },
  {
    "event_id": "37ed87f6909ba71c26bb60e5ceb1045b61d31ba3361f464f4176a5fadf075e87",
    "schema_version": "1.0.0",
    "event_type": "agent_order",
    "source": "synthetic_agent",
    "symbol": "BTCUSDT",
    "exchange": "binance_usdm",
    "timestamp": "2024-05-01T00:00:29Z",
    "sequence": 29,
    "scenario_id": "scenario-157-twap_execution",
    "agent_id": "agent-twap_execution",
    "order_id": "scenario-157-twap_execution-agent-twap_execution-29",
    "action": "new",
    "side": "buy",
    "price": 65124.421500000004,
    "quantity": 0.005,
    "remaining_quantity": 0.005
  }
]