[
  {
    "event_id": "59553506d401dbf0affeab2bc12897068dc1043535ab626d76e0adcb2578b2c5",
    "schema_version": "1.0.0",
    "event_type": "agent_order",
    "source": "synthetic_agent",
    "symbol": "BTCUSDT",
    "exchange": "binance_usdm",
    "timestamp": "2024-05-01T00:00:00Z",
    "sequence": 0,
    "scenario_id": "scenario-464-latency_edge",
    "agent_id": "agent-latency_edge",
    "order_id": "scenario-464-latency_edge-agent-latency_edge-0",
    "action": "new",
    "side": "buy",
    "price": 65503.278399999996,
    "quantity": 0.006,
    "remaining_quantity": 0.006
  },
  {
    "event_id": "a39a94f8c19cafb3b163b0d4126d8367af631584e94e9ee8418b9916a99b47ba",
    "schema_version": "1.0.0",
    "event_type": "agent_order",
    "source": "synthetic_agent",
    "symbol": "BTCUSDT",
    "exchange": "binance_usdm",
    "timestamp": "2024-05-01T00:00:00.008000Z",
    "sequence": 1,
    "scenario_id": "scenario-464-latency_edge",
    "agent_id": "agent-latency_edge",
    "order_id": "scenario-464-latency_edge-agent-latency_edge-1",
    "action": "new",
    "side": "buy",
    "price": 65503.278399999996,
    "quantity": 0.006,
    "remaining_quantity": 0.006
  },
  {
    "event_id": "9ae3e2a9ce0f7b0efbba70cbc3a5d5b2abada3892f5840de909b2c573741b9aa",
    "schema_version": "1.0.0",
    "event_type": "agent_order",
    "source": "synthetic_agent",
    "symbol": "BTCUSDT",
    "exchange": "binance_usdm",
    "timestamp": "2024-05-01T00:00:00.016000Z",
    "sequence": 2,
    "scenario_id": "scenario-464-latency_edge",
    "agent_id": "agent-latency_edge",
    "order_id": "scenario-464-latency_edge-agent-latency_edge-2",
    "action": "new",
    "side": "sell",
    "price": 65424.7216,
    "quantity": 0.006,
    "remaining_quantity": 0.006
  },
  {
    "event_id": "9873e1a4794749a6681dceafe41e1ce35f463257a2f55e6df3d04e1de9ba58eb",
    "schema_version": "1.0.0",
    "event_type": "agent_order",
    "source": "synthetic_agent",
    "symbol": "BTCUSDT",
    "exchange": "binance_usdm",
    "timestamp": "2024-05-01T00:00:00.024000Z",
    "sequence": 3,
    "scenario_id": "scenario-464-latency_edge",
    "agent_id": "agent-latency_edge",
    "order_id": "scenario-464-latency_edge-agent-latency_edge-3",
    "action": "new",
    "side": "sell",
    "price": 65424.7216,
    "quantity": 0.006,
    "remaining_quantity": 0.006
  },
  {
    "event_id": "a7e4498347f7c5c4c4564d67a4a27656d729557363a07af48fb0300321e0e9a6",
    "schema_version": "1.0.0",
    "event_type": "agent_order",
    "source": "synthetic_agent",
    "symbol": "BTCUSDT",
    "exchange": "binance_usdm",
    "timestamp": "2024-05-01T00:00:00.032000Z",
    "sequence": 4,
    "scenario_id": "scenario-464-latency_edge",
    "agent_id": "agent-latency_edge",
    "order_id": "scenario-464-latency_edge-agent-latency_edge-4",
    "action": "new",
    "side": "buy",
    "price": 65503.278399999996,
    "quantity": 0.006,
    "remaining_quantity": 0.006
  },
  {
    "event_id": "9b91bc27fbcbd51aface08c687e36111675e97d05af60a32414b801b716498ad",
    "schema_version": "1.0.0",
    "event_type": "agent_order",
    "source": "synthetic_agent",
    "symbol": "BTCUSDT",
    "exchange": "binance_usdm",
    "timestamp": "2024-05-01T00:00:00.040000Z",
    "sequence": 5,
    "scenario_id": "scenario-464-latency_edge",
    "agent_id": "agent-latency_edge",
    "order_id": "scenario-464-latency_edge-agent-latency_edge-5",
    "action": "new",
    "side": "buy",
    "price": 65503.278399999996,
    "quantity": 0.006,
    "remaining_quantity": 0.006
  },
  {
    "event_id": "6a780a227fdb47fed5e8ca5c2f216b0b8f649bdbe6709c162b881cbf42d421a7",
    "schema_version": "1.0.0",
    "event_type": "agent_order",
    "source": "synthetic_agent",
    "symbol": "BTCUSDT",
    "exchange": "binance_usdm",
    "timestamp": "2024-05-01T00:00:00.048000Z",
    "sequence": 6,
    "scenario_id": "scenario-464-latency_edge",
    "agent_id": "agent-latency_edge",
    "order_id": "scenario-464-latency_edge-agent-latency_edge-6",
    "action": "new",
    "side": "sell",
    "price": 65424.7216,
    "quantity": 0.006,
    "remaining_quantity": 0.006
  },
  {
    "event_id": "b1b4c432cb7402b36b9592a94277fd84511264e5771b96e3bb9bb7d24356b177",
    "schema_version": "1.0.0",
    "event_type": "agent_order",
    "source": "synthetic_agent",
    "symbol": "BTCUSDT",
    "exchange": "binance_usdm",
    "timestamp": "2024-05-01T00:00:00.056000Z",
    "sequence": 7,
    "scenario_id": "scenario-464-latency_edge",
    "agent_id": "agent-latency_edge",
    "order_id": "scenario-464-latency_edge-agent-latency_edge-7",
    "action": "new",
    "side": "sell",
    "price": 65424.7216,
    "quantity": 0.006,
    "remaining_quantity": 0.006
  },
  {
    "event_id": "10fa3ba55680afa0aceb951b79b827adc2017a2896a9154afaf849ef16f8bd58",
    "schema_version": "1.0.0",
    "event_type": "agent_order",
    "source": "synthetic_agent",
    "symbol": "BTCUSDT",
    "exchange": "binance_usdm",
    "timestamp": "2024-05-01T00:00:00.064000Z",
    "sequence": 8,
    "scenario_id": "scenario-464-latency_edge",
    "agent_id": "agent-latency_edge",
    "order_id": "scenario-464-latency_edge-agent-latency_edge-8",
    "action": "new",
    "side": "buy",
    "price": 65503.278399999996,
    "quantity": 0.006,
    "remaining_quantity": 0.006
  },
  {
    "event_id": "1b45e3fe81a3a752aa075c994ee891c1fa79596e4325d2d870d073759faed050",
    "schema_version": "1.0.0",
    "event_type": "agent_order",
    "source": "synthetic_agent",
    "symbol": "BTCUSDT",
    "exchange": "binance_usdm",
    "timestamp": "2024-05-01T00:00:00.072000Z",
    "sequence": 9,
    "scenario_id": "scenario-464-latency_edge",
    "agent_id": "agent-latency_edge",
    "order_id": "scenario-464-latency_edge-agent-latency_edge-9",
    "action": "new",
    "side": "buy",
    "price": 65503.278399999996,
    "quantity": 0.006,
    "remaining_quantity": 0.006
  },
  {
    "event_id": "3f5dbc7b6a0d2161c11e01722a10d0fe27ff4403b6b22cdc56a5cc8bcb59ce0e",
    "schema_version": "1.0.0",
    "event_type": "agent_order",
    "source": "synthetic_agent",
    "symbol": "BTCUSDT",
    "exchange": "binance_usdm",
    "timestamp": "2024-05-01T00:00:00.080000Z",
    "sequence": 10,
    "scenario_id": "scenario-464-latency_edge",
    "agent_id": "agent-latency_edge",
    "order_id": "scenario-464-latency_edge-agent-latency_edge-10",
    "action": "new",
    "side": "sell",
    "price": 65424.7216,
    "quantity": 0.006,
    "remaining_quantity": 0.006
  },
  {
    "event_id": "eb373a47b5df847c8f839e3eb857963dc165501d27518d74e81850782dba1540",
    "schema_version": "1.0.0",
    "event_type": "agent_order",
    "source": "synthetic_agent",
    "symbol": "BTCUSDT",
    "exchange": "binance_usdm",
    "timestamp": "2024-05-01T00:00:00.088000Z",
    "sequence": 11,
    "scenario_id": "scenario-464-latency_edge",
    "agent_id": "agent-latency_edge",
    "order_id": "scenario-464-latency_edge-agent-latency_edge-11",
    "action": "new",
    "side": "sell",
    "price": 65424.7216,
    "quantity": 0.006,
    "remaining_quantity": 0.006
  },
  {
    "event_id": "049b1e23cec647d93dd561534b4a7b52b7a91e7d6e25fe1aa7ea61e8d531da3d",
    "schema_version": "1.0.0",
    "event_type": "agent_order",
    "source": "synthetic_agent",
    "symbol": "BTCUSDT",
    "exchange": "binance_usdm",
    "timestamp": "2024-05-01T00:00:00.096000Z",
    "sequence": 12,
    "scenario_id": "scenario-464-latency_edge",
    "agent_id": "agent-latency_edge",
    "order_id": "scenario-464-latency_edge-agent-latency_edge-12",
    "action": "new",
    "side": "buy",
    "price": 65503.278399999996,
    "quantity": 0.006,
    "remaining_quantity": 0.006
  },
  {
    "event_id": "d6287f03c2d7f09b7f5e12af0b4e7b3db6c9ce7ff37289a2538108f5d6310099",
    "schema_version": "1.0.0",
    "event_type": "agent_order",
    "source": "synthetic_agent",
    "symbol": "BTCUSDT",
    "exchange": "binance_usdm",
    "timestamp": "2024-05-01T00:00:00.104000Z",
    "sequence": 13,
    "scenario_id": "scenario-464-latency_edge",
    "agent_id": "agent-latency_edge",
    "order_id": "scenario-464-latency_edge-agent-latency_edge-13",
    "action": "new",
    "side": "buy",
    "price": 65503.278399999996,
    "quantity": 0.006,
    "remaining_quantity": 0.006
  },
  {
    "event_id": "caa7317aa7db5117ac6efdd7d94a1112ad6666564b56b2c2d4b93486e8be8097",
    "schema_version": "1.0.0",
    "event_type": "agent_order",
    "source": "synthetic_agent",
    "symbol": "BTCUSDT",
    "exchange": "binance_usdm",
    "timestamp": "2024-05-01T00:00:00.112000Z",
    "sequence": 14,
    "scenario_id": "scenario-464-latency_edge",
    "agent_id": "agent-latency_edge",
    "order_id": "scenario-464-latency_edge-agent-latency_edge-14",
    "action": "new",
    "side": "sell",
    "price": 65424.7216,
    "quantity": 0.006,
    "remaining_quantity": 0.006
  },
  {
    "event_id": "71ac375ba0f351b66e731ff7d9ccd32671661db0085c85e3707fb7923ea6b163",
    "schema_version": "1.0.0",
    "event_type": "agent_order",
    "source": "synthetic_agent",
    "symbol": "BTCUSDT",
    "exchange": "binance_usdm",
    "timestamp": "2024-05-01T00:00:00.120000Z",
    "sequence": 15,
    "scenario_id": "scenario-464-latency_edge",
    "agent_id": "agent-latency_edge",
    "order_id": "scenario-464-latency_edge-agent-latency_edge-15",
    "action": "new",
    "side": "sell",
    "price": 65424.7216,
    "quantity": 0.006,
    "remaining_quantity": 0.006
  },
  {
    "event_id": "baa48c6e100abe55c2895d44d77cf688eb7689233e080e8ddfcdc84faf516018",
    "schema_version": "1.0.0",
    "event_type": "agent_order",
    "source": "synthetic_agent",
    "symbol": "BTCUSDT",
    "exchange": "binance_usdm",
    "timestamp": "2024-05-01T00:00:00.128000Z",
    "sequence": 16,
    "scenario_id": "scenario-464-latency_edge",
    "agent_id": "agent-latency_edge",
    "order_id": "scenario-464-latency_edge-agent-latency_edge-16",
    "action": "new",
    "side": "buy",
    "price": 65503.278399999996,
    "quantity": 0.006,
    "remaining_quantity": 0.006
  },
  {
    "event_id": "7e94051361e5b777703a84a3478a15ca152922e460a95e0cf95d6a9398e1221e",
    "schema_version": "1.0.0",
    "event_type": "agent_order",
    "source": "synthetic_agent",
    "symbol": "BTCUSDT",
    "exchange": "binance_usdm",
    "timestamp": "2024-05-01T00:00:00.136000Z",
    "sequence": 17,
    "scenario_id": "scenario-464-latency_edge",
    "agent_id": "agent-latency_edge",
    "order_id": "scenario-464-latency_edge-agent-latency_edge-17",
    "action": "new",
    "side": "buy",
    "price": 65503.278399999996,
    "quantity": 0.006,
    "remaining_quantity": 0.006
  },
  {
    "event_id": "86532fcb464ad125d817af75e7eac42c62aee5c2d23ae8f77bfdc121233e864f",
    "schema_version": "1.0.0",
    "event_type": "agent_order",
    "source": "synthetic_agent",
    "symbol": "BTCUSDT",
    "exchange": "binance_usdm",
    "timestamp": "2024-05-01T00:00:00.144000Z",
    "sequence": 18,
    "scenario_id": "scenario-464-latency_edge",
    "agent_id": "agent-latency_edge",
    "order_id": "scenario-464-latency_edge-agent-latency_edge-18",
    "action": "new",
    "side": "sell",
    "price": 65424.7216,
    "quantity": 0.006,
    "remaining_quantity": 0.006
  },
  {
    "event_id": "3760dbd94a527d4dae1db0245112efc830464005ef1c9184a8e943e437f9ce78",
    "schema_version": "1.0.0",
    "event_type": "agent_order",
    "source": "synthetic_agent",
    "symbol": "BTCUSDT",
    "exchange": "binance_usdm",
    "timestamp": "2024-05-01T00:00:00.152000Z",
    "sequence": 19,
    "scenario_id": "scenario-464-latency_edge",
    "agent_id": "agent-latency_edge",
    "order_id": "scenario-464-latency_edge-agent-latency_edge-19",
    "action": "new",
    "side": "sell",
    "price": 65424.7216,
    "quantity": 0.006,
    "remaining_quantity": 0.006
  },
  {
    "event_id": "112ac369707526cffa4b54fb5a0a5c4557bb42ef908c6df307137970215ba856",
    "schema_version": "1.0.0",
    "event_type": "agent_order",
    "source": "synthetic_agent",
    "symbol": "BTCUSDT",
    "exchange": "binance_usdm",
    "timestamp": "2024-05-01T00:00:00.160000Z",
    "sequence": 20,
    "scenario_id": "scenario-464-latency_edge",
    "agent_id": "agent-latency_edge",
    "order_id": "scenario-464-latency_edge-agent-latency_edge-20",
    "action": "new",
    "side": "buy",
    "price": 65503.278399999996,
    "quantity": 0.006,
    "remaining_quantity": 0.006
  },
  {
    "event_id": "23b4380c52a04b82dbe2de6adcc2fc43695684f913c41f58d74e637405b263ba",
    "schema_version": "1.0.0",
    "event_type": "agent_order",
    "source": "synthetic_agent",
    "symbol": "BTCUSDT",
    "exchange": "binance_usdm",
    "timestamp": "2024-05-01T00:00:00.168000Z",
    "sequence": 21,
    "scenario_id": "scenario-464-latency_edge",
    "agent_id": "agent-latency_edge",
    "order_id": "scenario-464-latency_edge-agent-latency_edge-21",
    "action": "new",
    "side": "buy",
    "price": 65503.278399999996,
    "quantity": 0.006,
    "remaining_quantity": 0.006
  },
  {
    "event_id": "8731a2a15235301529edf53c6a46f779a1d4547184f0c269689821784fc03c86",
    "schema_version": "1.0.0",
    "event_type": "agent_order",
    "source": "synthetic_agent",
    "symbol": "BTCUSDT",
    "exchange": "binance_usdm",
    "timestamp": "2024-05-01T00:00:00.176000Z",
    "sequence": 22,
    "scenario_id": "scenario-464-latency_edge",
    "agent_id": "agent-latency_edge",
    "order_id": "scenario-464-latency_edge-agent-latency_edge-22",
    "action": "new",
    "side": "sell",
    "price": 65424.7216,
    "quantity": 0.006,
    "remaining_quantity": 0.006
  },
  {
    "event_id": "6ac4b4a6bfe678321f2a587a280cba380b6e9e889fb704816d25646cd4ad1181",
    "schema_version": "1.0.0",
    "event_type": "agent_order",
    "source": "synthetic_agent",
    "symbol": "BTCUSDT",
    "exchange": "binance_usdm",
    "timestamp": "2024-05-01T00:00:00.184000Z",
    "sequence": 23,
    "scenario_id": "scenario-464-latency_edge",
    "agent_id": "agent-latency_edge",
    "order_id": "scenario-464-latency_edge-agent-latency_edge-23",
    "action": "new",
    "side": "sell",
    "price": 65424.7216,
    "quantity": 0.006,
    "remaining_quantity": 0.006
  },
  {
    "event_id": "1861eae93f06d658ce65bc75e7c3948ccd540207562bd1f371fd48de940edb3f",
    "schema_version": "1.0.0",
    "event_type": "agent_order",
    "source": "synthetic_agent",
    "symbol": "BTCUSDT",
    "exchange": "binance_usdm",
    "timestamp": "2024-05-01T00:00:00.192000Z",
    "sequence": 24,
    "scenario_id": "scenario-464-latency_edge",
    "agent_id": "agent-latency_edge",
    "order_id": "scenario-464-latency_edge-agent-latency_edge-24",
    "action": "new",
    "side": "buy",
    "price": 65503.278399999996,
    "quantity": 0.006,
    "remaining_quantity": 0.006
  },
  {
    "event_id": "d46002cd363598e6ef2d0fe7121c092cec1326980d5e030b3902465e5574ab35",
    "schema_version": "1.0.0",
    "event_type": "agent_order",
    "source": "synthetic_agent",
    "symbol": "BTCUSDT",
    "exchange": "binance_usdm",
    "timestamp": "2024-05-01T00:00:00.200000Z",
    "sequence": 25,
    "scenario_id": "scenario-464-latency_edge",
    "agent_id": "agent-latency_edge",
    "order_id": "scenario-464-latency_edge-agent-latency_edge-25",
    "action": "new",
    "side": "buy",
    "price": 65503.278399999996,
    "quantity": 0.006,
    "remaining_quantity": 0.006
  },
  {
    "event_id": "92f05e53778856cf82469a2fa3904122296ebcb13f0e8204a3c9f0354d93dc99",
    "schema_version": "1.0.0",
    "event_type": "agent_order",
    "source": "synthetic_agent",
    "symbol": "BTCUSDT",
    "exchange": "binance_usdm",
    "timestamp": "2024-05-01T00:00:00.208000Z",
    "sequence": 26,
    "scenario_id": "scenario-464-latency_edge",
    "agent_id": "agent-latency_edge",
    "order_id": "scenario-464-latency_edge-agent-latency_edge-26",
    "action": "new",
    "side": "sell",
    "price": 65424.7216,
    "quantity": 0.006,
    "remaining_quantity": 0.006
  },
  {
    "event_id": "c188dc20436a456a0efd31840528b81fe10e0516cfb17ba7105c6ff03814253c",
    "schema_version": "1.0.0",
    "event_type": "agent_order",
    "source": "synthetic_agent",
    "symbol": "BTCUSDT",
    "exchange": "binance_usdm",
    "timestamp": "2024-05-01T00:00:00.216000Z",
    "sequence": 27,
    "scenario_id": "scenario-464-latency_edge",
    "agent_id": "agent-latency_edge",
    "order_id": "scenario-464-latency_edge-agent-latency_edge-27",
    "action": "new",
    "side": "sell",
    "price": 65424.7216,
    "quantity": 0.006,
    "remaining_quantity": 0.006
  },
  {
    "event_id": "3c58fc954ea983b17bef05c92c0ee3965d3d8036c27c12fb2cc8ba5a6c3ed6d4",
    "schema_version": "1.0.0",
    "event_type": "agent_order",
    "source": "synthetic_agent",
    "symbol": "BTCUSDT",
    "exchange": "binance_usdm",
    "timestamp": "2024-05-01T00:00:00.224000Z",
    "sequence": 28,
    "scenario_id": "scenario-464-latency_edge",
    "agent_id": "agent-latency_edge",
    "order_id": "scenario-464-latency_edge-agent-latency_edge-28",
    "action": "new",
    "side": "buy",
    "price": 65503.278399999996,
    "quantity": 0.006,
    "remaining_quantity": 0.006
  },
  {
    "event_id": "8dfd9e26bfcf6d28e21a708146ca140cfeea126bf8f940318a7025f36b4351bf",
    "schema_version": "1.0.0",
    "event_type": "agent_order",
    "source": "synthetic_agent",
    "symbol": "BTCUSDT",
    "exchange": "binance_usdm",
    "timestamp": "2024-05-01T00:00:00.232000Z",
    "sequence": 29,
    "scenario_id": "scenario-464-latency_edge",
    "agent_id": "agent-latency_edge",
    "order_id": "scenario-464-latency_edge-agent-latency_edge-29",
    "action": "new",
    "side": "buy",
    "price": 65503.278399999996,
    "quantity": 0.006,
    "remaining_quantity": 0.006
  }
]