[
  {
    "event_id": "46766580a00f5218bd0a6839d03323b5ce970e96634d2d2ceaf0e612216611a7",
    "schema_version": "1.0.0",
    "event_type": "agent_order",
    "source": "synthetic_agent",
    "symbol": "BTCUSDT",
    "exchange": "binance_usdm",
    "timestamp": "2024-05-01T00:00:00Z",
    "sequence": 0,
    "scenario_id": "scenario-599-volatility_feedback",
    "agent_id": "agent-volatility_feedback",
    "order_id": "scenario-599-volatility_feedback-agent-volatility_feedback-0",
    "action": "new",
    "side": "buy",
    "price": 65664.59899999999,
    "quantity": 0.02,
    "remaining_quantity": 0.02
  },
  {
    "event_id": "93fa4a986f7f28b4513dd601d2e908aaccd55e12a9c9846e8b5dc3986a0b60c3",
    "schema_version": "1.0.0",
    "event_type": "agent_order",
    "source": "synthetic_agent",
    "symbol": "BTCUSDT",
    "exchange": "binance_usdm",
    "timestamp": "2024-05-01T00:00:00.020000Z",
    "sequence": 1,
    "scenario_id": "scenario-599-volatility_feedback",
    "agent_id": "agent-volatility_feedback",
    "order_id": "scenario-599-volatility_feedback-agent-volatility_feedback-1",
    "action": "new",
    "side": "sell",
    "price": 65532.08902,
    "quantity": 0.03,
    "remaining_quantity": 0.03
  },
  {
    "event_id": "b87f3c94b3af6336183afbcd6f5ad95a43c8649d951457d12f03310ccf0f87ba",
    "schema_version": "1.0.0",
    "event_type": "agent_order",
    "source": "synthetic_agent",
    "symbol": "BTCUSDT",
    "exchange": "binance_usdm",
    "timestamp": "2024-05-01T00:00:00.040000Z",
    "sequence": 2,
    "scenario_id": "scenario-599-volatility_feedback",
    "agent_id": "agent-volatility_feedback",
    "order_id": "scenario-599-volatility_feedback-agent-volatility_feedback-2",
    "action": "new",
    "side": "buy",
    "price": 65667.22296,
    "quantity": 0.04,
    "remaining_quantity": 0.04
  },
  {
    "event_id": "cfe76eb5bb144592a8161762f35d2b647d380c847f732b2ecca35f3f1b34eaeb",
    "schema_version": "1.0.0",
    "event_type": "agent_order",
    "source": "synthetic_agent",
    "symbol": "BTCUSDT",
    "exchange": "binance_usdm",
    "timestamp": "2024-05-01T00:00:00.060000Z",
    "sequence": 3,
    "scenario_id": "scenario-599-volatility_feedback",
    "agent_id": "agent-volatility_feedback",
    "order_id": "scenario-599-volatility_feedback-agent-volatility_feedback-3",
    "action": "new",
    "side": "sell",
    "price": 65529.46506,
    "quantity": 0.05,
    "remaining_quantity": 0.05
  },
  {
    "event_id": "33b50e7e70ed0c0ae3b845ebcb6a5d326e206032703fefa8cb6796a38826158d",
    "schema_version": "1.0.0",
    "event_type": "agent_order",
    "source": "synthetic_agent",
    "symbol": "BTCUSDT",
    "exchange": "binance_usdm",
    "timestamp": "2024-05-01T00:00:00.080000Z",
    "sequence": 4,
    "scenario_id": "scenario-599-volatility_feedback",
    "agent_id": "agent-volatility_feedback",
    "order_id": "scenario-599-volatility_feedback-agent-volatility_feedback-4",
    "action": "new",
    "side": "buy",
    "price": 65669.84692,
    "quantity": 0.02,
    "remaining_quantity": 0.02
  },
  {
    "event_id": "4c8b1321ee869f84257921b7a2051cbf747d7bde8c883f97dc42445bcc793443",
    "schema_version": "1.0.0",
    "event_type": "agent_order",
    "source": "synthetic_agent",
    "symbol": "BTCUSDT",
    "exchange": "binance_usdm",
    "timestamp": "2024-05-01T00:00:00.100000Z",
    "sequence": 5,
    "scenario_id": "scenario-599-volatility_feedback",
    "agent_id": "agent-volatility_feedback",
    "order_id": "scenario-599-volatility_feedback-agent-volatility_feedback-5",
    "action": "new",
    "side": "sell",
    "price": 65526.8411,
    "quantity": 0.03,
    "remaining_quantity": 0.03
  },
  {
    "event_id": "f18ccae5c6aaeaae01fb39becfc4dbd31c0ffe723d40ccce2a856b47c2a874b5",
    "schema_version": "1.0.0",
    "event_type": "agent_order",
    "source": "synthetic_agent",
    "symbol": "BTCUSDT",
    "exchange": "binance_usdm",
    "timestamp": "2024-05-01T00:00:00.120000Z",
    "sequence": 6,
    "scenario_id": "scenario-599-volatility_feedback",
    "agent_id": "agent-volatility_feedback",
    "order_id": "scenario-599-volatility_feedback-agent-volatility_feedback-6",
    "action": "new",
    "side": "buy",
    "price": 65672.47088,
    "quantity": 0.04,
    "remaining_quantity": 0.04
  },
  {
    "event_id": "510d5ee63e01d311a10c8c6dc174ae84d95dbed1b2948e8c1ac9f82d3f68aa10",
    "schema_version": "1.0.0",
    "event_type": "agent_order",
    "source": "synthetic_agent",
    "symbol": "BTCUSDT",
    "exchange": "binance_usdm",
    "timestamp": "2024-05-01T00:00:00.140000Z",
    "sequence": 7,
    "scenario_id": "scenario-599-volatility_feedback",
    "agent_id": "agent-volatility_feedback",
    "order_id": "scenario-599-volatility_feedback-agent-volatility_feedback-7",
    "action": "new",
    "side": "sell",
    "price": 65524.21714,
    "quantity": 0.05,
    "remaining_quantity": 0.05
  },
  {
    "event_id": "496530ee8dc5274060611490676ff808d0339f8c48141fb96de1b83156067b8e",
    "schema_version": "1.0.0",
    "event_type": "agent_order",
    "source": "synthetic_agent",
    "symbol": "BTCUSDT",
    "exchange": "binance_usdm",
    "timestamp": "2024-05-01T00:00:00.160000Z",
    "sequence": 8,
    "scenario_id": "scenario-599-volatility_feedback",
    "agent_id": "agent-volatility_feedback",
    "order_id": "scenario-599-volatility_feedback-agent-volatility_feedback-8",
    "action": "new",
    "side": "buy",
    "price": 65675.09484,
    "quantity": 0.02,
    "remaining_quantity": 0.02
  },
  {
    "event_id": "3be89601ccfb342cec634dbdce73d63f8edf27a94960e17a6568684f2b7941af",
    "schema_version": "1.0.0",
    "event_type": "agent_order",
    "source": "synthetic_agent",
    "symbol": "BTCUSDT",
    "exchange": "binance_usdm",
    "timestamp": "2024-05-01T00:00:00.180000Z",
    "sequence": 9,
    "scenario_id": "scenario-599-volatility_feedback",
    "agent_id": "agent-volatility_feedback",
    "order_id": "scenario-599-volatility_feedback-agent-volatility_feedback-9",
    "action": "new",
    "side": "sell",
    "price": 65521.59318,
    "quantity": 0.03,
    "remaining_quantity": 0.03
  },
  {
    "event_id": "4767dc53edc45214c0709d9ef37b57cc3259843181e40167e1cf7e8cc6666bd6",
    "schema_version": "1.0.0",
    "event_type": "agent_order",
    "source": "synthetic_agent",
    "symbol": "BTCUSDT",
    "exchange": "binance_usdm",
    "timestamp": "2024-05-01T00:00:00.200000Z",
    "sequence": 10,
    "scenario_id": "scenario-599-volatility_feedback",
    "agent_id": "agent-volatility_feedback",
    "order_id": "scenario-599-volatility_feedback-agent-volatility_feedback-10",
    "action": "new",
    "side": "buy",
    "price": 65677.7188,
    "quantity": 0.04,
    "remaining_quantity": 0.04
  },
  {
    "event_id": "112b6cd2eae0739eed532f785e556dd6e961fd4c4cc9b71e4f63603cbaf7e037",
    "schema_version": "1.0.0",
    "event_type": "agent_order",
    "source": "synthetic_agent",
    "symbol": "BTCUSDT",
    "exchange": "binance_usdm",
    "timestamp": "2024-05-01T00:00:00.220000Z",
    "sequence": 11,
    "scenario_id": "scenario-599-volatility_feedback",
    "agent_id": "agent-volatility_feedback",
    "order_id": "scenario-599-volatility_feedback-agent-volatility_feedback-11",
    "action": "new",
    "side": "sell",
    "price": 65518.96922,
    "quantity": 0.05,
    "remaining_quantity": 0.05
  },
  {
    "event_id": "69d34fbed6415fe3581c2aae31177faa2f90576ef28a93cf916d80fb2dfc69d1",
    "schema_version": "1.0.0",
    "event_type": "agent_order",
    "source": "synthetic_agent",
    "symbol": "BTCUSDT",
    "exchange": "binance_usdm",
    "timestamp": "2024-05-01T00:00:00.240000Z",
    "sequence": 12,
    "scenario_id": "scenario-599-volatility_feedback",
    "agent_id": "agent-volatility_feedback",
    "order_id": "scenario-599-volatility_feedback-agent-volatility_feedback-12",
    "action": "new",
    "side": "buy",
    "price": 65680.34276,
    "quantity": 0.02,
    "remaining_quantity": 0.02
  },
  {
    "event_id": "577af64b9a6d151abd63bea2a6799f8e7e2c6720b603f43e5bda9501d24cc78f",
    "schema_version": "1.0.0",
    "event_type": "agent_order",
    "source": "synthetic_agent",
    "symbol": "BTCUSDT",
    "exchange": "binance_usdm",
    "timestamp": "2024-05-01T00:00:00.260000Z",
    "sequence": 13,
    "scenario_id": "scenario-599-volatility_feedback",
    "agent_id": "agent-volatility_feedback",
    "order_id": "scenario-599-volatility_feedback-agent-volatility_feedback-13",
    "action": "new",
    "side": "sell",
    "price": 65516.345259999995,
    "quantity": 0.03,
    "remaining_quantity": 0.03
  },
  {
    "event_id": "0600fe2efd745db9c0a942812d72a809744b19fabbc6a7f4d6b0576032419e3b",
    "schema_version": "1.0.0",
    "event_type": "agent_order",
    "source": "synthetic_agent",
    "symbol": "BTCUSDT",
    "exchange": "binance_usdm",
    "timestamp": "2024-05-01T00:00:00.280000Z",
    "sequence": 14,
    "scenario_id": "scenario-599-volatility_feedback",
    "agent_id": "agent-volatility_feedback",
    "order_id": "scenario-599-volatility_feedback-agent-volatility_feedback-14",
    "action": "new",
    "side": "buy",
    "price": 65682.96672,
    "quantity": 0.04,
    "remaining_quantity": 0.04
  },
  {
    "event_id": "720880e65c52b5c1535c8ffecce3f782f49deb5de8e21af8da2bdf2b3832472f",
    "schema_version": "1.0.0",
    "event_type": "agent_order",
    "source": "synthetic_agent",
    "symbol": "BTCUSDT",
    "exchange": "binance_usdm",
    "timestamp": "2024-05-01T00:00:00.300000Z",
    "sequence": 15,
    "scenario_id": "scenario-599-volatility_feedback",
    "agent_id": "agent-volatility_feedback",
    "order_id": "scenario-599-volatility_feedback-agent-volatility_feedback-15",
    "action": "new",
    "side": "sell",
    "price": 65513.721300000005,
    "quantity": 0.05,
    "remaining_quantity": 0.05
  },
  {
    "event_id": "d1be6734313fe88c74e7ab5ca180a313240a54a93e2ae32c853d81b91be0eeb2",
    "schema_version": "1.0.0",
    "event_type": "agent_order",
    "source": "synthetic_agent",
    "symbol": "BTCUSDT",
    "exchange": "binance_usdm",
    "timestamp": "2024-05-01T00:00:00.320000Z",
    "sequence": 16,
    "scenario_id": "scenario-599-volatility_feedback",
    "agent_id": "agent-volatility_feedback",
    "order_id": "scenario-599-volatility_feedback-agent-volatility_feedback-16",
    "action": "new",
    "side": "buy",
    "price": 65685.59068,
    "quantity": 0.02,
    "remaining_quantity": 0.02
  },
  {
    "event_id": "4a8e399c7c38463c8b5e5113281c59ff21934b59461cd67c6ab09d4de08304d4",
    "schema_version": "1.0.0",
    "event_type": "agent_order",
    "source": "synthetic_agent",
    "symbol": "BTCUSDT",
    "exchange": "binance_usdm",
    "timestamp": "2024-05-01T00:00:00.340000Z",
    "sequence": 17,
    "scenario_id": "scenario-599-volatility_feedback",
    "agent_id": "agent-volatility_feedback",
    "order_id": "scenario-599-volatility_feedback-agent-volatility_feedback-17",
    "action": "new",
    "side": "sell",
    "price": 65511.09734,
    "quantity": 0.03,
    "remaining_quantity": 0.03
  },
  {
    "event_id": "c319811dcd4d1cbdb4d8dc5e508db960a0db2ad0598438dd298be13232b72a54",
    "schema_version": "1.0.0",
    "event_type": "agent_order",
    "source": "synthetic_agent",
    "symbol": "BTCUSDT",
    "exchange": "binance_usdm",
    "timestamp": "2024-05-01T00:00:00.360000Z",
    "sequence": 18,
    "scenario_id": "scenario-599-volatility_feedback",
    "agent_id": "agent-volatility_feedback",
    "order_id": "scenario-599-volatility_feedback-agent-volatility_feedback-18",
    "action": "new",
    "side": "buy",
    "price": 65688.21464,
    "quantity": 0.04,
    "remaining_quantity": 0.04
  },
  {
    "event_id": "0aae543d88210974afd8df93dba3dc7ef949246e705e3b8cdbb7cbd0e53038ad",
    "schema_version": "1.0.0",
    "event_type": "agent_order",
    "source": "synthetic_agent",
    "symbol": "BTCUSDT",
    "exchange": "binance_usdm",
    "timestamp": "2024-05-01T00:00:00.380000Z",
    "sequence": 19,
    "scenario_id": "scenario-599-volatility_feedback",
    "agent_id": "agent-volatility_feedback",
    "order_id": "scenario-599-volatility_feedback-agent-volatility_feedback-19",
    "action": "new",
    "side": "sell",
    "price": 65508.473379999996,
    "quantity": 0.05,
    "remaining_quantity": 0.05
  },
  {
    "event_id": "e7bebb240d98122efae30659966380f7a9a2ecd620b25ea6bd5f8901298af6e5",
    "schema_version": "1.0.0",
    "event_type": "agent_order",
    "source": "synthetic_agent",
    "symbol": "BTCUSDT",
    "exchange": "binance_usdm",
    "timestamp": "2024-05-01T00:00:00.400000Z",
    "sequence": 20,
    "scenario_id": "scenario-599-volatility_feedback",
    "agent_id": "agent-volatility_feedback",
    "order_id": "scenario-599-volatility_feedback-agent-volatility_feedback-20",
    "action": "new",
    "side": "buy",
    "price": 65690.8386,
    "quantity": 0.02,
    "remaining_quantity": 0.02
  },
  {
    "event_id": "c43ff7d94cf9d06ed8895ebaacd697ccb6ccba58b6d87563273f984f0d88fa95",
    "schema_version": "1.0.0",
    "event_type": "agent_order",
    "source": "synthetic_agent",
    "symbol": "BTCUSDT",
    "exchange": "binance_usdm",
    "timestamp": "2024-05-01T00:00:00.420000Z",
    "sequence": 21,
    "scenario_id": "scenario-599-volatility_feedback",
    "agent_id": "agent-volatility_feedback",
    "order_id": "scenario-599-volatility_feedback-agent-volatility_feedback-21",
    "action": "new",
    "side": "sell",
    "price": 65505.84942,
    "quantity": 0.03,
    "remaining_quantity": 0.03
  },
  {
    "event_id": "5d5eafa59463710253638bb951d131705f29e1db91c244a571d7b2bbe82d055d",
    "schema_version": "1.0.0",
    "event_type": "agent_order",
    "source": "synthetic_agent",
    "symbol": "BTCUSDT",
    "exchange": "binance_usdm",
    "timestamp": "2024-05-01T00:00:00.440000Z",
    "sequence": 22,
    "scenario_id": "scenario-599-volatility_feedback",
    "agent_id": "agent-volatility_feedback",
    "order_id": "scenario-599-volatility_feedback-agent-volatility_feedback-22",
    "action": "new",
    "side": "buy",
    "price": 65693.46256,
    "quantity": 0.04,
    "remaining_quantity": 0.04
  },
  {
    "event_id": "719a754605cceccab34ca29e7c6fb536615c66cbc0046a9dbe03a34b262e820a",
    "schema_version": "1.0.0",
    "event_type": "agent_order",
    "source": "synthetic_agent",
    "symbol": "BTCUSDT",
    "exchange": "binance_usdm",
    "timestamp": "2024-05-01T00:00:00.460000Z",
    "sequence": 23,
    "scenario_id": "scenario-599-volatility_feedback",
    "agent_id": "agent-volatility_feedback",
    "order_id": "scenario-599-volatility_feedback-agent-volatility_feedback-23",
    "action": "new",
    "side": "sell",
    "price": 65503.22546,
    "quantity": 0.05,
    "remaining_quantity": 0.05
  },
  {
    "event_id": "90d8338ab4ce17b71085f3b067b3058bcf313d1c210bf4ea34e5617347b05db7",
    "schema_version": "1.0.0",
    "event_type": "agent_order",
    "source": "synthetic_agent",
    "symbol": "BTCUSDT",
    "exchange": "binance_usdm",
    "timestamp": "2024-05-01T00:00:00.480000Z",
    "sequence": 24,
    "scenario_id": "scenario-599-volatility_feedback",
    "agent_id": "agent-volatility_feedback",
    "order_id": "scenario-599-volatility_feedback-agent-volatility_feedback-24",
    "action": "new",
    "side": "buy",
    "price": 65696.08652,
    "quantity": 0.02,
    "remaining_quantity": 0.02
  },
  {
    "event_id": "4f03baf6d78a0ad4b9d07a3e1a16cbe4737e3cb01546b5f897c9ad07c2e020a4",
    "schema_version": "1.0.0",
    "event_type": "agent_order",
    "source": "synthetic_agent",
    "symbol": "BTCUSDT",
    "exchange": "binance_usdm",
    "timestamp": "2024-05-01T00:00:00.500000Z",
    "sequence": 25,
    "scenario_id": "scenario-599-volatility_feedback",
    "agent_id": "agent-volatility_feedback",
    "order_id": "scenario-599-volatility_feedback-agent-volatility_feedback-25",
    "action": "new",
    "side": "sell",
    "price": 65500.601500000004,
    "quantity": 0.03,
    "remaining_quantity": 0.03
  },
  {
    "event_id": "2a135ebb678baa87fdc28ef492ea9f75f06cb5500c927a8d58791d4ca6a97d39",
    "schema_version": "1.0.0",
    "event_type": "agent_order",
    "source": "synthetic_agent",
    "symbol": "BTCUSDT",
    "exchange": "binance_usdm",
    "timestamp": "2024-05-01T00:00:00.520000Z",
    "sequence": 26,
    "scenario_id": "scenario-599-volatility_feedback",
    "agent_id": "agent-volatility_feedback",
    "order_id": "scenario-599-volatility_feedback-agent-volatility_feedback-26",
    "action": "new",
    "side": "buy",
    "price": 65698.71048,
    "quantity": 0.04,
    "remaining_quantity": 0.04
  },
  {
    "event_id": "ee6bb8e78ab268ca3cc77c94c81cb2dd074a83abae09074c3a0ad968f46dbf93",
    "schema_version": "1.0.0",
    "event_type": "agent_order",
    "source": "synthetic_agent",
    "symbol": "BTCUSDT",
    "exchange": "binance_usdm",
    "timestamp": "2024-05-01T00:00:00.540000Z",
    "sequence": 27,
    "scenario_id": "scenario-599-volatility_feedback",
    "agent_id": "agent-volatility_feedback",
    "order_id": "scenario-599-volatility_feedback-agent-volatility_feedback-27",
    "action": "new",
    "side": "sell",
    "price": 65497.97754,
    "quantity": 0.05,
    "remaining_quantity": 0.05
  },
  {
    "event_id": "8e14bebcc71fcf786893a08110799bc575d534390d7d8d3723a43c24b5ca1108",
    "schema_version": "1.0.0",
    "event_type": "agent_order",
    "source": "synthetic_agent",
    "symbol": "BTCUSDT",
    "exchange": "binance_usdm",
    "timestamp": "2024-05-01T00:00:00.560000Z",
    "sequence": 28,
    "scenario_id": "scenario-599-volatility_feedback",
    "agent_id": "agent-volatility_feedback",
    "order_id": "scenario-599-volatility_feedback-agent-volatility_feedback-28",
    "action": "new",
    "side": "buy",
    "price": 65701.33444,
    "quantity": 0.02,
    "remaining_quantity": 0.02
  },
  {
    "event_id": "4bc50c0b7b226a05b5d45d4b8864ed9d21bb1df7fb08782b1d6ab5b1e230482e",
    "schema_version": "1.0.0",
    "event_type": "agent_order",
    "source": "synthetic_agent",
    "symbol": "BTCUSDT",
    "exchange": "binance_usdm",
    "timestamp": "2024-05-01T00:00:00.580000Z",
    "sequence": 29,
    "scenario_id": "scenario-599-volatility_feedback",
    "agent_id": "agent-volatility_feedback",
    "order_id": "scenario-599-volatility_feedback-agent-volatility_feedback-29",
    "action": "new",
    "side": "sell",
    "price": 65495.353579999995,
    "quantity": 0.03,
    "remaining_quantity": 0.03
  }
]