[
  {
    "event_id": "f96978bada103cf6b2d9c1ac7c7d3549ae5398f3da053b024070db32665494cd",
    "schema_version": "1.0.0",
    "event_type": "agent_order",
    "source": "synthetic_agent",
    "symbol": "BTCUSDT",
    "exchange": "binance_usdm",
    "timestamp": "2024-05-01T00:00:00Z",
    "sequence": 0,
    "scenario_id": "scenario-137-momentum_ignition",
    "agent_id": "agent-momentum_ignition",
    "order_id": "scenario-137-momentum_ignition-agent-momentum_ignition-0",
    "action": "new",
    "side": "buy",
    "price": 65202.136999999995,
    "quantity": 0.08,
    "remaining_quantity": 0.08
  },
  {
    "event_id": "468f921708f9d19c066d0b46eeebb7503f751c9e43a6772f7965d74da88f2c78",
    "schema_version": "1.0.0",
    "event_type": "agent_order",
    "source": "synthetic_agent",
    "symbol": "BTCUSDT",
    "exchange": "binance_usdm",
    "timestamp": "2024-05-01T00:00:00.080000Z",
    "sequence": 1,
    "scenario_id": "scenario-137-momentum_ignition",
    "agent_id": "agent-momentum_ignition",
    "order_id": "scenario-137-momentum_ignition-agent-momentum_ignition-1",
    "action": "new",
    "side": "buy",
    "price": 65203.43973999999,
    "quantity": 0.08,
    "remaining_quantity": 0.08
  },
  {
    "event_id": "887677672920fba109e606ed327d5a66625d470c9d0e9268cf5f615104461bed",
    "schema_version": "1.0.0",
    "event_type": "agent_order",
    "source": "synthetic_agent",
    "symbol": "BTCUSDT",
    "exchange": "binance_usdm",
    "timestamp": "2024-05-01T00:00:00.160000Z",
    "sequence": 2,
    "scenario_id": "scenario-137-momentum_ignition",
    "agent_id": "agent-momentum_ignition",
    "order_id": "scenario-137-momentum_ignition-agent-momentum_ignition-2",
    "action": "new",
    "side": "buy",
    "price": 65204.74247999999,
    "quantity": 0.08,
    "remaining_quantity": 0.08
  },
  {
    "event_id": "8199d60872fab39b161efd6d5ffa78e23ec696508738106d498829a89729e281",
    "schema_version": "1.0.0",
    "event_type": "agent_order",
    "source": "synthetic_agent",
    "symbol": "BTCUSDT",
    "exchange": "binance_usdm",
    "timestamp": "2024-05-01T00:00:00.240000Z",
    "sequence": 3,
    "scenario_id": "scenario-137-momentum_ignition",
    "agent_id": "agent-momentum_ignition",
    "order_id": "scenario-137-momentum_ignition-agent-momentum_ignition-3",
    "action": "new",
    "side": "buy",
    "price": 65206.04521999999,
    "quantity": 0.08,
    "remaining_quantity": 0.08
  },
  {
    "event_id": "ad0793721b4b98798dc6e99747cc1e59d10860a3a12e7f310b921e6302a7f3a4",
    "schema_version": "1.0.0",
    "event_type": "agent_order",
    "source": "synthetic_agent",
    "symbol": "BTCUSDT",
    "exchange": "binance_usdm",
    "timestamp": "2024-05-01T00:00:00.320000Z",
    "sequence": 4,
    "scenario_id": "scenario-137-momentum_ignition",
    "agent_id": "agent-momentum_ignition",
    "order_id": "scenario-137-momentum_ignition-agent-momentum_ignition-4",
    "action": "new",
    "side": "buy",
    "price": 65207.34796,
    "quantity": 0.08,
    "remaining_quantity": 0.08
  },
  {
    "event_id": "47d5c00c445f68442fd5ad2f29fd948f0ee492e72face7ca5768cc49d9d3f3ed",
    "schema_version": "1.0.0",
    "event_type": "agent_order",
    "source": "synthetic_agent",
    "symbol": "BTCUSDT",
    "exchange": "binance_usdm",
    "timestamp": "2024-05-01T00:00:00.400000Z",
    "sequence": 5,
    "scenario_id": "scenario-137-momentum_ignition",
    "agent_id": "agent-momentum_ignition",
    "order_id": "scenario-137-momentum_ignition-agent-momentum_ignition-5",
    "action": "new",
    "side": "buy",
    "price": 65208.65069999999,
    "quantity": 0.08,
    "remaining_quantity": 0.08
  },
  {
    "event_id": "2bf97d19864d64ff535b86f612b32f2105d639698ced374b0b3cfb8a64c02b41",
    "schema_version": "1.0.0",
    "event_type": "agent_order",
    "source": "synthetic_agent",
    "symbol": "BTCUSDT",
    "exchange": "binance_usdm",
    "timestamp": "2024-05-01T00:00:00.480000Z",
    "sequence": 6,
    "scenario_id": "scenario-137-momentum_ignition",
    "agent_id": "agent-momentum_ignition",
    "order_id": "scenario-137-momentum_ignition-agent-momentum_ignition-6",
    "action": "new",
    "side": "buy",
    "price": 65209.95343999998,
    "quantity": 0.08,
    "remaining_quantity": 0.08
  },
  {
    "event_id": "d69c11ff4b14000a417cac0056d6cdab93c376beeb30c48aa8f8fc4a4c9a8179",
    "schema_version": "1.0.0",
    "event_type": "agent_order",
    "source": "synthetic_agent",
    "symbol": "BTCUSDT",
    "exchange": "binance_usdm",
    "timestamp": "2024-05-01T00:00:00.560000Z",
    "sequence": 7,
    "scenario_id": "scenario-137-momentum_ignition",
    "agent_id": "agent-momentum_ignition",
    "order_id": "scenario-137-momentum_ignition-agent-momentum_ignition-7",
    "action": "new",
    "side": "buy",
    "price": 65211.25618,
    "quantity": 0.08,
    "remaining_quantity": 0.08
  },
  {
    "event_id": "9a2b38e09d8dfda2429c46efebcf5b14df79791d28bb86fbbf71012ccd2cb3c5",
    "schema_version": "1.0.0",
    "event_type": "agent_order",
    "source": "synthetic_agent",
    "symbol": "BTCUSDT",
    "exchange": "binance_usdm",
    "timestamp": "2024-05-01T00:00:00.640000Z",
    "sequence": 8,
    "scenario_id": "scenario-137-momentum_ignition",
    "agent_id": "agent-momentum_ignition",
    "order_id": "scenario-137-momentum_ignition-agent-momentum_ignition-8",
    "action": "new",
    "side": "buy",
    "price": 65212.55891999999,
    "quantity": 0.08,
    "remaining_quantity": 0.08
  },
  {
    "event_id": "add3d1ceafabbbc09c80821cbac026ac463b9577dab9330daeba3a9285c7646e",
    "schema_version": "1.0.0",
    "event_type": "agent_order",
    "source": "synthetic_agent",
    "symbol": "BTCUSDT",
    "exchange": "binance_usdm",
    "timestamp": "2024-05-01T00:00:00.720000Z",
    "sequence": 9,
    "scenario_id": "scenario-137-momentum_ignition",
    "agent_id": "agent-momentum_ignition",
    "order_id": "scenario-137-momentum_ignition-agent-momentum_ignition-9",
    "action": "new",
    "side": "buy",
    "price": 65213.861659999995,
    "quantity": 0.08,
    "remaining_quantity": 0.08
  },
  {
    "event_id": "dcfd598551a60de29245393b59d316c93de276970babc2062d9e7f09063eb0ae",
    "schema_version": "1.0.0",
    "event_type": "agent_order",
    "source": "synthetic_agent",
    "symbol": "BTCUSDT",
    "exchange": "binance_usdm",
    "timestamp": "2024-05-01T00:00:00.800000Z",
    "sequence": 10,
    "scenario_id": "scenario-137-momentum_ignition",
    "agent_id": "agent-momentum_ignition",
    "order_id": "scenario-137-momentum_ignition-agent-momentum_ignition-10",
    "action": "new",
    "side": "buy",
    "price": 65215.164399999994,
    "quantity": 0.08,
    "remaining_quantity": 0.08
  },
  {
    "event_id": "0d73c36b70c8643e1f5e3bdb01cb4d4ee8039fd00268a7d58b10c9fd771559bf",
    "schema_version": "1.0.0",
    "event_type": "agent_order",
    "source": "synthetic_agent",
    "symbol": "BTCUSDT",
    "exchange": "binance_usdm",
    "timestamp": "2024-05-01T00:00:00.880000Z",
    "sequence": 11,
    "scenario_id": "scenario-137-momentum_ignition",
    "agent_id": "agent-momentum_ignition",
    "order_id": "scenario-137-momentum_ignition-agent-momentum_ignition-11",
    "action": "new",
    "side": "buy",
    "price": 65216.46714,
    "quantity": 0.08,
    "remaining_quantity": 0.08
  },
  {
    "event_id": "2710337227e6d9b0a1512ddd3876dd13fc61110baf99ee6728c0efa86e830c8c",
    "schema_version": "1.0.0",
    "event_type": "agent_order",
    "source": "synthetic_agent",
    "symbol": "BTCUSDT",
    "exchange": "binance_usdm",
    "timestamp": "2024-05-01T00:00:00.960000Z",
    "sequence": 12,
    "scenario_id": "scenario-137-momentum_ignition",
    "agent_id": "agent-momentum_ignition",
    "order_id": "scenario-137-momentum_ignition-agent-momentum_ignition-12",
    "action": "new",
    "side": "buy",
    "price": 65217.76987999999,
    "quantity": 0.08,
    "remaining_quantity": 0.08
  },
  {
    "event_id": "4e77262c818c5d03d9956c686cca3332288a1353ffa8a8e22404a0070408503d",
    "schema_version": "1.0.0",
    "event_type": "agent_order",
    "source": "synthetic_agent",
    "symbol": "BTCUSDT",
    "exchange": "binance_usdm",
    "timestamp": "2024-05-01T00:00:01.040000Z",
    "sequence": 13,
    "scenario_id": "scenario-137-momentum_ignition",
    "agent_id": "agent-momentum_ignition",
    "order_id": "scenario-137-momentum_ignition-agent-momentum_ignition-13",
    "action": "new",
    "side": "buy",
    "price": 65219.072619999984,
    "quantity": 0.08,
    "remaining_quantity": 0.08
  },
  {
    "event_id": "70c1e106771cc522e55fd621bdd31ee82454b69ab9d28c092b03589249b5ef91",
    "schema_version": "1.0.0",
    "event_type": "agent_order",
    "source": "synthetic_agent",
    "symbol": "BTCUSDT",
    "exchange": "binance_usdm",
    "timestamp": "2024-05-01T00:00:01.120000Z",
    "sequence": 14,
    "scenario_id": "scenario-137-momentum_ignition",
    "agent_id": "agent-momentum_ignition",
    "order_id": "scenario-137-momentum_ignition-agent-momentum_ignition-14",
    "action": "new",
    "side": "buy",
    "price": 65220.37536,
    "quantity": 0.08,
    "remaining_quantity": 0.08
  },
  {
    "event_id": "cda6e93af8c99eb1330eaa68a855026a14ff887be1ca9058f9db0dcc367ae480",
    "schema_version": "1.0.0",
    "event_type": "agent_order",
    "source": "synthetic_agent",
    "symbol": "BTCUSDT",
    "exchange": "binance_usdm",
    "timestamp": "2024-05-01T00:00:01.200000Z",
    "sequence": 15,
    "scenario_id": "scenario-137-momentum_ignition",
    "agent_id": "agent-momentum_ignition",
    "order_id": "scenario-137-momentum_ignition-agent-momentum_ignition-15",
    "action": "new",
    "side": "buy",
    "price": 65221.67809999999,
    "quantity": 0.08,
    "remaining_quantity": 0.08
  },
  {
    "event_id": "ff0a8941fab83726c1ca6bbfa3939152fd50613d53bddd711ebc91199b11807c",
    "schema_version": "1.0.0",
    "event_type": "agent_order",
    "source": "synthetic_agent",
    "symbol": "BTCUSDT",
    "exchange": "binance_usdm",
    "timestamp": "2024-05-01T00:00:01.280000Z",
    "sequence": 16,
    "scenario_id": "scenario-137-momentum_ignition",
    "agent_id": "agent-momentum_ignition",
    "order_id": "scenario-137-momentum_ignition-agent-momentum_ignition-16",
    "action": "new",
    "side": "buy",
    "price": 65222.98084,
    "quantity": 0.08,
    "remaining_quantity": 0.08
  },
  {
    "event_id": "1ebc3be30e01f89b524e6a34afcc84590db7baac1be0ca5bdd442d5668c6f8df",
    "schema_version": "1.0.0",
    "event_type": "agent_order",
    "source": "synthetic_agent",
    "symbol": "BTCUSDT",
    "exchange": "binance_usdm",
    "timestamp": "2024-05-01T00:00:01.360000Z",
    "sequence": 17,
    "scenario_id": "scenario-137-momentum_ignition",
    "agent_id": "agent-momentum_ignition",
    "order_id": "scenario-137-momentum_ignition-agent-momentum_ignition-17",
    "action": "new",
    "side": "buy",
    "price": 65224.283579999996,
    "quantity": 0.08,
    "remaining_quantity": 0.08
  },
  {
    "event_id": "03232d7730f0e830b1ee350b4c3a68792de50d46d31e4485298e029d5de94fa8",
    "schema_version": "1.0.0",
    "event_type": "agent_order",
    "source": "synthetic_agent",
    "symbol": "BTCUSDT",
    "exchange": "binance_usdm",
    "timestamp": "2024-05-01T00:00:01.440000Z",
    "sequence": 18,
    "scenario_id": "scenario-137-momentum_ignition",
    "agent_id": "agent-momentum_ignition",
    "order_id": "scenario-137-momentum_ignition-agent-momentum_ignition-18",
    "action": "new",
    "side": "buy",
    "price": 65225.58631999999,
    "quantity": 0.08,
    "remaining_quantity": 0.08
  },
  {
    "event_id": "f90ce3747ab25e13255c7af7bc5dea9be4964262594dcff493f5332200ae5a33",
    "schema_version": "1.0.0",
    "event_type": "agent_order",
    "source": "synthetic_agent",
    "symbol": "BTCUSDT",
    "exchange": "binance_usdm",
    "timestamp": "2024-05-01T00:00:01.520000Z",
    "sequence": 19,
    "scenario_id": "scenario-137-momentum_ignition",
    "agent_id": "agent-momentum_ignition",
    "order_id": "scenario-137-momentum_ignition-agent-momentum_ignition-19",
    "action": "new",
    "side": "buy",
    "price": 65226.889059999994,
    "quantity": 0.08,
    "remaining_quantity": 0.08
  },
  {
    "event_id": "d555bed4a385b8ed420fc9aab2c4bfc4a7a8b5bd1ce506a00c150ee5566dafd2",
    "schema_version": "1.0.0",
    "event_type": "agent_order",
    "source": "synthetic_agent",
    "symbol": "BTCUSDT",
    "exchange": "binance_usdm",
    "timestamp": "2024-05-01T00:00:01.600000Z",
    "sequence": 20,
    "scenario_id": "scenario-137-momentum_ignition",
    "agent_id": "agent-momentum_ignition",
    "order_id": "scenario-137-momentum_ignition-agent-momentum_ignition-20",
    "action": "new",
    "side": "buy",
    "price": 65228.19179999999,
    "quantity": 0.08,
    "remaining_quantity": 0.08
  },
  {
    "event_id": "50d4cccc8e375e00dbe883604ec4b2e6ff16fe606be0ca896f4686e462210794",
    "schema_version": "1.0.0",
    "event_type": "agent_order",
    "source": "synthetic_agent",
    "symbol": "BTCUSDT",
    "exchange": "binance_usdm",
    "timestamp": "2024-05-01T00:00:01.680000Z",
    "sequence": 21,
    "scenario_id": "scenario-137-momentum_ignition",
    "agent_id": "agent-momentum_ignition",
    "order_id": "scenario-137-momentum_ignition-agent-momentum_ignition-21",
    "action": "new",
    "side": "buy",
    "price": 65229.49454,
    "quantity": 0.08,
    "remaining_quantity": 0.08
  },
  {
    "event_id": "0f4f0a439eb8ebe823a76f22deb2e92cb3ca365746c178c7355eac53b4add927",
    "schema_version": "1.0.0",
    "event_type": "agent_order",
    "source": "synthetic_agent",
    "symbol": "BTCUSDT",
    "exchange": "binance_usdm",
    "timestamp": "2024-05-01T00:00:01.760000Z",
    "sequence": 22,
    "scenario_id": "scenario-137-momentum_ignition",
    "agent_id": "agent-momentum_ignition",
    "order_id": "scenario-137-momentum_ignition-agent-momentum_ignition-22",
    "action": "new",
    "side": "buy",
    "price": 65230.79727999999,
    "quantity": 0.08,
    "remaining_quantity": 0.08
  },
  {
    "event_id": "603da80057705fbae2e456d25c251fac5bc36f39230800872f6fe10720a3c395",
    "schema_version": "1.0.0",
    "event_type": "agent_order",
    "source": "synthetic_agent",
    "symbol": "BTCUSDT",
    "exchange": "binance_usdm",
    "timestamp": "2024-05-01T00:00:01.840000Z",
    "sequence": 23,
    "scenario_id": "scenario-137-momentum_ignition",
    "agent_id": "agent-momentum_ignition",
    "order_id": "scenario-137-momentum_ignition-agent-momentum_ignition-23",
    "action": "new",
    "side": "buy",
    "price": 65232.10001999998,
    "quantity": 0.08,
    "remaining_quantity": 0.08
  },
  {
    "event_id": "895d8ef505a38c5114b490c2c2d6dc0d5ab48d054d9743280bc5dc2bc49c27ad",
    "schema_version": "1.0.0",
    "event_type": "agent_order",
    "source": "synthetic_agent",
    "symbol": "BTCUSDT",
    "exchange": "binance_usdm",
    "timestamp": "2024-05-01T00:00:01.920000Z",
    "sequence": 24,
    "scenario_id": "scenario-137-momentum_ignition",
    "agent_id": "agent-momentum_ignition",
    "order_id": "scenario-137-momentum_ignition-agent-momentum_ignition-24",
    "action": "new",
    "side": "buy",
    "price": 65233.40276,
    "quantity": 0.08,
    "remaining_quantity": 0.08
  },
  {
    "event_id": "bdb03216ccf2437e141281e749d56b02c0509dc9ddb3ff52091c58d20a215dda",
    "schema_version": "1.0.0",
    "event_type": "agent_order",
    "source": "synthetic_agent",
    "symbol": "BTCUSDT",
    "exchange": "binance_usdm",
    "timestamp": "2024-05-01T00:00:02Z",
    "sequence": 25,
    "scenario_id": "scenario-137-momentum_ignition",
    "agent_id": "agent-momentum_ignition",
    "order_id": "scenario-137-momentum_ignition-agent-momentum_ignition-25",
    "action": "new",
    "side": "buy",
    "price": 65234.70549999999,
    "quantity": 0.08,
    "remaining_quantity": 0.08
  },
  {
    "event_id": "fc352bf3eb756f5a73627c2023434bb34b203a0d46db73c04071bb59436d0a1a",
    "schema_version": "1.0.0",
    "event_type": "agent_order",
    "source": "synthetic_agent",
    "symbol": "BTCUSDT",
    "exchange": "binance_usdm",
    "timestamp": "2024-05-01T00:00:02.080000Z",
    "sequence": 26,
    "scenario_id": "scenario-137-momentum_ignition",
    "agent_id": "agent-momentum_ignition",
    "order_id": "scenario-137-momentum_ignition-agent-momentum_ignition-26",
    "action": "new",
    "side": "buy",
    "price": 65236.008239999996,
    "quantity": 0.08,
    "remaining_quantity": 0.08
  },
  {
    "event_id": "2efbcb528508bc82e5fcaa99f493950b5607dcbb783ca07c65e810f34d903cbb",
    "schema_version": "1.0.0",
    "event_type": "agent_order",
    "source": "synthetic_agent",
    "symbol": "BTCUSDT",
    "exchange": "binance_usdm",
    "timestamp": "2024-05-01T00:00:02.160000Z",
    "sequence": 27,
    "scenario_id": "scenario-137-momentum_ignition",
    "agent_id": "agent-momentum_ignition",
    "order_id": "scenario-137-momentum_ignition-agent-momentum_ignition-27",
    "action": "new",
    "side": "buy",
    "price": 65237.310979999995,
    "quantity": 0.08,
    "remaining_quantity": 0.08
  },
  {
    "event_id": "962f7771716b7dadf7740af4a5fe723d84b26894aed329f8bd54626ce16ad11b",
    "schema_version": "1.0.0",
    "event_type": "agent_order",
    "source": "synthetic_agent",
    "symbol": "BTCUSDT",
    "exchange": "binance_usdm",
    "timestamp": "2024-05-01T00:00:02.240000Z",
    "sequence": 28,
    "scenario_id": "scenario-137-momentum_ignition",
    "agent_id": "agent-momentum_ignition",
    "order_id": "scenario-137-momentum_ignition-agent-momentum_ignition-28",
    "action": "new",
    "side": "buy",
    "price": 65238.61371999999,
    "quantity": 0.08,
    "remaining_quantity": 0.08
  },
  {
    "event_id": "6e8a5da8f9c238cbd3288534daa98138f72916da3b322c2f216dd365c30ac73a",
    "schema_version": "1.0.0",
    "event_type": "agent_order",
    "source": "synthetic_agent",
    "symbol": "BTCUSDT",
    "exchange": "binance_usdm",
    "timestamp": "2024-05-01T00:00:02.320000Z",
    "sequence": 29,
    "scenario_id": "scenario-137-momentum_ignition",
    "agent_id": "agent-momentum_ignition",
    "order_id": "scenario-137-momentum_ignition-agent-momentum_ignition-29",
    "action": "new",
    "side": "buy",
    "price": 65239.91645999999,
    "quantity": 0.08,
    "remaining_quantity": 0.08
  }
]