[
  {
    "event_id": "169f17e810118602abf068adb51d16b8ee716dd6b31ab7df7095afc213e6f075",
    "schema_version": "1.0.0",
    "event_type": "agent_order",
    "source": "synthetic_agent",
    "symbol": "BTCUSDT",
    "exchange": "binance_usdm",
    "timestamp": "2024-05-01T00:00:00Z",
    "sequence": 0,
    "scenario_id": "scenario-128-latency_edge",
    "agent_id": "agent-latency_edge",
    "order_id": "scenario-128-latency_edge-agent-latency_edge-0",
    "action": "new",
    "side": "buy",
    "price": 65167.076799999995,
    "quantity": 0.006,
    "remaining_quantity": 0.006
  },
  {
    "event_id": "7a04a411592fb656a230a94571d953a0823d3fe787330ce8d8faf52f7efd7d16",
    "schema_version": "1.0.0",
    "event_type": "agent_order",
    "source": "synthetic_agent",
    "symbol": "BTCUSDT",
    "exchange": "binance_usdm",
    "timestamp": "2024-05-01T00:00:00.008000Z",
    "sequence": 1,
    "scenario_id": "scenario-128-latency_edge",
    "agent_id": "agent-latency_edge",
    "order_id": "scenario-128-latency_edge-agent-latency_edge-1",
    "action": "new",
    "side": "buy",
    "price": 65167.076799999995,
    "quantity": 0.006,
    "remaining_quantity": 0.006
  },
  {
    "event_id": "bf2f815b9232cef37ff1fb3a2d15e445f3b8ea98267ab05cc7b5661a06dcd594",
    "schema_version": "1.0.0",
    "event_type": "agent_order",
    "source": "synthetic_agent",
    "symbol": "BTCUSDT",
    "exchange": "binance_usdm",
    "timestamp": "2024-05-01T00:00:00.016000Z",
    "sequence": 2,
    "scenario_id": "scenario-128-latency_edge",
    "agent_id": "agent-latency_edge",
    "order_id": "scenario-128-latency_edge-agent-latency_edge-2",
    "action": "new",
    "side": "sell",
    "price": 65088.9232,
    "quantity": 0.006,
    "remaining_quantity": 0.006
  },
  {
    "event_id": "4eab7c973645a6f92862b96f79b3eb13a44c9789bd063b017472607ded0c29b0",
    "schema_version": "1.0.0",
    "event_type": "agent_order",
    "source": "synthetic_agent",
    "symbol": "BTCUSDT",
    "exchange": "binance_usdm",
    "timestamp": "2024-05-01T00:00:00.024000Z",
    "sequence": 3,
    "scenario_id": "scenario-128-latency_edge",
    "agent_id": "agent-latency_edge",
    "order_id": "scenario-128-latency_edge-agent-latency_edge-3",
    "action": "new",
    "side": "sell",
    "price": 65088.9232,
    "quantity": 0.006,
    "remaining_quantity": 0.006
  },
  {
    "event_id": "7537c6fa52db3ee830ac8b4f4b51839d06e14b3d4f21208950b9770f96e89b33",
    "schema_version": "1.0.0",
    "event_type": "agent_order",
    "source": "synthetic_agent",
    "symbol": "BTCUSDT",
    "exchange": "binance_usdm",
    "timestamp": "2024-05-01T00:00:00.032000Z",
    "sequence": 4,
    "scenario_id": "scenario-128-latency_edge",
    "agent_id": "agent-latency_edge",
    "order_id": "scenario-128-latency_edge-agent-latency_edge-4",
    "action": "new",
    "side": "buy",
    "price": 65167.076799999995,
    "quantity": 0.006,
    "remaining_quantity": 0.006
  },
  {
    "event_id": "103b10dae583bd1e506b050bc3fb7d0a3bd3b3987fae4a56a1ebc0cadd986f2a",
    "schema_version": "1.0.0",
    "event_type": "agent_order",
    "source": "synthetic_agent",
    "symbol": "BTCUSDT",
    "exchange": "binance_usdm",
    "timestamp": "2024-05-01T00:00:00.040000Z",
    "sequence": 5,
    "scenario_id": "scenario-128-latency_edge",
    "agent_id": "agent-latency_edge",
    "order_id": "scenario-128-latency_edge-agent-latency_edge-5",
    "action": "new",
    "side": "buy",
    "price": 65167.076799999995,
    "quantity": 0.006,
    "remaining_quantity": 0.006
  },
  {
    "event_id": "ffc4b6a675ce26956c68256cf19b0e9fe777e64939d95f509df905a828f815e5",
    "schema_version": "1.0.0",
    "event_type": "agent_order",
    "source": "synthetic_agent",
    "symbol": "BTCUSDT",
    "exchange": "binance_usdm",
    "timestamp": "2024-05-01T00:00:00.048000Z",
    "sequence": 6,
    "scenario_id": "scenario-128-latency_edge",
    "agent_id": "agent-latency_edge",
    "order_id": "scenario-128-latency_edge-agent-latency_edge-6",
    "action": "new",
    "side": "sell",
    "price": 65088.9232,
    "quantity": 0.006,
    "remaining_quantity": 0.006
  },
  {
    "event_id": "a1ea34e9e67f4cfb322c848f1c942fd9e383b77c562e4beb61689d9bc2d68487",
    "schema_version": "1.0.0",
    "event_type": "agent_order",
    "source": "synthetic_agent",
    "symbol": "BTCUSDT",
    "exchange": "binance_usdm",
    "timestamp": "2024-05-01T00:00:00.056000Z",
    "sequence": 7,
    "scenario_id": "scenario-128-latency_edge",
    "agent_id": "agent-latency_edge",
    "order_id": "scenario-128-latency_edge-agent-latency_edge-7",
    "action": "new",
    "side": "sell",
    "price": 65088.9232,
    "quantity": 0.006,
    "remaining_quantity": 0.006
  },
  {
    "event_id": "69854a6bfba293ae05bd554ddc21f978faa6f66869952923540b9f7edee71bb3",
    "schema_version": "1.0.0",
    "event_type": "agent_order",
    "source": "synthetic_agent",
    "symbol": "BTCUSDT",
    "exchange": "binance_usdm",
    "timestamp": "2024-05-01T00:00:00.064000Z",
    "sequence": 8,
    "scenario_id": "scenario-128-latency_edge",
    "agent_id": "agent-latency_edge",
    "order_id": "scenario-128-latency_edge-agent-latency_edge-8",
    "action": "new",
    "side": "buy",
    "price": 65167.076799999995,
    "quantity": 0.006,
    "remaining_quantity": 0.006
  },
  {
    "event_id": "449493a3ee3c470d396128bd4e1bbe4084e9020343d5d75acca951352577fe65",
    "schema_version": "1.0.0",
    "event_type": "agent_order",
    "source": "synthetic_agent",
    "symbol": "BTCUSDT",
    "exchange": "binance_usdm",
    "timestamp": "2024-05-01T00:00:00.072000Z",
    "sequence": 9,
    "scenario_id": "scenario-128-latency_edge",
    "agent_id": "agent-latency_edge",
    "order_id": "scenario-128-latency_edge-agent-latency_edge-9",
    "action": "new",
    "side": "buy",
    "price": 65167.076799999995,
    "quantity": 0.006,
    "remaining_quantity": 0.006
  },
  {
    "event_id": "718a08785ba5610ce55f47a13888f923b8349847e386d29ba621616f868b7fe1",
    "schema_version": "1.0.0",
    "event_type": "agent_order",
    "source": "synthetic_agent",
    "symbol": "BTCUSDT",
    "exchange": "binance_usdm",
    "timestamp": "2024-05-01T00:00:00.080000Z",
    "sequence": 10,
    "scenario_id": "scenario-128-latency_edge",
    "agent_id": "agent-latency_edge",
    "order_id": "scenario-128-latency_edge-agent-latency_edge-10",
    "action": "new",
    "side": "sell",
    "price": 65088.9232,
    "quantity": 0.006,
    "remaining_quantity": 0.006
  },
  {
    "event_id": "22d8691bfb7314deae56f7f3083993805accad66fa201da524d74646a5f3a824",
    "schema_version": "1.0.0",
    "event_type": "agent_order",
    "source": "synthetic_agent",
    "symbol": "BTCUSDT",
    "exchange": "binance_usdm",
    "timestamp": "2024-05-01T00:00:00.088000Z",
    "sequence": 11,
    "scenario_id": "scenario-128-latency_edge",
    "agent_id": "agent-latency_edge",
    "order_id": "scenario-128-latency_edge-agent-latency_edge-11",
    "action": "new",
    "side": "sell",
    "price": 65088.9232,
    "quantity": 0.006,
    "remaining_quantity": 0.006
  },
  {
    "event_id": "04764001fb706cc5eac6934ef4cece6a498db377c7a973e54c3f294f18e16f00",
    "schema_version": "1.0.0",
    "event_type": "agent_order",
    "source": "synthetic_agent",
    "symbol": "BTCUSDT",
    "exchange": "binance_usdm",
    "timestamp": "2024-05-01T00:00:00.096000Z",
    "sequence": 12,
    "scenario_id": "scenario-128-latency_edge",
    "agent_id": "agent-latency_edge",
    "order_id": "scenario-128-latency_edge-agent-latency_edge-12",
    "action": "new",
    "side": "buy",
    "price": 65167.076799999995,
    "quantity": 0.006,
    "remaining_quantity": 0.006
  },
  {
    "event_id": "b86bad0e1dae1de90d8d2b71f305039ea07c92ba44c2c250add27a49dba168ab",
    "schema_version": "1.0.0",
    "event_type": "agent_order",
    "source": "synthetic_agent",
    "symbol": "BTCUSDT",
    "exchange": "binance_usdm",
    "timestamp": "2024-05-01T00:00:00.104000Z",
    "sequence": 13,
    "scenario_id": "scenario-128-latency_edge",
    "agent_id": "agent-latency_edge",
    "order_id": "scenario-128-latency_edge-agent-latency_edge-13",
    "action": "new",
    "side": "buy",
    "price": 65167.076799999995,
    "quantity": 0.006,
    "remaining_quantity": 0.006
  },
  {
    "event_id": "e1ebb4d0ddf4eb32c3a0e6ecd48b66bd9d003b376be735dbf1d888ab5eff9b5a",
    "schema_version": "1.0.0",
    "event_type": "agent_order",
    "source": "synthetic_agent",
    "symbol": "BTCUSDT",
    "exchange": "binance_usdm",
    "timestamp": "2024-05-01T00:00:00.112000Z",
    "sequence": 14,
    "scenario_id": "scenario-128-latency_edge",
    "agent_id": "agent-latency_edge",
    "order_id": "scenario-128-latency_edge-agent-latency_edge-14",
    "action": "new",
    "side": "sell",
    "price": 65088.9232,
    "quantity": 0.006,
    "remaining_quantity": 0.006
  },
  {
    "event_id": "2c4e20a98af3736747c037346af451077b6ea16440b5fda93830fc32fe6736e9",
    "schema_version": "1.0.0",
    "event_type": "agent_order",
    "source": "synthetic_agent",
    "symbol": "BTCUSDT",
    "exchange": "binance_usdm",
    "timestamp": "2024-05-01T00:00:00.120000Z",
    "sequence": 15,
    "scenario_id": "scenario-128-latency_edge",
    "agent_id": "agent-latency_edge",
    "order_id": "scenario-128-latency_edge-agent-latency_edge-15",
    "action": "new",
    "side": "sell",
    "price": 65088.9232,
    "quantity": 0.006,
    "remaining_quantity": 0.006
  },
  {
    "event_id": "590381c5de7d3add5179c25400cc5c3dab77107a09740638199966bde0693320",
    "schema_version": "1.0.0",
    "event_type": "agent_order",
    "source": "synthetic_agent",
    "symbol": "BTCUSDT",
    "exchange": "binance_usdm",
    "timestamp": "2024-05-01T00:00:00.128000Z",
    "sequence": 16,
    "scenario_id": "scenario-128-latency_edge",
    "agent_id": "agent-latency_edge",
    "order_id": "scenario-128-latency_edge-agent-latency_edge-16",
    "action": "new",
    "side": "buy",
    "price": 65167.076799999995,
    "quantity": 0.006,
    "remaining_quantity": 0.006
  },
  {
    "event_id": "7b7358e64bc67312b293c66dbc15fba6935ebd1582df1f88757edf1de8c6107c",
    "schema_version": "1.0.0",
    "event_type": "agent_order",
    "source": "synthetic_agent",
    "symbol": "BTCUSDT",
    "exchange": "binance_usdm",
    "timestamp": "2024-05-01T00:00:00.136000Z",
    "sequence": 17,
    "scenario_id": "scenario-128-latency_edge",
    "agent_id": "agent-latency_edge",
    "order_id": "scenario-128-latency_edge-agent-latency_edge-17",
    "action": "new",
    "side": "buy",
    "price": 65167.076799999995,
    "quantity": 0.006,
    "remaining_quantity": 0.006
  },
  {
    "event_id": "7e625921a4a53fd434e94f3387697681fcd4118d60325689dc5a83dd0c05b1ab",
    "schema_version": "1.0.0",
    "event_type": "agent_order",
    "source": "synthetic_agent",
    "symbol": "BTCUSDT",
    "exchange": "binance_usdm",
    "timestamp": "2024-05-01T00:00:00.144000Z",
    "sequence": 18,
    "scenario_id": "scenario-128-latency_edge",
    "agent_id": "agent-latency_edge",
    "order_id": "scenario-128-latency_edge-agent-latency_edge-18",
    "action": "new",
    "side": "sell",
    "price": 65088.9232,
    "quantity": 0.006,
    "remaining_quantity": 0.006
  },
  {
    "event_id": "98fd19eb735b00abd93d56da2a3b425041a430a002ac59c92b2f0c6343a9c6ad",
    "schema_version": "1.0.0",
    "event_type": "agent_order",
    "source": "synthetic_agent",
    "symbol": "BTCUSDT",
    "exchange": "binance_usdm",
    "timestamp": "2024-05-01T00:00:00.152000Z",
    "sequence": 19,
    "scenario_id": "scenario-128-latency_edge",
    "agent_id": "agent-latency_edge",
    "order_id": "scenario-128-latency_edge-agent-latency_edge-19",
    "action": "new",
    "side": "sell",
    "price": 65088.9232,
    "quantity": 0.006,
    "remaining_quantity": 0.006
  },
  {
    "event_id": "ebede0c4115dc28f985872b26cb8bb89b1a63c7bbe63c16a3f23986ab3613242",
    "schema_version": "1.0.0",
    "event_type": "agent_order",
    "source": "synthetic_agent",
    "symbol": "BTCUSDT",
    "exchange": "binance_usdm",
    "timestamp": "2024-05-01T00:00:00.160000Z",
    "sequence": 20,
    "scenario_id": "scenario-128-latency_edge",
    "agent_id": "agent-latency_edge",
    "order_id": "scenario-128-latency_edge-agent-latency_edge-20",
    "action": "new",
    "side": "buy",
    "price": 65167.076799999995,
    "quantity": 0.006,
    "remaining_quantity": 0.006
  },
  {
    "event_id": "dfb84349431ff83733fedad40eb9fb6347dbc564bf949f87500d1551edaafb54",
    "schema_version": "1.0.0",
    "event_type": "agent_order",
    "source": "synthetic_agent",
    "symbol": "BTCUSDT",
    "exchange": "binance_usdm",
    "timestamp": "2024-05-01T00:00:00.168000Z",
    "sequence": 21,
    "scenario_id": "scenario-128-latency_edge",
    "agent_id": "agent-latency_edge",
    "order_id": "scenario-128-latency_edge-agent-latency_edge-21",
    "action": "new",
    "side": "buy",
    "price": 65167.076799999995,
    "quantity": 0.006,
    "remaining_quantity": 0.006
  },
  {
    "event_id": "317200d5b3dd8a4bbefd6c1433ee3ee74fa8241afa604bdaa19bf763b7dd136c",
    "schema_version": "1.0.0",
    "event_type": "agent_order",
    "source": "synthetic_agent",
    "symbol": "BTCUSDT",
    "exchange": "binance_usdm",
    "timestamp": "2024-05-01T00:00:00.176000Z",
    "sequence": 22,
    "scenario_id": "scenario-128-latency_edge",
    "agent_id": "agent-latency_edge",
    "order_id": "scenario-128-latency_edge-agent-latency_edge-22",
    "action": "new",
    "side": "sell",
    "price": 65088.9232,
    "quantity": 0.006,
    "remaining_quantity": 0.006
  },
  {
    "event_id": "10460119647118ef3929a6124128b875defa97c63965ac0687ce440ae77be65a",
    "schema_version": "1.0.0",
    "event_type": "agent_order",
    "source": "synthetic_agent",
    "symbol": "BTCUSDT",
    "exchange": "binance_usdm",
    "timestamp": "2024-05-01T00:00:00.184000Z",
    "sequence": 23,
    "scenario_id": "scenario-128-latency_edge",
    "agent_id": "agent-latency_edge",
    "order_id": "scenario-128-latency_edge-agent-latency_edge-23",
    "action": "new",
    "side": "sell",
    "price": 65088.9232,
    "quantity": 0.006,
    "remaining_quantity": 0.006
  },
  {
    "event_id": "d41466a9eae872d95151e185c9238ba2331bb60132d02da0fccd276b0eae248e",
    "schema_version": "1.0.0",
    "event_type": "agent_order",
    "source": "synthetic_agent",
    "symbol": "BTCUSDT",
    "exchange": "binance_usdm",
    "timestamp": "2024-05-01T00:00:00.192000Z",
    "sequence": 24,
    "scenario_id": "scenario-128-latency_edge",
    "agent_id": "agent-latency_edge",
    "order_id": "scenario-128-latency_edge-agent-latency_edge-24",
    "action": "new",
    "side": "buy",
    "price": 65167.076799999995,
    "quantity": 0.006,
    "remaining_quantity": 0.006
  },
  {
    "event_id": "4466bc71e223eb87c17b13402377c70b52582d00537d8f82a8e2240b2794bdde",
    "schema_version": "1.0.0",
    "event_type": "agent_order",
    "source": "synthetic_agent",
    "symbol": "BTCUSDT",
    "exchange": "binance_usdm",
    "timestamp": "2024-05-01T00:00:00.200000Z",
    "sequence": 25,
    "scenario_id": "scenario-128-latency_edge",
    "agent_id": "agent-latency_edge",
    "order_id": "scenario-128-latency_edge-agent-latency_edge-25",
    "action": "new",
    "side": "buy",
    "price": 65167.076799999995,
    "quantity": 0.006,
    "remaining_quantity": 0.006
  },
  {
    "event_id": "dace80ecb55ae517905a70ddebd849b083ad4159189db4cef2a24d4d6400202a",
    "schema_version": "1.0.0",
    "event_type": "agent_order",
    "source": "synthetic_agent",
    "symbol": "BTCUSDT",
    "exchange": "binance_usdm",
    "timestamp": "2024-05-01T00:00:00.208000Z",
    "sequence": 26,
    "scenario_id": "scenario-128-latency_edge",
    "agent_id": "agent-latency_edge",
    "order_id": "scenario-128-latency_edge-agent-latency_edge-26",
    "action": "new",
    "side": "sell",
    "price": 65088.9232,
    "quantity": 0.006,
    "remaining_quantity": 0.006
  },
  {
    "event_id": "c7e31ec0dcb7e3ac3d6d3f93736cf3e18a2adcf4461ca7a07bec4b628cc839d6",
    "schema_version": "1.0.0",
    "event_type": "agent_order",
    "source": "synthetic_agent",
    "symbol": "BTCUSDT",
    "exchange": "binance_usdm",
    "timestamp": "2024-05-01T00:00:00.216000Z",
    "sequence": 27,
    "scenario_id": "scenario-128-latency_edge",
    "agent_id": "agent-latency_edge",
    "order_id": "scenario-128-latency_edge-agent-latency_edge-27",
    "action": "new",
    "side": "sell",
    "price": 65088.9232,
    "quantity": 0.006,
    "remaining_quantity": 0.006
  },
  {
    "event_id": "a6885364c363e50d8ab18fb1e95d3c7399b25e470968ba01e2ae58279de1d5c2",
    "schema_version": "1.0.0",
    "event_type": "agent_order",
    "source": "synthetic_agent",
    "symbol": "BTCUSDT",
    "exchange": "binance_usdm",
    "timestamp": "2024-05-01T00:00:00.224000Z",
    "sequence": 28,
    "scenario_id": "scenario-128-latency_edge",
    "agent_id": "agent-latency_edge",
    "order_id": "scenario-128-latency_edge-agent-latency_edge-28",
    "action": "new",
    "side": "buy",
    "price": 65167.076799999995,
    "quantity": 0.006,
    "remaining_quantity": 0.006
  },
  {
    "event_id": "78f38ba0255a378b681b0fe829ce5ae5bcb99836b61c2889f997a0e89f90cf85",
    "schema_version": "1.0.0",
    "event_type": "agent_order",
    "source": "synthetic_agent",
    "symbol": "BTCUSDT",
    "exchange": "binance_usdm",
    "timestamp": "2024-05-01T00:00:00.232000Z",
    "sequence": 29,
    "scenario_id": "scenario-128-latency_edge",
    "agent_id": "agent-latency_edge",
    "order_id": "scenario-128-latency_edge-agent-latency_edge-29",
    "action": "new",
    "side": "buy",
    "price": 65167.076799999995,
    "quantity": 0.006,
    "remaining_quantity": 0.006
  }
]