[
  {
    "event_id": "b7a4f77891656606e99d738e77c2b4ecd424e7bd2e1f0bad4f0cd99922d95831",
    "schema_version": "1.0.0",
    "event_type": "agent_order",
    "source": "synthetic_agent",
    "symbol": "BTCUSDT",
    "exchange": "binance_usdm",
    "timestamp": "2024-05-01T00:00:00Z",
    "sequence": 0,
    "scenario_id": "scenario-271-coordinated_burst",
    "agent_id": "agent-coordinated_burst-0",
    "order_id": "scenario-271-coordinated_burst-agent-coordinated_burst-0-0",
    "action": "new",
    "side": "buy",
    "price": 65284.0542,
    "quantity": 0.04,
    "remaining_quantity": 0.04
  },
  {
    "event_id": "199531cae41827cb67a9f9c29f8526e725d46ccff2df1b56943da76eef58225d",
    "schema_version": "1.0.0",
    "event_type": "agent_order",
    "source": "synthetic_agent",
    "symbol": "BTCUSDT",
    "exchange": "binance_usdm",
    "timestamp": "2024-05-01T00:00:00.012000Z",
    "sequence": 1,
    "scenario_id": "scenario-271-coordinated_burst",
    "agent_id": "agent-coordinated_burst-1",
    "order_id": "scenario-271-coordinated_burst-agent-coordinated_burst-1-1",
    "action": "new",
    "side": "sell",
    "price": 65257.9458,
    "quantity": 0.04,
    "remaining_quantity": 0.04
  },
  {
    "event_id": "912173c6dfb807170319f26caea5f1ad1373c0ce91ed5f7cfe19d9884a17b4ba",
    "schema_version": "1.0.0",
    "event_type": "agent_order",
    "source": "synthetic_agent",
    "symbol": "BTCUSDT",
    "exchange": "binance_usdm",
    "timestamp": "2024-05-01T00:00:00.024000Z",
    "sequence": 2,
    "scenario_id": "scenario-271-coordinated_burst",
    "agent_id": "agent-coordinated_burst-2",
    "order_id": "scenario-271-coordinated_burst-agent-coordinated_burst-2-2",
    "action": "new",
    "side": "sell",
    "price": 65257.9458,
    "quantity": 0.04,
    "remaining_quantity": 0.04
  },
  {
    "event_id": "9a4f6251726f859a7c990217f50e25c21a88e0126cfc9697f7379e6a9f880ab7",
    "schema_version": "1.0.0",
    "event_type": "agent_order",
    "source": "synthetic_agent",
    "symbol": "BTCUSDT",
    "exchange": "binance_usdm",
    "timestamp": "2024-05-01T00:00:00.036000Z",
    "sequence": 3,
    "scenario_id": "scenario-271-coordinated_burst",
    "agent_id": "agent-coordinated_burst-0",
    "order_id": "scenario-271-coordinated_burst-agent-coordinated_burst-0-3",
    "action": "new",
    "side": "buy",
    "price": 65284.0542,
    "quantity": 0.04,
    "remaining_quantity": 0.04
  },
  {
    "event_id": "58e746803efec25916bf191e170229e386d45d7a2542ee80935ff4e5bfccadbf",
    "schema_version": "1.0.0",
    "event_type": "agent_order",
    "source": "synthetic_agent",
    "symbol": "BTCUSDT",
    "exchange": "binance_usdm",
    "timestamp": "2024-05-01T00:00:00.048000Z",
    "sequence": 4,
    "scenario_id": "scenario-271-coordinated_burst",
    "agent_id": "agent-coordinated_burst-1",
    "order_id": "scenario-271-coordinated_burst-agent-coordinated_burst-1-4",
    "action": "new",
    "side": "sell",
    "price": 65257.9458,
    "quantity": 0.04,
    "remaining_quantity": 0.04
  },
  {
    "event_id": "dcbaeaba78cccb0743a8a7ae239e74393afe00b31baacf962d4b36a0fc7e019f",
    "schema_version": "1.0.0",
    "event_type": "agent_order",
    "source": "synthetic_agent",
    "symbol": "BTCUSDT",
    "exchange": "binance_usdm",
    "timestamp": "2024-05-01T00:00:00.600000Z",
    "sequence": 5,
    "scenario_id": "scenario-271-coordinated_burst",
    "agent_id": "agent-coordinated_burst-2",
    "order_id": "scenario-271-coordinated_burst-agent-coordinated_burst-2-5",
    "action": "new",
    "side": "sell",
    "price": 65257.9458,
    "quantity": 0.04,
    "remaining_quantity": 0.04
  },
  {
    "event_id": "82b36c5ec86da8a10e9a2e629c21ca3ff605fa459fe565e5855f896f829a968b",
    "schema_version": "1.0.0",
    "event_type": "agent_order",
    "source": "synthetic_agent",
    "symbol": "BTCUSDT",
    "exchange": "binance_usdm",
    "timestamp": "2024-05-01T00:00:00.072000Z",
    "sequence": 6,
    "scenario_id": "scenario-271-coordinated_burst",
    "agent_id": "agent-coordinated_burst-0",
    "order_id": "scenario-271-coordinated_burst-agent-coordinated_burst-0-6",
    "action": "new",
    "side": "buy",
    "price": 65284.0542,
    "quantity": 0.04,
    "remaining_quantity": 0.04
  },
  {
    "event_id": "867721defae1857f1759f52d6d71809951ae11ca897876dbd04acdb909b840bd",
    "schema_version": "1.0.0",
    "event_type": "agent_order",
    "source": "synthetic_agent",
    "symbol": "BTCUSDT",
    "exchange": "binance_usdm",
    "timestamp": "2024-05-01T00:00:00.084000Z",
    "sequence": 7,
    "scenario_id": "scenario-271-coordinated_burst",
    "agent_id": "agent-coordinated_burst-1",
    "order_id": "scenario-271-coordinated_burst-agent-coordinated_burst-1-7",
    "action": "new",
    "side": "sell",
    "price": 65257.9458,
    "quantity": 0.04,
    "remaining_quantity": 0.04
  },
  {
    "event_id": "6c551b26f6085aa66a5f4e2a2f083a9a199b7fc26a9d85ff267c7ba43e960748",
    "schema_version": "1.0.0",
    "event_type": "agent_order",
    "source": "synthetic_agent",
    "symbol": "BTCUSDT",
    "exchange": "binance_usdm",
    "timestamp": "2024-05-01T00:00:00.096000Z",
    "sequence": 8,
    "scenario_id": "scenario-271-coordinated_burst",
    "agent_id": "agent-coordinated_burst-2",
    "order_id": "scenario-271-coordinated_burst-agent-coordinated_burst-2-8",
    "action": "new",
    "side": "sell",
    "price": 65257.9458,
    "quantity": 0.04,
    "remaining_quantity": 0.04
  },
  {
    "event_id": "715bec30fec08731fefe2c43e568668794d84cb28785f28e124eabd9c2a58c35",
    "schema_version": "1.0.0",
    "event_type": "agent_order",
    "source": "synthetic_agent",
    "symbol": "BTCUSDT",
    "exchange": "binance_usdm",
    "timestamp": "2024-05-01T00:00:00.108000Z",
    "sequence": 9,
    "scenario_id": "scenario-271-coordinated_burst",
    "agent_id": "agent-coordinated_burst-0",
    "order_id": "scenario-271-coordinated_burst-agent-coordinated_burst-0-9",
    "action": "new",
    "side": "buy",
    "price": 65284.0542,
    "quantity": 0.04,
    "remaining_quantity": 0.04
  },
  {
    "event_id": "e5b40efc2ac7965f56032f842dda38383a0e2bf3d84fa85565b2beedfb58de95",
    "schema_version": "1.0.0",
    "event_type": "agent_order",
    "source": "synthetic_agent",
    "symbol": "BTCUSDT",
    "exchange": "binance_usdm",
    "timestamp": "2024-05-01T00:00:01.200000Z",
    "sequence": 10,
    "scenario_id": "scenario-271-coordinated_burst",
    "agent_id": "agent-coordinated_burst-1",
    "order_id": "scenario-271-coordinated_burst-agent-coordinated_burst-1-10",
    "action": "new",
    "side": "sell",
    "price": 65257.9458,
    "quantity": 0.04,
    "remaining_quantity": 0.04
  },
  {
    "event_id": "ead341c6f6a32c9d9e3d79defeca9bec4d8084e976ec0c62175e25413b2c5b78",
    "schema_version": "1.0.0",
    "event_type": "agent_order",
    "source": "synthetic_agent",
    "symbol": "BTCUSDT",
    "exchange": "binance_usdm",
    "timestamp": "2024-05-01T00:00:00.132000Z",
    "sequence": 11,
    "scenario_id": "scenario-271-coordinated_burst",
    "agent_id": "agent-coordinated_burst-2",
    "order_id": "scenario-271-coordinated_burst-agent-coordinated_burst-2-11",
    "action": "new",
    "side": "sell",
    "price": 65257.9458,
    "quantity": 0.04,
    "remaining_quantity": 0.04
  },
  {
    "event_id": "53f6123d3720daa7b3753c1df8ef1da06e2f8c37dcd36923e75bd0a4b99aba8d",
    "schema_version": "1.0.0",
    "event_type": "agent_order",
    "source": "synthetic_agent",
    "symbol": "BTCUSDT",
    "exchange": "binance_usdm",
    "timestamp": "2024-05-01T00:00:00.144000Z",
    "sequence": 12,
    "scenario_id": "scenario-271-coordinated_burst",
    "agent_id": "agent-coordinated_burst-0",
    "order_id": "scenario-271-coordinated_burst-agent-coordinated_burst-0-12",
    "action": "new",
    "side": "buy",
    "price": 65284.0542,
    "quantity": 0.04,
    "remaining_quantity": 0.04
  },
  {
    "event_id": "71066fde975f14c1840da09239dacdfd2ed2d468a762404d9c4cff4d0d85d0bd",
    "schema_version": "1.0.0",
    "event_type": "agent_order",
    "source": "synthetic_agent",
    "symbol": "BTCUSDT",
    "exchange": "binance_usdm",
    "timestamp": "2024-05-01T00:00:00.156000Z",
    "sequence": 13,
    "scenario_id": "scenario-271-coordinated_burst",
    "agent_id": "agent-coordinated_burst-1",
    "order_id": "scenario-271-coordinated_burst-agent-coordinated_burst-1-13",
    "action": "new",
    "side": "sell",
    "price": 65257.9458,
    "quantity": 0.04,
    "remaining_quantity": 0.04
  },
  {
    "event_id": "507359b6e80efbc7f12ba8d4ea30b94529413b0d8de3fdbee9b2c41c6cc6ec5d",
    "schema_version": "1.0.0",
    "event_type": "agent_order",
    "source": "synthetic_agent",
    "symbol": "BTCUSDT",
    "exchange": "binance_usdm",
    "timestamp": "2024-05-01T00:00:00.168000Z",
    "sequence": 14,
    "scenario_id": "scenario-271-coordinated_burst",
    "agent_id": "agent-coordinated_burst-2",
    "order_id": "scenario-271-coordinated_burst-agent-coordinated_burst-2-14",
    "action": "new",
    "side": "sell",
    "price": 65257.9458,
    "quantity": 0.04,
    "remaining_quantity": 0.04
  },
  {
    "event_id": "82107fe1f2bc44f6a653e115e04864b29da1b9cf3575da8651a27073dfe08201",
    "schema_version": "1.0.0",
    "event_type": "agent_order",
    "source": "synthetic_agent",
    "symbol": "BTCUSDT",
    "exchange": "binance_usdm",
    "timestamp": "2024-05-01T00:00:01.800000Z",
    "sequence": 15,
    "scenario_id": "scenario-271-coordinated_burst",
    "agent_id": "agent-coordinated_burst-0",
    "order_id": "scenario-271-coordinated_burst-agent-coordinated_burst-0-15",
    "action": "new",
    "side": "buy",
    "price": 65284.0542,
    "quantity": 0.04,
    "remaining_quantity": 0.04
  },
  {
    "event_id": "c0b40dc3059573692ac7ff2edd880de68730f0a514544dcd466e38dadb95adb7",
    "schema_version": "1.0.0",
    "event_type": "agent_order",
    "source": "synthetic_agent",
    "symbol": "BTCUSDT",
    "exchange": "binance_usdm",
    "timestamp": "2024-05-01T00:00:00.192000Z",
    "sequence": 16,
    "scenario_id": "scenario-271-coordinated_burst",
    "agent_id": "agent-coordinated_burst-1",
    "order_id": "scenario-271-coordinated_burst-agent-coordinated_burst-1-16",
    "action": "new",
    "side": "sell",
    "price": 65257.9458,
    "quantity": 0.04,
    "remaining_quantity": 0.04
  },
  {
    "event_id": "71ed0bfc52ddb337686b3ae24acd1a9d2918cee777bd45b73c4d3c57bc4d2ab1",
    "schema_version": "1.0.0",
    "event_type": "agent_order",
    "source": "synthetic_agent",
    "symbol": "BTCUSDT",
    "exchange": "binance_usdm",
    "timestamp": "2024-05-01T00:00:00.204000Z",
    "sequence": 17,
    "scenario_id": "scenario-271-coordinated_burst",
    "agent_id": "agent-coordinated_burst-2",
    "order_id": "scenario-271-coordinated_burst-agent-coordinated_burst-2-17",
    "action": "new",
    "side": "sell",
    "price": 65257.9458,
    "quantity": 0.04,
    "remaining_quantity": 0.04
  },
  {
    "event_id": "0dd0b93ef3ae70e616287f7cb3585a43851c8510e2c3894db732661c3d7e3d85",
    "schema_version": "1.0.0",
    "event_type": "agent_order",
    "source": "synthetic_agent",
    "symbol": "BTCUSDT",
    "exchange": "binance_usdm",
    "timestamp": "2024-05-01T00:00:00.216000Z",
    "sequence": 18,
    "scenario_id": "scenario-271-coordinated_burst",
    "agent_id": "agent-coordinated_burst-0",
    "order_id": "scenario-271-coordinated_burst-agent-coordinated_burst-0-18",
    "action": "new",
    "side": "buy",
    "price": 65284.0542,
    "quantity": 0.04,
    "remaining_quantity": 0.04
  },
  {
    "event_id": "0c43601bcd7ffa359820a47f4cb4ef670d881b52fa52bc466fce264dde0ef3e1",
    "schema_version": "1.0.0",
    "event_type": "agent_order",
    "source": "synthetic_agent",
    "symbol": "BTCUSDT",
    "exchange": "binance_usdm",
    "timestamp": "2024-05-01T00:00:00.228000Z",
    "sequence": 19,
    "scenario_id": "scenario-271-coordinated_burst",
    "agent_id": "agent-coordinated_burst-1",
    "order_id": "scenario-271-coordinated_burst-agent-coordinated_burst-1-19",
    "action": "new",
    "side": "sell",
    "price": 65257.9458,
    "quantity": 0.04,
    "remaining_quantity": 0.04
  },
  {
    "event_id": "2c39fd14da21f54e756f4dfe20a6aaa2bb2876291e6f73c151373991512e5179",
    "schema_version": "1.0.0",
    "event_type": "agent_order",
    "source": "synthetic_agent",
    "symbol": "BTCUSDT",
    "exchange": "binance_usdm",
    "timestamp": "2024-05-01T00:00:02.400000Z",
    "sequence": 20,
    "scenario_id": "scenario-271-coordinated_burst",
    "agent_id": "agent-coordinated_burst-2",
    "order_id": "scenario-271-coordinated_burst-agent-coordinated_burst-2-20",
    "action": "new",
    "side": "sell",
    "price": 65257.9458,
    "quantity": 0.04,
    "remaining_quantity": 0.04
  },
  {
    "event_id": "2b8a305cd5944f99291a9a081ce34af4c29b7d1cb801917d5a2c37d803ac76b7",
    "schema_version": "1.0.0",
    "event_type": "agent_order",
    "source": "synthetic_agent",
    "symbol": "BTCUSDT",
    "exchange": "binance_usdm",
    "timestamp": "2024-05-01T00:00:00.252000Z",
    "sequence": 21,
    "scenario_id": "scenario-271-coordinated_burst",
    "agent_id": "agent-coordinated_burst-0",
    "order_id": "scenario-271-coordinated_burst-agent-coordinated_burst-0-21",
    "action": "new",
    "side": "buy",
    "price": 65284.0542,
    "quantity": 0.04,
    "remaining_quantity": 0.04
  },
  {
    "event_id": "fcb0e82e7eb801382e64c5d5ef2d49dfedcdf526f0e84ec8e926c6bb7d05ec10",
    "schema_version": "1.0.0",
    "event_type": "agent_order",
    "source": "synthetic_agent",
    "symbol": "BTCUSDT",
    "exchange": "binance_usdm",
    "timestamp": "2024-05-01T00:00:00.264000Z",
    "sequence": 22,
    "scenario_id": "scenario-271-coordinated_burst",
    "agent_id": "agent-coordinated_burst-1",
    "order_id": "scenario-271-coordinated_burst-agent-coordinated_burst-1-22",
    "action": "new",
    "side": "sell",
    "price": 65257.9458,
    "quantity": 0.04,
    "remaining_quantity": 0.04
  },
  {
    "event_id": "426d34b055c027ccbe7a5daad9578cd055718658dd41b639f784631f96ccdf38",
    "schema_version": "1.0.0",
    "event_type": "agent_order",
    "source": "synthetic_agent",
    "symbol": "BTCUSDT",
    "exchange": "binance_usdm",
    "timestamp": "2024-05-01T00:00:00.276000Z",
    "sequence": 23,
    "scenario_id": "scenario-271-coordinated_burst",
    "agent_id": "agent-coordinated_burst-2",
    "order_id": "scenario-271-coordinated_burst-agent-coordinated_burst-2-23",
    "action": "new",
    "side": "sell",
    "price": 65257.9458,
    "quantity": 0.04,
    "remaining_quantity": 0.04
  },
  {
    "event_id": "9018a6afd5d15605a61e4865d5f571ddf692daceb639a06ba316e2f41b2ce7ad",
    "schema_version": "1.0.0",
    "event_type": "agent_order",
    "source": "synthetic_agent",
    "symbol": "BTCUSDT",
    "exchange": "binance_usdm",
    "timestamp": "2024-05-01T00:00:00.288000Z",
    "sequence": 24,
    "scenario_id": "scenario-271-coordinated_burst",
    "agent_id": "agent-coordinated_burst-0",
    "order_id": "scenario-271-coordinated_burst-agent-coordinated_burst-0-24",
    "action": "new",
    "side": "buy",
    "price": 65284.0542,
    "quantity": 0.04,
    "remaining_quantity": 0.04
  },
  {
    "event_id": "f849a9fccdd10a41b489a88da32cab7ec076572ab3c2ae412a03f61af07f5ae5",
    "schema_version": "1.0.0",
    "event_type": "agent_order",
    "source": "synthetic_agent",
    "symbol": "BTCUSDT",
    "exchange": "binance_usdm",
    "timestamp": "2024-05-01T00:00:03Z",
    "sequence": 25,
    "scenario_id": "scenario-271-coordinated_burst",
    "agent_id": "agent-coordinated_burst-1",
    "order_id": "scenario-271-coordinated_burst-agent-coordinated_burst-1-25",
    "action": "new",
    "side": "sell",
    "price": 65257.9458,
    "quantity": 0.04,
    "remaining_quantity": 0.04
  },
  {
    "event_id": "102b7da3fa9ea2b9932417989c325d5b26e4223ab763c1cb8e13d5331039b7e7",
    "schema_version": "1.0.0",
    "event_type": "agent_order",
    "source": "synthetic_agent",
    "symbol": "BTCUSDT",
    "exchange": "binance_usdm",
    "timestamp": "2024-05-01T00:00:00.312000Z",
    "sequence": 26,
    "scenario_id": "scenario-271-coordinated_burst",
    "agent_id": "agent-coordinated_burst-2",
    "order_id": "scenario-271-coordinated_burst-agent-coordinated_burst-2-26",
    "action": "new",
    "side": "sell",
    "price": 65257.9458,
    "quantity": 0.04,
    "remaining_quantity": 0.04
  },
  {
    "event_id": "c502cc49986348c4e8d865055691c8d6074849409977e5dad2da78b3e36832a7",
    "schema_version": "1.0.0",
    "event_type": "agent_order",
    "source": "synthetic_agent",
    "symbol": "BTCUSDT",
    "exchange": "binance_usdm",
    "timestamp": "2024-05-01T00:00:00.324000Z",
    "sequence": 27,
    "scenario_id": "scenario-271-coordinated_burst",
    "agent_id": "agent-coordinated_burst-0",
    "order_id": "scenario-271-coordinated_burst-agent-coordinated_burst-0-27",
    "action": "new",
    "side": "buy",
    "price": 65284.0542,
    "quantity": 0.04,
    "remaining_quantity": 0.04
  },
  {
    "event_id": "2c13f1cfcb9c1deddcdaea444ab98300be01cb49f9942393934d66b54be24f25",
    "schema_version": "1.0.0",
    "event_type": "agent_order",
    "source": "synthetic_agent",
    "symbol": "BTCUSDT",
    "exchange": "binance_usdm",
    "timestamp": "2024-05-01T00:00:00.336000Z",
    "sequence": 28,
    "scenario_id": "scenario-271-coordinated_burst",
    "agent_id": "agent-coordinated_burst-1",
    "order_id": "scenario-271-coordinated_burst-agent-coordinated_burst-1-28",
    "action": "new",
    "side": "sell",
    "price": 65257.9458,
    "quantity": 0.04,
    "remaining_quantity": 0.04
  },
  {
    "event_id": "cf2c919a9b995fe1c2cc46c750010558c96343e0486460cff225cf74fc090f05",
    "schema_version": "1.0.0",
    "event_type": "agent_order",
    "source": "synthetic_agent",
    "symbol": "BTCUSDT",
    "exchange": "binance_usdm",
    "timestamp": "2024-05-01T00:00:00.348000Z",
    "sequence": 29,
    "scenario_id": "scenario-271-coordinated_burst",
    "agent_id": "agent-coordinated_burst-2",
    "order_id": "scenario-271-coordinated_burst-agent-coordinated_burst-2-29",
    "action": "new",
    "side": "sell",
    "price": 65257.9458,
    "quantity": 0.04,
    "remaining_quantity": 0.04
  }
]