[
  {
    "event_id": "3409793c480d516d9c8f90aa3f5d307aa7d24729cecb703c37091c0dee3b5f09",
    "schema_version": "1.0.0",
    "event_type": "agent_order",
    "source": "synthetic_agent",
    "symbol": "BTCUSDT",
    "exchange": "binance_usdm",
    "timestamp": "2024-05-01T00:00:00Z",
    "sequence": 0,
    "scenario_id": "scenario-247-coordinated_burst",
    "agent_id": "agent-coordinated_burst-0",
    "order_id": "scenario-247-coordinated_burst-agent-coordinated_burst-0-0",
    "action": "new",
    "side": "buy",
    "price": 65260.049399999996,
    "quantity": 0.04,
    "remaining_quantity": 0.04
  },
  {
    "event_id": "4408c62f84a2281b56040a8f9e7c235ff6e1df0d67d0bd7bdce7237e8b96496f",
    "schema_version": "1.0.0",
    "event_type": "agent_order",
    "source": "synthetic_agent",
    "symbol": "BTCUSDT",
    "exchange": "binance_usdm",
    "timestamp": "2024-05-01T00:00:00.012000Z",
    "sequence": 1,
    "scenario_id": "scenario-247-coordinated_burst",
    "agent_id": "agent-coordinated_burst-1",
    "order_id": "scenario-247-coordinated_burst-agent-coordinated_burst-1-1",
    "action": "new",
    "side": "sell",
    "price": 65233.950600000004,
    "quantity": 0.04,
    "remaining_quantity": 0.04
  },
  {
    "event_id": "e698542eb8757e5ba11d253081419b6897489848d4816d2ec33a788b585e461b",
    "schema_version": "1.0.0",
    "event_type": "agent_order",
    "source": "synthetic_agent",
    "symbol": "BTCUSDT",
    "exchange": "binance_usdm",
    "timestamp": "2024-05-01T00:00:00.024000Z",
    "sequence": 2,
    "scenario_id": "scenario-247-coordinated_burst",
    "agent_id": "agent-coordinated_burst-2",
    "order_id": "scenario-247-coordinated_burst-agent-coordinated_burst-2-2",
    "action": "new",
    "side": "sell",
    "price": 65233.950600000004,
    "quantity": 0.04,
    "remaining_quantity": 0.04
  },
  {
    "event_id": "a5d022f3bb738539fdde1d1f7f9567e11173e24a675965f14ec2620642364d1c",
    "schema_version": "1.0.0",
    "event_type": "agent_order",
    "source": "synthetic_agent",
    "symbol": "BTCUSDT",
    "exchange": "binance_usdm",
    "timestamp": "2024-05-01T00:00:00.036000Z",
    "sequence": 3,
    "scenario_id": "scenario-247-coordinated_burst",
    "agent_id": "agent-coordinated_burst-0",
    "order_id": "scenario-247-coordinated_burst-agent-coordinated_burst-0-3",
    "action": "new",
    "side": "buy",
    "price": 65260.049399999996,
    "quantity": 0.04,
    "remaining_quantity": 0.04
  },
  {
    "event_id": "dde8f7b07e81ae893f6796526dc3ed2847e6134c9d9b8b4d5a4b41af42333d5a",
    "schema_version": "1.0.0",
    "event_type": "agent_order",
    "source": "synthetic_agent",
    "symbol": "BTCUSDT",
    "exchange": "binance_usdm",
    "timestamp": "2024-05-01T00:00:00.048000Z",
    "sequence": 4,
    "scenario_id": "scenario-247-coordinated_burst",
    "agent_id": "agent-coordinated_burst-1",
    "order_id": "scenario-247-coordinated_burst-agent-coordinated_burst-1-4",
    "action": "new",
    "side": "sell",
    "price": 65233.950600000004,
    "quantity": 0.04,
    "remaining_quantity": 0.04
  },
  {
    "event_id": "13ee8a034a23beb05f1944bf810a2f1687d18ce0af979bd9241a7d5805f34d6e",
    "schema_version": "1.0.0",
    "event_type": "agent_order",
    "source": "synthetic_agent",
    "symbol": "BTCUSDT",
    "exchange": "binance_usdm",
    "timestamp": "2024-05-01T00:00:00.600000Z",
    "sequence": 5,
    "scenario_id": "scenario-247-coordinated_burst",
    "agent_id": "agent-coordinated_burst-2",
    "order_id": "scenario-247-coordinated_burst-agent-coordinated_burst-2-5",
    "action": "new",
    "side": "sell",
    "price": 65233.950600000004,
    "quantity": 0.04,
    "remaining_quantity": 0.04
  },
  {
    "event_id": "974147fb130ab12f620e0b3c103b926d004de38b27f9d8b514c725ac920ea974",
    "schema_version": "1.0.0",
    "event_type": "agent_order",
    "source": "synthetic_agent",
    "symbol": "BTCUSDT",
    "exchange": "binance_usdm",
    "timestamp": "2024-05-01T00:00:00.072000Z",
    "sequence": 6,
    "scenario_id": "scenario-247-coordinated_burst",
    "agent_id": "agent-coordinated_burst-0",
    "order_id": "scenario-247-coordinated_burst-agent-coordinated_burst-0-6",
    "action": "new",
    "side": "buy",
    "price": 65260.049399999996,
    "quantity": 0.04,
    "remaining_quantity": 0.04
  },
  {
    "event_id": "21f27e6067e74318ebdf76e7ebacd5995152c3e2d5bb55a8f8c94b82bdde981f",
    "schema_version": "1.0.0",
    "event_type": "agent_order",
    "source": "synthetic_agent",
    "symbol": "BTCUSDT",
    "exchange": "binance_usdm",
    "timestamp": "2024-05-01T00:00:00.084000Z",
    "sequence": 7,
    "scenario_id": "scenario-247-coordinated_burst",
    "agent_id": "agent-coordinated_burst-1",
    "order_id": "scenario-247-coordinated_burst-agent-coordinated_burst-1-7",
    "action": "new",
    "side": "sell",
    "price": 65233.950600000004,
    "quantity": 0.04,
    "remaining_quantity": 0.04
  },
  {
    "event_id": "965d9c5299638095488066d33915c3cec73377871c8bb9edf32a45fc38b309bf",
    "schema_version": "1.0.0",
    "event_type": "agent_order",
    "source": "synthetic_agent",
    "symbol": "BTCUSDT",
    "exchange": "binance_usdm",
    "timestamp": "2024-05-01T00:00:00.096000Z",
    "sequence": 8,
    "scenario_id": "scenario-247-coordinated_burst",
    "agent_id": "agent-coordinated_burst-2",
    "order_id": "scenario-247-coordinated_burst-agent-coordinated_burst-2-8",
    "action": "new",
    "side": "sell",
    "price": 65233.950600000004,
    "quantity": 0.04,
    "remaining_quantity": 0.04
  },
  {
    "event_id": "34df22023cbefc177c3b99605107f0f02859773e5af3af1db62054e7f3a5ff48",
    "schema_version": "1.0.0",
    "event_type": "agent_order",
    "source": "synthetic_agent",
    "symbol": "BTCUSDT",
    "exchange": "binance_usdm",
    "timestamp": "2024-05-01T00:00:00.108000Z",
    "sequence": 9,
    "scenario_id": "scenario-247-coordinated_burst",
    "agent_id": "agent-coordinated_burst-0",
    "order_id": "scenario-247-coordinated_burst-agent-coordinated_burst-0-9",
    "action": "new",
    "side": "buy",
    "price": 65260.049399999996,
    "quantity": 0.04,
    "remaining_quantity": 0.04
  },
  {
    "event_id": "f0b3d895d23a4aed511317585ee54f7a29ef3304c8098d334d668e145a39fad1",
    "schema_version": "1.0.0",
    "event_type": "agent_order",
    "source": "synthetic_agent",
    "symbol": "BTCUSDT",
    "exchange": "binance_usdm",
    "timestamp": "2024-05-01T00:00:01.200000Z",
    "sequence": 10,
    "scenario_id": "scenario-247-coordinated_burst",
    "agent_id": "agent-coordinated_burst-1",
    "order_id": "scenario-247-coordinated_burst-agent-coordinated_burst-1-10",
    "action": "new",
    "side": "sell",
    "price": 65233.950600000004,
    "quantity": 0.04,
    "remaining_quantity": 0.04
  },
  {
    "event_id": "3ba740de8cb53772a4aa6809c0568dbd098426a1f6a50e5f7d29a77c159d49c9",
    "schema_version": "1.0.0",
    "event_type": "agent_order",
    "source": "synthetic_agent",
    "symbol": "BTCUSDT",
    "exchange": "binance_usdm",
    "timestamp": "2024-05-01T00:00:00.132000Z",
    "sequence": 11,
    "scenario_id": "scenario-247-coordinated_burst",
    "agent_id": "agent-coordinated_burst-2",
    "order_id": "scenario-247-coordinated_burst-agent-coordinated_burst-2-11",
    "action": "new",
    "side": "sell",
    "price": 65233.950600000004,
    "quantity": 0.04,
    "remaining_quantity": 0.04
  },
  {
    "event_id": "899e017e50887cb2362a17ee0c37b7220aab3d2b1607096b1c7e7cdb4dcb3ec9",
    "schema_version": "1.0.0",
    "event_type": "agent_order",
    "source": "synthetic_agent",
    "symbol": "BTCUSDT",
    "exchange": "binance_usdm",
    "timestamp": "2024-05-01T00:00:00.144000Z",
    "sequence": 12,
    "scenario_id": "scenario-247-coordinated_burst",
    "agent_id": "agent-coordinated_burst-0",
    "order_id": "scenario-247-coordinated_burst-agent-coordinated_burst-0-12",
    "action": "new",
    "side": "buy",
    "price": 65260.049399999996,
    "quantity": 0.04,
    "remaining_quantity": 0.04
  },
  {
    "event_id": "46d4dfecc2630dd8d6e928b13cda72029971442554ce34b2ba26dcaafe9e037c",
    "schema_version": "1.0.0",
    "event_type": "agent_order",
    "source": "synthetic_agent",
    "symbol": "BTCUSDT",
    "exchange": "binance_usdm",
    "timestamp": "2024-05-01T00:00:00.156000Z",
    "sequence": 13,
    "scenario_id": "scenario-247-coordinated_burst",
    "agent_id": "agent-coordinated_burst-1",
    "order_id": "scenario-247-coordinated_burst-agent-coordinated_burst-1-13",
    "action": "new",
    "side": "sell",
    "price": 65233.950600000004,
    "quantity": 0.04,
    "remaining_quantity": 0.04
  },
  {
    "event_id": "6b9e042fbe4cb4da5428f3aad880f5a683e76fcb9aeb63f631b6bb10ddfcf01b",
    "schema_version": "1.0.0",
    "event_type": "agent_order",
    "source": "synthetic_agent",
    "symbol": "BTCUSDT",
    "exchange": "binance_usdm",
    "timestamp": "2024-05-01T00:00:00.168000Z",
    "sequence": 14,
    "scenario_id": "scenario-247-coordinated_burst",
    "agent_id": "agent-coordinated_burst-2",
    "order_id": "scenario-247-coordinated_burst-agent-coordinated_burst-2-14",
    "action": "new",
    "side": "sell",
    "price": 65233.950600000004,
    "quantity": 0.04,
    "remaining_quantity": 0.04
  },
  {
    "event_id": "7a528b77e9da3449215168c8135c0dfadb7d80499c84d2853b1310c529e88c00",
    "schema_version": "1.0.0",
    "event_type": "agent_order",
    "source": "synthetic_agent",
    "symbol": "BTCUSDT",
    "exchange": "binance_usdm",
    "timestamp": "2024-05-01T00:00:01.800000Z",
    "sequence": 15,
    "scenario_id": "scenario-247-coordinated_burst",
    "agent_id": "agent-coordinated_burst-0",
    "order_id": "scenario-247-coordinated_burst-agent-coordinated_burst-0-15",
    "action": "new",
    "side": "buy",
    "price": 65260.049399999996,
    "quantity": 0.04,
    "remaining_quantity": 0.04
  },
  {
    "event_id": "a14797afc6f87570870f724f8474d9f6a154d7adecfce742780b249f90b797ad",
    "schema_version": "1.0.0",
    "event_type": "agent_order",
    "source": "synthetic_agent",
    "symbol": "BTCUSDT",
    "exchange": "binance_usdm",
    "timestamp": "2024-05-01T00:00:00.192000Z",
    "sequence": 16,
    "scenario_id": "scenario-247-coordinated_burst",
    "agent_id": "agent-coordinated_burst-1",
    "order_id": "scenario-247-coordinated_burst-agent-coordinated_burst-1-16",
    "action": "new",
    "side": "sell",
    "price": 65233.950600000004,
    "quantity": 0.04,
    "remaining_quantity": 0.04
  },
  {
    "event_id": "155fd97117d863c99ab95baffccd7ace05c78c5281a8a1a7a0cc85071c4bb33a",
    "schema_version": "1.0.0",
    "event_type": "agent_order",
    "source": "synthetic_agent",
    "symbol": "BTCUSDT",
    "exchange": "binance_usdm",
    "timestamp": "2024-05-01T00:00:00.204000Z",
    "sequence": 17,
    "scenario_id": "scenario-247-coordinated_burst",
    "agent_id": "agent-coordinated_burst-2",
    "order_id": "scenario-247-coordinated_burst-agent-coordinated_burst-2-17",
    "action": "new",
    "side": "sell",
    "price": 65233.950600000004,
    "quantity": 0.04,
    "remaining_quantity": 0.04
  },
  {
    "event_id": "07cd7c611a2f7f44be572ff0f649872f547119a176741ce970a276cdb9667a88",
    "schema_version": "1.0.0",
    "event_type": "agent_order",
    "source": "synthetic_agent",
    "symbol": "BTCUSDT",
    "exchange": "binance_usdm",
    "timestamp": "2024-05-01T00:00:00.216000Z",
    "sequence": 18,
    "scenario_id": "scenario-247-coordinated_burst",
    "agent_id": "agent-coordinated_burst-0",
    "order_id": "scenario-247-coordinated_burst-agent-coordinated_burst-0-18",
    "action": "new",
    "side": "buy",
    "price": 65260.049399999996,
    "quantity": 0.04,
    "remaining_quantity": 0.04
  },
  {
    "event_id": "149162346e34fa0c47b64767e26948d3725ea9628a412ba570a2d50f4dc41271",
    "schema_version": "1.0.0",
    "event_type": "agent_order",
    "source": "synthetic_agent",
    "symbol": "BTCUSDT",
    "exchange": "binance_usdm",
    "timestamp": "2024-05-01T00:00:00.228000Z",
    "sequence": 19,
    "scenario_id": "scenario-247-coordinated_burst",
    "agent_id": "agent-coordinated_burst-1",
    "order_id": "scenario-247-coordinated_burst-agent-coordinated_burst-1-19",
    "action": "new",
    "side": "sell",
    "price": 65233.950600000004,
    "quantity": 0.04,
    "remaining_quantity": 0.04
  },
  {
    "event_id": "5bef642bcbfe019865a08f402daf301fb859bd495bb9d35f325739af5ee0aaf3",
    "schema_version": "1.0.0",
    "event_type": "agent_order",
    "source": "synthetic_agent",
    "symbol": "BTCUSDT",
    "exchange": "binance_usdm",
    "timestamp": "2024-05-01T00:00:02.400000Z",
    "sequence": 20,
    "scenario_id": "scenario-247-coordinated_burst",
    "agent_id": "agent-coordinated_burst-2",
    "order_id": "scenario-247-coordinated_burst-agent-coordinated_burst-2-20",
    "action": "new",
    "side": "sell",
    "price": 65233.950600000004,
    "quantity": 0.04,
    "remaining_quantity": 0.04
  },
  {
    "event_id": "4760e54afcaaa7083ba196ce4cd9299e68709d2de85d03ff3a04e05237c241f8",
    "schema_version": "1.0.0",
    "event_type": "agent_order",
    "source": "synthetic_agent",
    "symbol": "BTCUSDT",
    "exchange": "binance_usdm",
    "timestamp": "2024-05-01T00:00:00.252000Z",
    "sequence": 21,
    "scenario_id": "scenario-247-coordinated_burst",
    "agent_id": "agent-coordinated_burst-0",
    "order_id": "scenario-247-coordinated_burst-agent-coordinated_burst-0-21",
    "action": "new",
    "side": "buy",
    "price": 65260.049399999996,
    "quantity": 0.04,
    "remaining_quantity": 0.04
  },
  {
    "event_id": "3abe5c01d108962ddfa088d886dad1484651e62a3472e8b8f329609a5f3d70f0",
    "schema_version": "1.0.0",
    "event_type": "agent_order",
    "source": "synthetic_agent",
    "symbol": "BTCUSDT",
    "exchange": "binance_usdm",
    "timestamp": "2024-05-01T00:00:00.264000Z",
    "sequence": 22,
    "scenario_id": "scenario-247-coordinated_burst",
    "agent_id": "agent-coordinated_burst-1",
    "order_id": "scenario-247-coordinated_burst-agent-coordinated_burst-1-22",
    "action": "new",
    "side": "sell",
    "price": 65233.950600000004,
    "quantity": 0.04,
    "remaining_quantity": 0.04
  },
  {
    "event_id": "7e6ce70bdb6433c7d4602a4ded8747ce701eafdc9fd928cf5532ef6f9d401f2e",
    "schema_version": "1.0.0",
    "event_type": "agent_order",
    "source": "synthetic_agent",
    "symbol": "BTCUSDT",
    "exchange": "binance_usdm",
    "timestamp": "2024-05-01T00:00:00.276000Z",
    "sequence": 23,
    "scenario_id": "scenario-247-coordinated_burst",
    "agent_id": "agent-coordinated_burst-2",
    "order_id": "scenario-247-coordinated_burst-agent-coordinated_burst-2-23",
    "action": "new",
    "side": "sell",
    "price": 65233.950600000004,
    "quantity": 0.04,
    "remaining_quantity": 0.04
  },
  {
    "event_id": "4d1eb02dd589bec22b3a3590106c6e8416733cac0b12be53061f4798913cba18",
    "schema_version": "1.0.0",
    "event_type": "agent_order",
    "source": "synthetic_agent",
    "symbol": "BTCUSDT",
    "exchange": "binance_usdm",
    "timestamp": "2024-05-01T00:00:00.288000Z",
    "sequence": 24,
    "scenario_id": "scenario-247-coordinated_burst",
    "agent_id": "agent-coordinated_burst-0",
    "order_id": "scenario-247-coordinated_burst-agent-coordinated_burst-0-24",
    "action": "new",
    "side": "buy",
    "price": 65260.049399999996,
    "quantity": 0.04,
    "remaining_quantity": 0.04
  },
  {
    "event_id": "d13bf43d6dd1d2ea6544b744c65259289877129174e61f3e9db2ba619b2d03bf",
    "schema_version": "1.0.0",
    "event_type": "agent_order",
    "source": "synthetic_agent",
    "symbol": "BTCUSDT",
    "exchange": "binance_usdm",
    "timestamp": "2024-05-01T00:00:03Z",
    "sequence": 25,
    "scenario_id": "scenario-247-coordinated_burst",
    "agent_id": "agent-coordinated_burst-1",
    "order_id": "scenario-247-coordinated_burst-agent-coordinated_burst-1-25",
    "action": "new",
    "side": "sell",
    "price": 65233.950600000004,
    "quantity": 0.04,
    "remaining_quantity": 0.04
  },
  {
    "event_id": "448adfa3a3673d8ccb9d7668db82c2f5eef56e2ea38cb4aab4869ca03a43352e",
    "schema_version": "1.0.0",
    "event_type": "agent_order",
    "source": "synthetic_agent",
    "symbol": "BTCUSDT",
    "exchange": "binance_usdm",
    "timestamp": "2024-05-01T00:00:00.312000Z",
    "sequence": 26,
    "scenario_id": "scenario-247-coordinated_burst",
    "agent_id": "agent-coordinated_burst-2",
    "order_id": "scenario-247-coordinated_burst-agent-coordinated_burst-2-26",
    "action": "new",
    "side": "sell",
    "price": 65233.950600000004,
    "quantity": 0.04,
    "remaining_quantity": 0.04
  },
  {
    "event_id": "7fd9ea400adf7cb800c236d5f47ea2900c73447c471b526fe474da15130cd575",
    "schema_version": "1.0.0",
    "event_type": "agent_order",
    "source": "synthetic_agent",
    "symbol": "BTCUSDT",
    "exchange": "binance_usdm",
    "timestamp": "2024-05-01T00:00:00.324000Z",
    "sequence": 27,
    "scenario_id": "scenario-247-coordinated_burst",
    "agent_id": "agent-coordinated_burst-0",
    "order_id": "scenario-247-coordinated_burst-agent-coordinated_burst-0-27",
    "action": "new",
    "side": "buy",
    "price": 65260.049399999996,
    "quantity": 0.04,
    "remaining_quantity": 0.04
  },
  {
    "event_id": "e09647d0d85e599bab02133b5a3a6bf1cf3b7d5dbd1ace329b27d383d84f27bd",
    "schema_version": "1.0.0",
    "event_type": "agent_order",
    "source": "synthetic_agent",
    "symbol": "BTCUSDT",
    "exchange": "binance_usdm",
    "timestamp": "2024-05-01T00:00:00.336000Z",
    "sequence": 28,
    "scenario_id": "scenario-247-coordinated_burst",
    "agent_id": "agent-coordinated_burst-1",
    "order_id": "scenario-247-coordinated_burst-agent-coordinated_burst-1-28",
    "action": "new",
    "side": "sell",
    "price": 65233.950600000004,
    "quantity": 0.04,
    "remaining_quantity": 0.04
  },
  {
    "event_id": "59c8e879509e49a729e6d1ab0c3a02c06700c67186a1b9fa4c61647e19aa94c4",
    "schema_version": "1.0.0",
    "event_type": "agent_order",
    "source": "synthetic_agent",
    "symbol": "BTCUSDT",
    "exchange": "binance_usdm",
    "timestamp": "2024-05-01T00:00:00.348000Z",
    "sequence": 29,
    "scenario_id": "scenario-247-coordinated_burst",
    "agent_id": "agent-coordinated_burst-2",
    "order_id": "scenario-247-coordinated_burst-agent-coordinated_burst-2-29",
    "action": "new",
    "side": "sell",
    "price": 65233.950600000004,
    "quantity": 0.04,
    "remaining_quantity": 0.04
  }
]