[
  {
    "event_id": "6efdafe10fdf09392a8b2aa9d74f1f29d7e295a92d7e69b5b15915d93c316909",
    "schema_version": "1.0.0",
    "event_type": "agent_order",
    "source": "synthetic_agent",
    "symbol": "BTCUSDT",
    "exchange": "binance_usdm",
    "timestamp": "2024-05-01T00:00:00Z",
    "sequence": 0,
    "scenario_id": "scenario-308-latency_edge",
    "agent_id": "agent-latency_edge",
    "order_id": "scenario-308-latency_edge-agent-latency_edge-0",
    "action": "new",
    "side": "buy",
    "price": 65347.184799999995,
    "quantity": 0.006,
    "remaining_quantity": 0.006
  },
  {
    "event_id": "2ce57152122ffce12ecd348e775f411d0e2e49ddc01c9abfdd2613d17dda5972",
    "schema_version": "1.0.0",
    "event_type": "agent_order",
    "source": "synthetic_agent",
    "symbol": "BTCUSDT",
    "exchange": "binance_usdm",
    "timestamp": "2024-05-01T00:00:00.008000Z",
    "sequence": 1,
    "scenario_id": "scenario-308-latency_edge",
    "agent_id": "agent-latency_edge",
    "order_id": "scenario-308-latency_edge-agent-latency_edge-1",
    "action": "new",
    "side": "buy",
    "price": 65347.184799999995,
    "quantity": 0.006,
    "remaining_quantity": 0.006
  },
  {
    "event_id": "0fea649b0f68c2f3fbd36bbe1b93d8b08b0c540d122d7dee902be6e507de5fd5",
    "schema_version": "1.0.0",
    "event_type": "agent_order",
    "source": "synthetic_agent",
    "symbol": "BTCUSDT",
    "exchange": "binance_usdm",
    "timestamp": "2024-05-01T00:00:00.016000Z",
    "sequence": 2,
    "scenario_id": "scenario-308-latency_edge",
    "agent_id": "agent-latency_edge",
    "order_id": "scenario-308-latency_edge-agent-latency_edge-2",
    "action": "new",
    "side": "sell",
    "price": 65268.8152,
    "quantity": 0.006,
    "remaining_quantity": 0.006
  },
  {
    "event_id": "1e22fdbc4078605b38df2536734a2252756c2eef34acae7d6cbf856388b58d06",
    "schema_version": "1.0.0",
    "event_type": "agent_order",
    "source": "synthetic_agent",
    "symbol": "BTCUSDT",
    "exchange": "binance_usdm",
    "timestamp": "2024-05-01T00:00:00.024000Z",
    "sequence": 3,
    "scenario_id": "scenario-308-latency_edge",
    "agent_id": "agent-latency_edge",
    "order_id": "scenario-308-latency_edge-agent-latency_edge-3",
    "action": "new",
    "side": "sell",
    "price": 65268.8152,
    "quantity": 0.006,
    "remaining_quantity": 0.006
  },
  {
    "event_id": "7f4dda3913a61c8de1ef305a63da44214bef0d3ec66642c387fe24a659a765c2",
    "schema_version": "1.0.0",
    "event_type": "agent_order",
    "source": "synthetic_agent",
    "symbol": "BTCUSDT",
    "exchange": "binance_usdm",
    "timestamp": "2024-05-01T00:00:00.032000Z",
    "sequence": 4,
    "scenario_id": "scenario-308-latency_edge",
    "agent_id": "agent-latency_edge",
    "order_id": "scenario-308-latency_edge-agent-latency_edge-4",
    "action": "new",
    "side": "buy",
    "price": 65347.184799999995,
    "quantity": 0.006,
    "remaining_quantity": 0.006
  },
  {
    "event_id": "97af441cf6f65a415b1120d85658a676696673a001700c3893ae7596ee697c01",
    "schema_version": "1.0.0",
    "event_type": "agent_order",
    "source": "synthetic_agent",
    "symbol": "BTCUSDT",
    "exchange": "binance_usdm",
    "timestamp": "2024-05-01T00:00:00.040000Z",
    "sequence": 5,
    "scenario_id": "scenario-308-latency_edge",
    "agent_id": "agent-latency_edge",
    "order_id": "scenario-308-latency_edge-agent-latency_edge-5",
    "action": "new",
    "side": "buy",
    "price": 65347.184799999995,
    "quantity": 0.006,
    "remaining_quantity": 0.006
  },
  {
    "event_id": "3177e4b8ba3e9239caf8d43165cbab42f32114f2809eed1b63f299231b5b5c48",
    "schema_version": "1.0.0",
    "event_type": "agent_order",
    "source": "synthetic_agent",
    "symbol": "BTCUSDT",
    "exchange": "binance_usdm",
    "timestamp": "2024-05-01T00:00:00.048000Z",
    "sequence": 6,
    "scenario_id": "scenario-308-latency_edge",
    "agent_id": "agent-latency_edge",
    "order_id": "scenario-308-latency_edge-agent-latency_edge-6",
    "action": "new",
    "side": "sell",
    "price": 65268.8152,
    "quantity": 0.006,
    "remaining_quantity": 0.006
  },
  {
    "event_id": "58b22bdef83a301788f3c5d30ada0c9d3c22d13423ba11bff839486cc948ca7b",
    "schema_version": "1.0.0",
    "event_type": "agent_order",
    "source": "synthetic_agent",
    "symbol": "BTCUSDT",
    "exchange": "binance_usdm",
    "timestamp": "2024-05-01T00:00:00.056000Z",
    "sequence": 7,
    "scenario_id": "scenario-308-latency_edge",
    "agent_id": "agent-latency_edge",
    "order_id": "scenario-308-latency_edge-agent-latency_edge-7",
    "action": "new",
    "side": "sell",
    "price": 65268.8152,
    "quantity": 0.006,
    "remaining_quantity": 0.006
  },
  {
    "event_id": "d0fbaa08914bcf6f76d36060c9144c565a04c99742c85dab082f4efa4687a013",
    "schema_version": "1.0.0",
    "event_type": "agent_order",
    "source": "synthetic_agent",
    "symbol": "BTCUSDT",
    "exchange": "binance_usdm",
    "timestamp": "2024-05-01T00:00:00.064000Z",
    "sequence": 8,
    "scenario_id": "scenario-308-latency_edge",
    "agent_id": "agent-latency_edge",
    "order_id": "scenario-308-latency_edge-agent-latency_edge-8",
    "action": "new",
    "side": "buy",
    "price": 65347.184799999995,
    "quantity": 0.006,
    "remaining_quantity": 0.006
  },
  {
    "event_id": "922e80b53189a2c1ee621fb437062b68aee576acc08520dfc7c574c696e33ed8",
    "schema_version": "1.0.0",
    "event_type": "agent_order",
    "source": "synthetic_agent",
    "symbol": "BTCUSDT",
    "exchange": "binance_usdm",
    "timestamp": "2024-05-01T00:00:00.072000Z",
    "sequence": 9,
    "scenario_id": "scenario-308-latency_edge",
    "agent_id": "agent-latency_edge",
    "order_id": "scenario-308-latency_edge-agent-latency_edge-9",
    "action": "new",
    "side": "buy",
    "price": 65347.184799999995,
    "quantity": 0.006,
    "remaining_quantity": 0.006
  },
  {
    "event_id": "2ca887152baa52a526386f4a7526af9d83b75a1ba3b2a08925237bd36bc6d13b",
    "schema_version": "1.0.0",
    "event_type": "agent_order",
    "source": "synthetic_agent",
    "symbol": "BTCUSDT",
    "exchange": "binance_usdm",
    "timestamp": "2024-05-01T00:00:00.080000Z",
    "sequence": 10,
    "scenario_id": "scenario-308-latency_edge",
    "agent_id": "agent-latency_edge",
    "order_id": "scenario-308-latency_edge-agent-latency_edge-10",
    "action": "new",
    "side": "sell",
    "price": 65268.8152,
    "quantity": 0.006,
    "remaining_quantity": 0.006
  },
  {
    "event_id": "e73e40a4026f217f037145262ab4ced4418107645b928da3296ac93a145416d3",
    "schema_version": "1.0.0",
    "event_type": "agent_order",
    "source": "synthetic_agent",
    "symbol": "BTCUSDT",
    "exchange": "binance_usdm",
    "timestamp": "2024-05-01T00:00:00.088000Z",
    "sequence": 11,
    "scenario_id": "scenario-308-latency_edge",
    "agent_id": "agent-latency_edge",
    "order_id": "scenario-308-latency_edge-agent-latency_edge-11",
    "action": "new",
    "side": "sell",
    "price": 65268.8152,
    "quantity": 0.006,
    "remaining_quantity": 0.006
  },
  {
    "event_id": "56ace95939c4701176c95a659901f3509c4cb07d5005d15e58f2cc2405dbb47d",
    "schema_version": "1.0.0",
    "event_type": "agent_order",
    "source": "synthetic_agent",
    "symbol": "BTCUSDT",
    "exchange": "binance_usdm",
    "timestamp": "2024-05-01T00:00:00.096000Z",
    "sequence": 12,
    "scenario_id": "scenario-308-latency_edge",
    "agent_id": "agent-latency_edge",
    "order_id": "scenario-308-latency_edge-agent-latency_edge-12",
    "action": "new",
    "side": "buy",
    "price": 65347.184799999995,
    "quantity": 0.006,
    "remaining_quantity": 0.006
  },
  {
    "event_id": "a50c238051115022e6a62024657e780f3d84e6486ee3c6722e30aa4a7ff0d8d3",
    "schema_version": "1.0.0",
    "event_type": "agent_order",
    "source": "synthetic_agent",
    "symbol": "BTCUSDT",
    "exchange": "binance_usdm",
    "timestamp": "2024-05-01T00:00:00.104000Z",
    "sequence": 13,
    "scenario_id": "scenario-308-latency_edge",
    "agent_id": "agent-latency_edge",
    "order_id": "scenario-308-latency_edge-agent-latency_edge-13",
    "action": "new",
    "side": "buy",
    "price": 65347.184799999995,
    "quantity": 0.006,
    "remaining_quantity": 0.006
  },
  {
    "event_id": "191123311ac325df06879f8fa4278f85dd1804115e0b17a3d3a4f5c8429ca65a",
    "schema_version": "1.0.0",
    "event_type": "agent_order",
    "source": "synthetic_agent",
    "symbol": "BTCUSDT",
    "exchange": "binance_usdm",
    "timestamp": "2024-05-01T00:00:00.112000Z",
    "sequence": 14,
    "scenario_id": "scenario-308-latency_edge",
    "agent_id": "agent-latency_edge",
    "order_id": "scenario-308-latency_edge-agent-latency_edge-14",
    "action": "new",
    "side": "sell",
    "price": 65268.8152,
    "quantity": 0.006,
    "remaining_quantity": 0.006
  },
  {
    "event_id": "258a457893c2eb76ac2b29f0cf379c5aa458dee03fd4c84c79feccc45b3b52b2",
    "schema_version": "1.0.0",
    "event_type": "agent_order",
    "source": "synthetic_agent",
    "symbol": "BTCUSDT",
    "exchange": "binance_usdm",
    "timestamp": "2024-05-01T00:00:00.120000Z",
    "sequence": 15,
    "scenario_id": "scenario-308-latency_edge",
    "agent_id": "agent-latency_edge",
    "order_id": "scenario-308-latency_edge-agent-latency_edge-15",
    "action": "new",
    "side": "sell",
    "price": 65268.8152,
    "quantity": 0.006,
    "remaining_quantity": 0.006
  },
  {
    "event_id": "109bc0c82909c63b3ddc21cc71b900820eb41c5d77424a4cc0726b9ec161ca9c",
    "schema_version": "1.0.0",
    "event_type": "agent_order",
    "source": "synthetic_agent",
    "symbol": "BTCUSDT",
    "exchange": "binance_usdm",
    "timestamp": "2024-05-01T00:00:00.128000Z",
    "sequence": 16,
    "scenario_id": "scenario-308-latency_edge",
    "agent_id": "agent-latency_edge",
    "order_id": "scenario-308-latency_edge-agent-latency_edge-16",
    "action": "new",
    "side": "buy",
    "price": 65347.184799999995,
    "quantity": 0.006,
    "remaining_quantity": 0.006
  },
  {
    "event_id": "8b455f12385d9cf7e36703142571d17275be1e87d9fa1d4f696d4cd6b04f5b5c",
    "schema_version": "1.0.0",
    "event_type": "agent_order",
    "source": "synthetic_agent",
    "symbol": "BTCUSDT",
    "exchange": "binance_usdm",
    "timestamp": "2024-05-01T00:00:00.136000Z",
    "sequence": 17,
    "scenario_id": "scenario-308-latency_edge",
    "agent_id": "agent-latency_edge",
    "order_id": "scenario-308-latency_edge-agent-latency_edge-17",
    "action": "new",
    "side": "buy",
    "price": 65347.184799999995,
    "quantity": 0.006,
    "remaining_quantity": 0.006
  },
  {
    "event_id": "971c6c373399fae6653d99760b9c5b0c6e96651b3d82a3553ffa94429654c8e9",
    "schema_version": "1.0.0",
    "event_type": "agent_order",
    "source": "synthetic_agent",
    "symbol": "BTCUSDT",
    "exchange": "binance_usdm",
    "timestamp": "2024-05-01T00:00:00.144000Z",
    "sequence": 18,
    "scenario_id": "scenario-308-latency_edge",
    "agent_id": "agent-latency_edge",
    "order_id": "scenario-308-latency_edge-agent-latency_edge-18",
    "action": "new",
    "side": "sell",
    "price": 65268.8152,
    "quantity": 0.006,
    "remaining_quantity": 0.006
  },
  {
    "event_id": "f4a7614fd8b21e044c74ec6da096eb64a67422e9d5c50af3915306afb9e65f25",
    "schema_version": "1.0.0",
    "event_type": "agent_order",
    "source": "synthetic_agent",
    "symbol": "BTCUSDT",
    "exchange": "binance_usdm",
    "timestamp": "2024-05-01T00:00:00.152000Z",
    "sequence": 19,
    "scenario_id": "scenario-308-latency_edge",
    "agent_id": "agent-latency_edge",
    "order_id": "scenario-308-latency_edge-agent-latency_edge-19",
    "action": "new",
    "side": "sell",
    "price": 65268.8152,
    "quantity": 0.006,
    "remaining_quantity": 0.006
  },
  {
    "event_id": "2f45c73306ef1c6fa60eb26c9bd8718d41d66fb7bce42c0a75d9f1717b892ad7",
    "schema_version": "1.0.0",
    "event_type": "agent_order",
    "source": "synthetic_agent",
    "symbol": "BTCUSDT",
    "exchange": "binance_usdm",
    "timestamp": "2024-05-01T00:00:00.160000Z",
    "sequence": 20,
    "scenario_id": "scenario-308-latency_edge",
    "agent_id": "agent-latency_edge",
    "order_id": "scenario-308-latency_edge-agent-latency_edge-20",
    "action": "new",
    "side": "buy",
    "price": 65347.184799999995,
    "quantity": 0.006,
    "remaining_quantity": 0.006
  },
  {
    "event_id": "5a935558e3e10dc6f386a88bb6e5bc2071d2dedeb6315709f3a35fddc7abb4ce",
    "schema_version": "1.0.0",
    "event_type": "agent_order",
    "source": "synthetic_agent",
    "symbol": "BTCUSDT",
    "exchange": "binance_usdm",
    "timestamp": "2024-05-01T00:00:00.168000Z",
    "sequence": 21,
    "scenario_id": "scenario-308-latency_edge",
    "agent_id": "agent-latency_edge",
    "order_id": "scenario-308-latency_edge-agent-latency_edge-21",
    "action": "new",
    "side": "buy",
    "price": 65347.184799999995,
    "quantity": 0.006,
    "remaining_quantity": 0.006
  },
  {
    "event_id": "1194c9480d57d49c39e21912658a32610e564dddd338d32d77ebe7fde84a9183",
    "schema_version": "1.0.0",
    "event_type": "agent_order",
    "source": "synthetic_agent",
    "symbol": "BTCUSDT",
    "exchange": "binance_usdm",
    "timestamp": "2024-05-01T00:00:00.176000Z",
    "sequence": 22,
    "scenario_id": "scenario-308-latency_edge",
    "agent_id": "agent-latency_edge",
    "order_id": "scenario-308-latency_edge-agent-latency_edge-22",
    "action": "new",
    "side": "sell",
    "price": 65268.8152,
    "quantity": 0.006,
    "remaining_quantity": 0.006
  },
  {
    "event_id": "780a7c02d534bea4c1711e3a78645ad79d0f9f6fdbb1bd4e80f6f2e320ebda37",
    "schema_version": "1.0.0",
    "event_type": "agent_order",
    "source": "synthetic_agent",
    "symbol": "BTCUSDT",
    "exchange": "binance_usdm",
    "timestamp": "2024-05-01T00:00:00.184000Z",
    "sequence": 23,
    "scenario_id": "scenario-308-latency_edge",
    "agent_id": "agent-latency_edge",
    "order_id": "scenario-308-latency_edge-agent-latency_edge-23",
    "action": "new",
    "side": "sell",
    "price": 65268.8152,
    "quantity": 0.006,
    "remaining_quantity": 0.006
  },
  {
    "event_id": "8e9febea6a1659c951c9841366ea92b5008a590add474394c4f91790440528b5",
    "schema_version": "1.0.0",
    "event_type": "agent_order",
    "source": "synthetic_agent",
    "symbol": "BTCUSDT",
    "exchange": "binance_usdm",
    "timestamp": "2024-05-01T00:00:00.192000Z",
    "sequence": 24,
    "scenario_id": "scenario-308-latency_edge",
    "agent_id": "agent-latency_edge",
    "order_id": "scenario-308-latency_edge-agent-latency_edge-24",
    "action": "new",
    "side": "buy",
    "price": 65347.184799999995,
    "quantity": 0.006,
    "remaining_quantity": 0.006
  },
  {
    "event_id": "faa68598562765a41fa2d9430d908df45d0d1ae446fbb6eb50fb7cd8f5a5580c",
    "schema_version": "1.0.0",
    "event_type": "agent_order",
    "source": "synthetic_agent",
    "symbol": "BTCUSDT",
    "exchange": "binance_usdm",
    "timestamp": "2024-05-01T00:00:00.200000Z",
    "sequence": 25,
    "scenario_id": "scenario-308-latency_edge",
    "agent_id": "agent-latency_edge",
    "order_id": "scenario-308-latency_edge-agent-latency_edge-25",
    "action": "new",
    "side": "buy",
    "price": 65347.184799999995,
    "quantity": 0.006,
    "remaining_quantity": 0.006
  },
  {
    "event_id": "d7fb3bfdbc957add9b32d49c0a1d665b92be26a45f7e8b942b77a2b5620251df",
    "schema_version": "1.0.0",
    "event_type": "agent_order",
    "source": "synthetic_agent",
    "symbol": "BTCUSDT",
    "exchange": "binance_usdm",
    "timestamp": "2024-05-01T00:00:00.208000Z",
    "sequence": 26,
    "scenario_id": "scenario-308-latency_edge",
    "agent_id": "agent-latency_edge",
    "order_id": "scenario-308-latency_edge-agent-latency_edge-26",
    "action": "new",
    "side": "sell",
    "price": 65268.8152,
    "quantity": 0.006,
    "remaining_quantity": 0.006
  },
  {
    "event_id": "c3008d4a60d40fbc3df53f7e958abfcec487198af8e7d74f72db43029eff5c07",
    "schema_version": "1.0.0",
    "event_type": "agent_order",
    "source": "synthetic_agent",
    "symbol": "BTCUSDT",
    "exchange": "binance_usdm",
    "timestamp": "2024-05-01T00:00:00.216000Z",
    "sequence": 27,
    "scenario_id": "scenario-308-latency_edge",
    "agent_id": "agent-latency_edge",
    "order_id": "scenario-308-latency_edge-agent-latency_edge-27",
    "action": "new",
    "side": "sell",
    "price": 65268.8152,
    "quantity": 0.006,
    "remaining_quantity": 0.006
  },
  {
    "event_id": "e75f7d5fbd64c25d2d529569d87a17123c2b07e5ecc49f1de4fde3829937018a",
    "schema_version": "1.0.0",
    "event_type": "agent_order",
    "source": "synthetic_agent",
    "symbol": "BTCUSDT",
    "exchange": "binance_usdm",
    "timestamp": "2024-05-01T00:00:00.224000Z",
    "sequence": 28,
    "scenario_id": "scenario-308-latency_edge",
    "agent_id": "agent-latency_edge",
    "order_id": "scenario-308-latency_edge-agent-latency_edge-28",
    "action": "new",
    "side": "buy",
    "price": 65347.184799999995,
    "quantity": 0.006,
    "remaining_quantity": 0.006
  },
  {
    "event_id": "3ba6cf9d2e335eb1f25995f6186f3944ab1e73abb00058ad7c870f1ae71f37ff",
    "schema_version": "1.0.0",
    "event_type": "agent_order",
    "source": "synthetic_agent",
    "symbol": "BTCUSDT",
    "exchange": "binance_usdm",
    "timestamp": "2024-05-01T00:00:00.232000Z",
    "sequence": 29,
    "scenario_id": "scenario-308-latency_edge",
    "agent_id": "agent-latency_edge",
    "order_id": "scenario-308-latency_edge-agent-latency_edge-29",
    "action": "new",
    "side": "buy",
    "price": 65347.184799999995,
    "quantity": 0.006,
    "remaining_quantity": 0.006
  }
]