[
  {
    "event_id": "499aa8e943d124bc5f97ec456e2f9c2421c63045a9a0004b3ecbee0822e7670c",
    "schema_version": "1.0.0",
    "event_type": "agent_order",
    "source": "synthetic_agent",
    "symbol": "BTCUSDT",
    "exchange": "binance_usdm",
    "timestamp": "2024-05-01T00:00:00Z",
    "sequence": 0,
    "scenario_id": "scenario-132-passive_market_maker",
    "agent_id": "agent-passive_market_maker",
    "order_id": "scenario-132-passive_market_maker-agent-passive_market_maker-0",
    "action": "new",
    "side": "buy",
    "price": 65066.868,
    "quantity": 0.01,
    "remaining_quantity": 0.01
  },
  {
    "event_id": "b15deafbea25131a4a101edfad0c7113d705e940e41db0a4336be17384150903",
    "schema_version": "1.0.0",
    "event_type": "agent_order",
    "source": "synthetic_agent",
    "symbol": "BTCUSDT",
    "exchange": "binance_usdm",
    "timestamp": "2024-05-01T00:00:00.100000Z",
    "sequence": 1,
    "scenario_id": "scenario-132-passive_market_maker",
    "agent_id": "agent-passive_market_maker",
    "order_id": "scenario-132-passive_market_maker-agent-passive_market_maker-1",
    "action": "new",
    "side": "sell",
    "price": 65197.13199999999,
    "quantity": 0.01,
    "remaining_quantity": 0.01
  },
  {
    "event_id": "013db0c72a18ac8d28945d9371f0a4219de66c0662636100d3b806a017d9f695",
    "schema_version": "1.0.0",
    "event_type": "agent_order",
    "source": "synthetic_agent",
    "symbol": "BTCUSDT",
    "exchange": "binance_usdm",
    "timestamp": "2024-05-01T00:00:00.200000Z",
    "sequence": 2,
    "scenario_id": "scenario-132-passive_market_maker",
    "agent_id": "agent-passive_market_maker",
    "order_id": "scenario-132-passive_market_maker-agent-passive_market_maker-2",
    "action": "new",
    "side": "buy",
    "price": 65066.868,
    "quantity": 0.01,
    "remaining_quantity": 0.01
  },
  {
    "event_id": "5b335c64bd24ac3bf09f58c0dc403eb78298731ad2eaf7671217dd1aac941e7e",
    "schema_version": "1.0.0",
    "event_type": "agent_order",
    "source": "synthetic_agent",
    "symbol": "BTCUSDT",
    "exchange": "binance_usdm",
    "timestamp": "2024-05-01T00:00:00.300000Z",
    "sequence": 3,
    "scenario_id": "scenario-132-passive_market_maker",
    "agent_id": "agent-passive_market_maker",
    "order_id": "scenario-132-passive_market_maker-agent-passive_market_maker-3",
    "action": "new",
    "side": "sell",
    "price": 65197.13199999999,
    "quantity": 0.01,
    "remaining_quantity": 0.01
  },
  {
    "event_id": "ead76d4266e368bdb885040d4e863a1c28848ce92616cea08dc1156c14d2f4a0",
    "schema_version": "1.0.0",
    "event_type": "agent_order",
    "source": "synthetic_agent",
    "symbol": "BTCUSDT",
    "exchange": "binance_usdm",
    "timestamp": "2024-05-01T00:00:00.400000Z",
    "sequence": 4,
    "scenario_id": "scenario-132-passive_market_maker",
    "agent_id": "agent-passive_market_maker",
    "order_id": "scenario-132-passive_market_maker-agent-passive_market_maker-4",
    "action": "new",
    "side": "buy",
    "price": 65066.868,
    "quantity": 0.01,
    "remaining_quantity": 0.01
  },
  {
    "event_id": "2c3d2c2da1a2bef6c4299cce73f3874ce246e944c75c039f99c5cf614c63175a",
    "schema_version": "1.0.0",
    "event_type": "agent_order",
    "source": "synthetic_agent",
    "symbol": "BTCUSDT",
    "exchange": "binance_usdm",
    "timestamp": "2024-05-01T00:00:00.500000Z",
    "sequence": 5,
    "scenario_id": "scenario-132-passive_market_maker",
    "agent_id": "agent-passive_market_maker",
    "order_id": "scenario-132-passive_market_maker-agent-passive_market_maker-5",
    "action": "new",
    "side": "sell",
    "price": 65197.13199999999,
    "quantity": 0.01,
    "remaining_quantity": 0.01
  },
  {
    "event_id": "1c48396e05c3bcf19cec6ba5356e55f15a623afea51179496558c209e6ab00fc",
    "schema_version": "1.0.0",
    "event_type": "agent_order",
    "source": "synthetic_agent",
    "symbol": "BTCUSDT",
    "exchange": "binance_usdm",
    "timestamp": "2024-05-01T00:00:00.600000Z",
    "sequence": 6,
    "scenario_id": "scenario-132-passive_market_maker",
    "agent_id": "agent-passive_market_maker",
    "order_id": "scenario-132-passive_market_maker-agent-passive_market_maker-6",
    "action": "new",
    "side": "buy",
    "price": 65066.868,
    "quantity": 0.01,
    "remaining_quantity": 0.01
  },
  {
    "event_id": "564e71f8d13cfa7df71a9fb059f9510fdebde19e18e0aeed0607a3fa38b35ddf",
    "schema_version": "1.0.0",
    "event_type": "agent_order",
    "source": "synthetic_agent",
    "symbol": "BTCUSDT",
    "exchange": "binance_usdm",
    "timestamp": "2024-05-01T00:00:00.700000Z",
    "sequence": 7,
    "scenario_id": "scenario-132-passive_market_maker",
    "agent_id": "agent-passive_market_maker",
    "order_id": "scenario-132-passive_market_maker-agent-passive_market_maker-7",
    "action": "new",
    "side": "sell",
    "price": 65197.13199999999,
    "quantity": 0.01,
    "remaining_quantity": 0.01
  },
  {
    "event_id": "9d8250d6cac6359b4aa09b180b6456e3b5d5fd716b8a29f62d9a383bfcffeeeb",
    "schema_version": "1.0.0",
    "event_type": "agent_order",
    "source": "synthetic_agent",
    "symbol": "BTCUSDT",
    "exchange": "binance_usdm",
    "timestamp": "2024-05-01T00:00:00.800000Z",
    "sequence": 8,
    "scenario_id": "scenario-132-passive_market_maker",
    "agent_id": "agent-passive_market_maker",
    "order_id": "scenario-132-passive_market_maker-agent-passive_market_maker-8",
    "action": "new",
    "side": "buy",
    "price": 65066.868,
    "quantity": 0.01,
    "remaining_quantity": 0.01
  },
  {
    "event_id": "84770930d6fca7a5182c4bfccf3c97cec2430008cebe3693f97caf086a9672ee",
    "schema_version": "1.0.0",
    "event_type": "agent_order",
    "source": "synthetic_agent",
    "symbol": "BTCUSDT",
    "exchange": "binance_usdm",
    "timestamp": "2024-05-01T00:00:00.900000Z",
    "sequence": 9,
    "scenario_id": "scenario-132-passive_market_maker",
    "agent_id": "agent-passive_market_maker",
    "order_id": "scenario-132-passive_market_maker-agent-passive_market_maker-9",
    "action": "new",
    "side": "sell",
    "price": 65197.13199999999,
    "quantity": 0.01,
    "remaining_quantity": 0.01
  },
  {
    "event_id": "29a75398d6d5131f4241ae4283d272c7270f3b5837b6d9e9fc5cf411d3f3beb4",
    "schema_version": "1.0.0",
    "event_type": "agent_order",
    "source": "synthetic_agent",
    "symbol": "BTCUSDT",
    "exchange": "binance_usdm",
    "timestamp": "2024-05-01T00:00:01Z",
    "sequence": 10,
    "scenario_id": "scenario-132-passive_market_maker",
    "agent_id": "agent-passive_market_maker",
    "order_id": "scenario-132-passive_market_maker-agent-passive_market_maker-10",
    "action": "new",
    "side": "buy",
    "price": 65066.868,
    "quantity": 0.01,
    "remaining_quantity": 0.01
  },
  {
    "event_id": "1875b8b8bebfe5ffa165e4a5a602f685aa4760d246a88774522592c282c60036",
    "schema_version": "1.0.0",
    "event_type": "agent_order",
    "source": "synthetic_agent",
    "symbol": "BTCUSDT",
    "exchange": "binance_usdm",
    "timestamp": "2024-05-01T00:00:01.100000Z",
    "sequence": 11,
    "scenario_id": "scenario-132-passive_market_maker",
    "agent_id": "agent-passive_market_maker",
    "order_id": "scenario-132-passive_market_maker-agent-passive_market_maker-11",
    "action": "new",
    "side": "sell",
    "price": 65197.13199999999,
    "quantity": 0.01,
    "remaining_quantity": 0.01
  },
  {
    "event_id": "de82a255631b0915f9518caf841e1d7160146b985b0ece4f026c57dcaa74246c",
    "schema_version": "1.0.0",
    "event_type": "agent_order",
    "source": "synthetic_agent",
    "symbol": "BTCUSDT",
    "exchange": "binance_usdm",
    "timestamp": "2024-05-01T00:00:01.200000Z",
    "sequence": 12,
    "scenario_id": "scenario-132-passive_market_maker",
    "agent_id": "agent-passive_market_maker",
    "order_id": "scenario-132-passive_market_maker-agent-passive_market_maker-12",
    "action": "new",
    "side": "buy",
    "price": 65066.868,
    "quantity": 0.01,
    "remaining_quantity": 0.01
  },
  {
    "event_id": "76f56f4ffe4bcae326f46ffb6fce9ecce995a0981fa08c74e0e0fabdae27856f",
    "schema_version": "1.0.0",
    "event_type": "agent_order",
    "source": "synthetic_agent",
    "symbol": "BTCUSDT",
    "exchange": "binance_usdm",
    "timestamp": "2024-05-01T00:00:01.300000Z",
    "sequence": 13,
    "scenario_id": "scenario-132-passive_market_maker",
    "agent_id": "agent-passive_market_maker",
    "order_id": "scenario-132-passive_market_maker-agent-passive_market_maker-13",
    "action": "new",
    "side": "sell",
    "price": 65197.13199999999,
    "quantity": 0.01,
    "remaining_quantity": 0.01
  },
  {
    "event_id": "931dd6522e12fe13ae44e4bb71a2aeed06444495be65a2218ccf9890ca4dc99d",
    "schema_version": "1.0.0",
    "event_type": "agent_order",
    "source": "synthetic_agent",
    "symbol": "BTCUSDT",
    "exchange": "binance_usdm",
    "timestamp": "2024-05-01T00:00:01.400000Z",
    "sequence": 14,
    "scenario_id": "scenario-132-passive_market_maker",
    "agent_id": "agent-passive_market_maker",
    "order_id": "scenario-132-passive_market_maker-agent-passive_market_maker-14",
    "action": "new",
    "side": "buy",
    "price": 65066.868,
    "quantity": 0.01,
    "remaining_quantity": 0.01
  },
  {
    "event_id": "959efa95569defa353dc037aa6c91b53d0880508d1b130be6ae2d890b157e9b6",
    "schema_version": "1.0.0",
    "event_type": "agent_order",
    "source": "synthetic_agent",
    "symbol": "BTCUSDT",
    "exchange": "binance_usdm",
    "timestamp": "2024-05-01T00:00:01.500000Z",
    "sequence": 15,
    "scenario_id": "scenario-132-passive_market_maker",
    "agent_id": "agent-passive_market_maker",
    "order_id": "scenario-132-passive_market_maker-agent-passive_market_maker-15",
    "action": "new",
    "side": "sell",
    "price": 65197.13199999999,
    "quantity": 0.01,
    "remaining_quantity": 0.01
  },
  {
    "event_id": "3aec47eb7da6d20d658f4599b7bbb267e625a16f35f2b31e6f2428319bcd146e",
    "schema_version": "1.0.0",
    "event_type": "agent_order",
    "source": "synthetic_agent",
    "symbol": "BTCUSDT",
    "exchange": "binance_usdm",
    "timestamp": "2024-05-01T00:00:01.600000Z",
    "sequence": 16,
    "scenario_id": "scenario-132-passive_market_maker",
    "agent_id": "agent-passive_market_maker",
    "order_id": "scenario-132-passive_market_maker-agent-passive_market_maker-16",
    "action": "new",
    "side": "buy",
    "price": 65066.868,
    "quantity": 0.01,
    "remaining_quantity": 0.01
  },
  {
    "event_id": "852297983671cc85e95cbb9c854d6c40e453c04f8217a8c7060bd23f15879877",
    "schema_version": "1.0.0",
    "event_type": "agent_order",
    "source": "synthetic_agent",
    "symbol": "BTCUSDT",
    "exchange": "binance_usdm",
    "timestamp": "2024-05-01T00:00:01.700000Z",
    "sequence": 17,
    "scenario_id": "scenario-132-passive_market_maker",
    "agent_id": "agent-passive_market_maker",
    "order_id": "scenario-132-passive_market_maker-agent-passive_market_maker-17",
    "action": "new",
    "side": "sell",
    "price": 65197.13199999999,
    "quantity": 0.01,
    "remaining_quantity": 0.01
  },
  {
    "event_id": "9bd63f0922fd7964208b9d065c74a4b24ff593a75cca9f2651f1f7dbbec1da93",
    "schema_version": "1.0.0",
    "event_type": "agent_order",
    "source": "synthetic_agent",
    "symbol": "BTCUSDT",
    "exchange": "binance_usdm",
    "timestamp": "2024-05-01T00:00:01.800000Z",
    "sequence": 18,
    "scenario_id": "scenario-132-passive_market_maker",
    "agent_id": "agent-passive_market_maker",
    "order_id": "scenario-132-passive_market_maker-agent-passive_market_maker-18",
    "action": "new",
    "side": "buy",
    "price": 65066.868,
    "quantity": 0.01,
    "remaining_quantity": 0.01
  },
  {
    "event_id": "2b9cf1a94c5d093fea6fd0210cbf843feda4d6cf3eb574bba3378624c6f9b2c1",
    "schema_version": "1.0.0",
    "event_type": "agent_order",
    "source": "synthetic_agent",
    "symbol": "BTCUSDT",
    "exchange": "binance_usdm",
    "timestamp": "2024-05-01T00:00:01.900000Z",
    "sequence": 19,
    "scenario_id": "scenario-132-passive_market_maker",
    "agent_id": "agent-passive_market_maker",
    "order_id": "scenario-132-passive_market_maker-agent-passive_market_maker-19",
    "action": "new",
    "side": "sell",
    "price": 65197.13199999999,
    "quantity": 0.01,
    "remaining_quantity": 0.01
  },
  {
    "event_id": "9b9fa7613f95afce3c66798f4ebb35c3bfa067e5f4bf66a58a3b472af371995d",
    "schema_version": "1.0.0",
    "event_type": "agent_order",
    "source": "synthetic_agent",
    "symbol": "BTCUSDT",
    "exchange": "binance_usdm",
    "timestamp": "2024-05-01T00:00:02Z",
    "sequence": 20,
    "scenario_id": "scenario-132-passive_market_maker",
    "agent_id": "agent-passive_market_maker",
    "order_id": "scenario-132-passive_market_maker-agent-passive_market_maker-20",
    "action": "new",
    "side": "buy",
    "price": 65066.868,
    "quantity": 0.01,
    "remaining_quantity": 0.01
  },
  {
    "event_id": "9f4378f2fc2115b2680d0995cfaa87ab7f0e6a69718149aea41978ca13b3ea51",
    "schema_version": "1.0.0",
    "event_type": "agent_order",
    "source": "synthetic_agent",
    "symbol": "BTCUSDT",
    "exchange": "binance_usdm",
    "timestamp": "2024-05-01T00:00:02.100000Z",
    "sequence": 21,
    "scenario_id": "scenario-132-passive_market_maker",
    "agent_id": "agent-passive_market_maker",
    "order_id": "scenario-132-passive_market_maker-agent-passive_market_maker-21",
    "action": "new",
    "side": "sell",
    "price": 65197.13199999999,
    "quantity": 0.01,
    "remaining_quantity": 0.01
  },
  {
    "event_id": "66def90ab4e07553fe20f35948bc9a81fdbbc85ab3a5d7ae3f8c309a975c1696",
    "schema_version": "1.0.0",
    "event_type": "agent_order",
    "source": "synthetic_agent",
    "symbol": "BTCUSDT",
    "exchange": "binance_usdm",
    "timestamp": "2024-05-01T00:00:02.200000Z",
    "sequence": 22,
    "scenario_id": "scenario-132-passive_market_maker",
    "agent_id": "agent-passive_market_maker",
    "order_id": "scenario-132-passive_market_maker-agent-passive_market_maker-22",
    "action": "new",
    "side": "buy",
    "price": 65066.868,
    "quantity": 0.01,
    "remaining_quantity": 0.01
  },
  {
    "event_id": "3b3bdda439373e151ab2608349bb43f18ffa6c39672cbbe6127ce2b8e7c1ce50",
    "schema_version": "1.0.0",
    "event_type": "agent_order",
    "source": "synthetic_agent",
    "symbol": "BTCUSDT",
    "exchange": "binance_usdm",
    "timestamp": "2024-05-01T00:00:02.300000Z",
    "sequence": 23,
    "scenario_id": "scenario-132-passive_market_maker",
    "agent_id": "agent-passive_market_maker",
    "order_id": "scenario-132-passive_market_maker-agent-passive_market_maker-23",
    "action": "new",
    "side": "sell",
    "price": 65197.13199999999,
    "quantity": 0.01,
    "remaining_quantity": 0.01
  },
  {
    "event_id": "a713d6dd48c1f747eda1a60324c42fca536635dbf6a6de7718d9ee15adb3472b",
    "schema_version": "1.0.0",
    "event_type": "agent_order",
    "source": "synthetic_agent",
    "symbol": "BTCUSDT",
    "exchange": "binance_usdm",
    "timestamp": "2024-05-01T00:00:02.400000Z",
    "sequence": 24,
    "scenario_id": "scenario-132-passive_market_maker",
    "agent_id": "agent-passive_market_maker",
    "order_id": "scenario-132-passive_market_maker-agent-passive_market_maker-24",
    "action": "new",
    "side": "buy",
    "price": 65066.868,
    "quantity": 0.01,
    "remaining_quantity": 0.01
  },
  {
    "event_id": "875b2d95446158c58e8f493759314d6fad783315d335a21a3e12288b93574328",
    "schema_version": "1.0.0",
    "event_type": "agent_order",
    "source": "synthetic_agent",
    "symbol": "BTCUSDT",
    "exchange": "binance_usdm",
    "timestamp": "2024-05-01T00:00:02.500000Z",
    "sequence": 25,
    "scenario_id": "scenario-132-passive_market_maker",
    "agent_id": "agent-passive_market_maker",
    "order_id": "scenario-132-passive_market_maker-agent-passive_market_maker-25",
    "action": "new",
    "side": "sell",
    "price": 65197.13199999999,
    "quantity": 0.01,
    "remaining_quantity": 0.01
  },
  {
    "event_id": "20ee491e0285150e6d9254cb546834a8905ac9caeb10de0ebc7c0862d536e3bc",
    "schema_version": "1.0.0",
    "event_type": "agent_order",
    "source": "synthetic_agent",
    "symbol": "BTCUSDT",
    "exchange": "binance_usdm",
    "timestamp": "2024-05-01T00:00:02.600000Z",
    "sequence": 26,
    "scenario_id": "scenario-132-passive_market_maker",
    "agent_id": "agent-passive_market_maker",
    "order_id": "scenario-132-passive_market_maker-agent-passive_market_maker-26",
    "action": "new",
    "side": "buy",
    "price": 65066.868,
    "quantity": 0.01,
    "remaining_quantity": 0.01
  },
  {
    "event_id": "0bbe694855cc4789cec0e6fa41a25f0cf44073b57a74c50e0cce6181f094a847",
    "schema_version": "1.0.0",
    "event_type": "agent_order",
    "source": "synthetic_agent",
    "symbol": "BTCUSDT",
    "exchange": "binance_usdm",
    "timestamp": "2024-05-01T00:00:02.700000Z",
    "sequence": 27,
    "scenario_id": "scenario-132-passive_market_maker",
    "agent_id": "agent-passive_market_maker",
    "order_id": "scenario-132-passive_market_maker-agent-passive_market_maker-27",
    "action": "new",
    "side": "sell",
    "price": 65197.13199999999,
    "quantity": 0.01,
    "remaining_quantity": 0.01
  },
  {
    "event_id": "eba523668cdaae1a507b4e8c4b7d657f5b3fc0e2ddfba979aab2a594871a66ab",
    "schema_version": "1.0.0",
    "event_type": "agent_order",
    "source": "synthetic_agent",
    "symbol": "BTCUSDT",
    "exchange": "binance_usdm",
    "timestamp": "2024-05-01T00:00:02.800000Z",
    "sequence": 28,
    "scenario_id": "scenario-132-passive_market_maker",
    "agent_id": "agent-passive_market_maker",
    "order_id": "scenario-132-passive_market_maker-agent-passive_market_maker-28",
    "action": "new",
    "side": "buy",
    "price": 65066.868,
    "quantity": 0.01,
    "remaining_quantity": 0.01
  },
  {
    "event_id": "ae63bf54448f9993cc3110db396dbe4a60774ac7f9ddd225ba7c7d4dba345ad3",
    "schema_version": "1.0.0",
    "event_type": "agent_order",
    "source": "synthetic_agent",
    "symbol": "BTCUSDT",
    "exchange": "binance_usdm",
    "timestamp": "2024-05-01T00:00:02.900000Z",
    "sequence": 29,
    "scenario_id": "scenario-132-passive_market_maker",
    "agent_id": "agent-passive_market_maker",
    "order_id": "scenario-132-passive_market_maker-agent-passive_market_maker-29",
    "action": "new",
    "side": "sell",
    "price": 65197.13199999999,
    "quantity": 0.01,
    "remaining_quantity": 0.01
  }
]