[
  {
    "event_id": "cbe93efb032e5e6deaf69446a9ee8e61f4297902a330cee9e8d0c2ed1b4183ed",
    "schema_version": "1.0.0",
    "event_type": "agent_order",
    "source": "synthetic_agent",
    "symbol": "BTCUSDT",
    "exchange": "binance_usdm",
    "timestamp": "2024-05-01T00:00:00Z",
    "sequence": 0,
    "scenario_id": "scenario-569-momentum_ignition",
    "agent_id": "agent-momentum_ignition",
    "order_id": "scenario-569-momentum_ignition-agent-momentum_ignition-0",
    "action": "new",
    "side": "buy",
    "price": 65634.56899999999,
    "quantity": 0.08,
    "remaining_quantity": 0.08
  },
  {
    "event_id": "b6f0326859a92552d2fa74cc6e5bbbc1f0b65b1b9554dada245eae80a40b4de4",
    "schema_version": "1.0.0",
    "event_type": "agent_order",
    "source": "synthetic_agent",
    "symbol": "BTCUSDT",
    "exchange": "binance_usdm",
    "timestamp": "2024-05-01T00:00:00.080000Z",
    "sequence": 1,
    "scenario_id": "scenario-569-momentum_ignition",
    "agent_id": "agent-momentum_ignition",
    "order_id": "scenario-569-momentum_ignition-agent-momentum_ignition-1",
    "action": "new",
    "side": "buy",
    "price": 65635.88037999999,
    "quantity": 0.08,
    "remaining_quantity": 0.08
  },
  {
    "event_id": "d7092b750f62bf996908ff53d6d2b5fccd7eab6434f5e068e713dc1282e97fbc",
    "schema_version": "1.0.0",
    "event_type": "agent_order",
    "source": "synthetic_agent",
    "symbol": "BTCUSDT",
    "exchange": "binance_usdm",
    "timestamp": "2024-05-01T00:00:00.160000Z",
    "sequence": 2,
    "scenario_id": "scenario-569-momentum_ignition",
    "agent_id": "agent-momentum_ignition",
    "order_id": "scenario-569-momentum_ignition-agent-momentum_ignition-2",
    "action": "new",
    "side": "buy",
    "price": 65637.19176,
    "quantity": 0.08,
    "remaining_quantity": 0.08
  },
  {
    "event_id": "a2e96576153fb49493d7d0bf763625ac2060aa5f58ce64f9a214d3875605693c",
    "schema_version": "1.0.0",
    "event_type": "agent_order",
    "source": "synthetic_agent",
    "symbol": "BTCUSDT",
    "exchange": "binance_usdm",
    "timestamp": "2024-05-01T00:00:00.240000Z",
    "sequence": 3,
    "scenario_id": "scenario-569-momentum_ignition",
    "agent_id": "agent-momentum_ignition",
    "order_id": "scenario-569-momentum_ignition-agent-momentum_ignition-3",
    "action": "new",
    "side": "buy",
    "price": 65638.50313999999,
    "quantity": 0.08,
    "remaining_quantity": 0.08
  },
  {
    "event_id": "98da6ddbd5133a08031adfde207cf16581e269a3c00c73ced027765305fb28e1",
    "schema_version": "1.0.0",
    "event_type": "agent_order",
    "source": "synthetic_agent",
    "symbol": "BTCUSDT",
    "exchange": "binance_usdm",
    "timestamp": "2024-05-01T00:00:00.320000Z",
    "sequence": 4,
    "scenario_id": "scenario-569-momentum_ignition",
    "agent_id": "agent-momentum_ignition",
    "order_id": "scenario-569-momentum_ignition-agent-momentum_ignition-4",
    "action": "new",
    "side": "buy",
    "price": 65639.81452,
    "quantity": 0.08,
    "remaining_quantity": 0.08
  },
  {
    "event_id": "0248e8fdac65e5b905a85c9f3d40642b17d5cd7a9b50d51341b16a99e50b69b5",
    "schema_version": "1.0.0",
    "event_type": "agent_order",
    "source": "synthetic_agent",
    "symbol": "BTCUSDT",
    "exchange": "binance_usdm",
    "timestamp": "2024-05-01T00:00:00.400000Z",
    "sequence": 5,
    "scenario_id": "scenario-569-momentum_ignition",
    "agent_id": "agent-momentum_ignition",
    "order_id": "scenario-569-momentum_ignition-agent-momentum_ignition-5",
    "action": "new",
    "side": "buy",
    "price": 65641.1259,
    "quantity": 0.08,
    "remaining_quantity": 0.08
  },
  {
    "event_id": "544085fe72ecea5f350519df7ff332eca395710685544c7f60dcd51977340b33",
    "schema_version": "1.0.0",
    "event_type": "agent_order",
    "source": "synthetic_agent",
    "symbol": "BTCUSDT",
    "exchange": "binance_usdm",
    "timestamp": "2024-05-01T00:00:00.480000Z",
    "sequence": 6,
    "scenario_id": "scenario-569-momentum_ignition",
    "agent_id": "agent-momentum_ignition",
    "order_id": "scenario-569-momentum_ignition-agent-momentum_ignition-6",
    "action": "new",
    "side": "buy",
    "price": 65642.43727999998,
    "quantity": 0.08,
    "remaining_quantity": 0.08
  },
  {
    "event_id": "cd12b7e4e62fbbba0e16633028483f648e1f3ae9ca264e0d8dc03a4f4aeae4b5",
    "schema_version": "1.0.0",
    "event_type": "agent_order",
    "source": "synthetic_agent",
    "symbol": "BTCUSDT",
    "exchange": "binance_usdm",
    "timestamp": "2024-05-01T00:00:00.560000Z",
    "sequence": 7,
    "scenario_id": "scenario-569-momentum_ignition",
    "agent_id": "agent-momentum_ignition",
    "order_id": "scenario-569-momentum_ignition-agent-momentum_ignition-7",
    "action": "new",
    "side": "buy",
    "price": 65643.74866,
    "quantity": 0.08,
    "remaining_quantity": 0.08
  },
  {
    "event_id": "a7d3b48c4cf27123a53da3faf32eeb2afcdae168aad5d653fbfd1dc06a4b6302",
    "schema_version": "1.0.0",
    "event_type": "agent_order",
    "source": "synthetic_agent",
    "symbol": "BTCUSDT",
    "exchange": "binance_usdm",
    "timestamp": "2024-05-01T00:00:00.640000Z",
    "sequence": 8,
    "scenario_id": "scenario-569-momentum_ignition",
    "agent_id": "agent-momentum_ignition",
    "order_id": "scenario-569-momentum_ignition-agent-momentum_ignition-8",
    "action": "new",
    "side": "buy",
    "price": 65645.06003999998,
    "quantity": 0.08,
    "remaining_quantity": 0.08
  },
  {
    "event_id": "b597b7025ec743906b2c7bded3303df75c0f783cc5f03151a264a6ccb474c135",
    "schema_version": "1.0.0",
    "event_type": "agent_order",
    "source": "synthetic_agent",
    "symbol": "BTCUSDT",
    "exchange": "binance_usdm",
    "timestamp": "2024-05-01T00:00:00.720000Z",
    "sequence": 9,
    "scenario_id": "scenario-569-momentum_ignition",
    "agent_id": "agent-momentum_ignition",
    "order_id": "scenario-569-momentum_ignition-agent-momentum_ignition-9",
    "action": "new",
    "side": "buy",
    "price": 65646.37142,
    "quantity": 0.08,
    "remaining_quantity": 0.08
  },
  {
    "event_id": "b944e01f85e0d2eb094b58eceb159009ceb24742c6583abb1826047187f3745a",
    "schema_version": "1.0.0",
    "event_type": "agent_order",
    "source": "synthetic_agent",
    "symbol": "BTCUSDT",
    "exchange": "binance_usdm",
    "timestamp": "2024-05-01T00:00:00.800000Z",
    "sequence": 10,
    "scenario_id": "scenario-569-momentum_ignition",
    "agent_id": "agent-momentum_ignition",
    "order_id": "scenario-569-momentum_ignition-agent-momentum_ignition-10",
    "action": "new",
    "side": "buy",
    "price": 65647.6828,
    "quantity": 0.08,
    "remaining_quantity": 0.08
  },
  {
    "event_id": "a7916700d3685f3c47a1c5a35c35086a96d49bdc1001c3381dbce2e106e5fb73",
    "schema_version": "1.0.0",
    "event_type": "agent_order",
    "source": "synthetic_agent",
    "symbol": "BTCUSDT",
    "exchange": "binance_usdm",
    "timestamp": "2024-05-01T00:00:00.880000Z",
    "sequence": 11,
    "scenario_id": "scenario-569-momentum_ignition",
    "agent_id": "agent-momentum_ignition",
    "order_id": "scenario-569-momentum_ignition-agent-momentum_ignition-11",
    "action": "new",
    "side": "buy",
    "price": 65648.99418,
    "quantity": 0.08,
    "remaining_quantity": 0.08
  },
  {
    "event_id": "317954faffee64871087af04f132ec02114f00d6e7b041fd2dac05acf0d26df9",
    "schema_version": "1.0.0",
    "event_type": "agent_order",
    "source": "synthetic_agent",
    "symbol": "BTCUSDT",
    "exchange": "binance_usdm",
    "timestamp": "2024-05-01T00:00:00.960000Z",
    "sequence": 12,
    "scenario_id": "scenario-569-momentum_ignition",
    "agent_id": "agent-momentum_ignition",
    "order_id": "scenario-569-momentum_ignition-agent-momentum_ignition-12",
    "action": "new",
    "side": "buy",
    "price": 65650.30556,
    "quantity": 0.08,
    "remaining_quantity": 0.08
  },
  {
    "event_id": "07aed19bce689df65e6de8ea3c0f0880d328f436bd91bf1e8be290101a477642",
    "schema_version": "1.0.0",
    "event_type": "agent_order",
    "source": "synthetic_agent",
    "symbol": "BTCUSDT",
    "exchange": "binance_usdm",
    "timestamp": "2024-05-01T00:00:01.040000Z",
    "sequence": 13,
    "scenario_id": "scenario-569-momentum_ignition",
    "agent_id": "agent-momentum_ignition",
    "order_id": "scenario-569-momentum_ignition-agent-momentum_ignition-13",
    "action": "new",
    "side": "buy",
    "price": 65651.61693999999,
    "quantity": 0.08,
    "remaining_quantity": 0.08
  },
  {
    "event_id": "432b11b0ff167817c9744e46f329614c61a7a208c5266c8a76490ac799bf4331",
    "schema_version": "1.0.0",
    "event_type": "agent_order",
    "source": "synthetic_agent",
    "symbol": "BTCUSDT",
    "exchange": "binance_usdm",
    "timestamp": "2024-05-01T00:00:01.120000Z",
    "sequence": 14,
    "scenario_id": "scenario-569-momentum_ignition",
    "agent_id": "agent-momentum_ignition",
    "order_id": "scenario-569-momentum_ignition-agent-momentum_ignition-14",
    "action": "new",
    "side": "buy",
    "price": 65652.92831999999,
    "quantity": 0.08,
    "remaining_quantity": 0.08
  },
  {
    "event_id": "0cda0dbce54bb1bf8dc0188c60944ec8e954cf31e2fe7690b3cc1020c73f0205",
    "schema_version": "1.0.0",
    "event_type": "agent_order",
    "source": "synthetic_agent",
    "symbol": "BTCUSDT",
    "exchange": "binance_usdm",
    "timestamp": "2024-05-01T00:00:01.200000Z",
    "sequence": 15,
    "scenario_id": "scenario-569-momentum_ignition",
    "agent_id": "agent-momentum_ignition",
    "order_id": "scenario-569-momentum_ignition-agent-momentum_ignition-15",
    "action": "new",
    "side": "buy",
    "price": 65654.23969999999,
    "quantity": 0.08,
    "remaining_quantity": 0.08
  },
  {
    "event_id": "c83160db72a3546cedf14cbc10f9f422c1499a3851a659e55507f8ed690f390e",
    "schema_version": "1.0.0",
    "event_type": "agent_order",
    "source": "synthetic_agent",
    "symbol": "BTCUSDT",
    "exchange": "binance_usdm",
    "timestamp": "2024-05-01T00:00:01.280000Z",
    "sequence": 16,
    "scenario_id": "scenario-569-momentum_ignition",
    "agent_id": "agent-momentum_ignition",
    "order_id": "scenario-569-momentum_ignition-agent-momentum_ignition-16",
    "action": "new",
    "side": "buy",
    "price": 65655.55108,
    "quantity": 0.08,
    "remaining_quantity": 0.08
  },
  {
    "event_id": "5fd5359bcf6828d8f9d1ca4d78373fb49663fc7a8b5727bb124203b5a8894b02",
    "schema_version": "1.0.0",
    "event_type": "agent_order",
    "source": "synthetic_agent",
    "symbol": "BTCUSDT",
    "exchange": "binance_usdm",
    "timestamp": "2024-05-01T00:00:01.360000Z",
    "sequence": 17,
    "scenario_id": "scenario-569-momentum_ignition",
    "agent_id": "agent-momentum_ignition",
    "order_id": "scenario-569-momentum_ignition-agent-momentum_ignition-17",
    "action": "new",
    "side": "buy",
    "price": 65656.86245999999,
    "quantity": 0.08,
    "remaining_quantity": 0.08
  },
  {
    "event_id": "64192bf05802dfd99c3b5991da88d4c711bb3183b82f0814a4739c1c0ff9eb3e",
    "schema_version": "1.0.0",
    "event_type": "agent_order",
    "source": "synthetic_agent",
    "symbol": "BTCUSDT",
    "exchange": "binance_usdm",
    "timestamp": "2024-05-01T00:00:01.440000Z",
    "sequence": 18,
    "scenario_id": "scenario-569-momentum_ignition",
    "agent_id": "agent-momentum_ignition",
    "order_id": "scenario-569-momentum_ignition-agent-momentum_ignition-18",
    "action": "new",
    "side": "buy",
    "price": 65658.17383999999,
    "quantity": 0.08,
    "remaining_quantity": 0.08
  },
  {
    "event_id": "268b740a2363abdbc9d595f9f032192bc86a063517292b7eaec88001ed585b62",
    "schema_version": "1.0.0",
    "event_type": "agent_order",
    "source": "synthetic_agent",
    "symbol": "BTCUSDT",
    "exchange": "binance_usdm",
    "timestamp": "2024-05-01T00:00:01.520000Z",
    "sequence": 19,
    "scenario_id": "scenario-569-momentum_ignition",
    "agent_id": "agent-momentum_ignition",
    "order_id": "scenario-569-momentum_ignition-agent-momentum_ignition-19",
    "action": "new",
    "side": "buy",
    "price": 65659.48522,
    "quantity": 0.08,
    "remaining_quantity": 0.08
  },
  {
    "event_id": "7588882dddb0cf407e161ff6ac519b8c465b40b46872c1eda480d39e32b570a3",
    "schema_version": "1.0.0",
    "event_type": "agent_order",
    "source": "synthetic_agent",
    "symbol": "BTCUSDT",
    "exchange": "binance_usdm",
    "timestamp": "2024-05-01T00:00:01.600000Z",
    "sequence": 20,
    "scenario_id": "scenario-569-momentum_ignition",
    "agent_id": "agent-momentum_ignition",
    "order_id": "scenario-569-momentum_ignition-agent-momentum_ignition-20",
    "action": "new",
    "side": "buy",
    "price": 65660.79659999999,
    "quantity": 0.08,
    "remaining_quantity": 0.08
  },
  {
    "event_id": "24f916b84670af7bfd58eb0e72aad91a860e5e5e40f924084e653a4fdb9f9efa",
    "schema_version": "1.0.0",
    "event_type": "agent_order",
    "source": "synthetic_agent",
    "symbol": "BTCUSDT",
    "exchange": "binance_usdm",
    "timestamp": "2024-05-01T00:00:01.680000Z",
    "sequence": 21,
    "scenario_id": "scenario-569-momentum_ignition",
    "agent_id": "agent-momentum_ignition",
    "order_id": "scenario-569-momentum_ignition-agent-momentum_ignition-21",
    "action": "new",
    "side": "buy",
    "price": 65662.10798,
    "quantity": 0.08,
    "remaining_quantity": 0.08
  },
  {
    "event_id": "6f1a296a020cbbff04e8f31eb5d33bd61a0e26fa80311fce9e1533b70f311266",
    "schema_version": "1.0.0",
    "event_type": "agent_order",
    "source": "synthetic_agent",
    "symbol": "BTCUSDT",
    "exchange": "binance_usdm",
    "timestamp": "2024-05-01T00:00:01.760000Z",
    "sequence": 22,
    "scenario_id": "scenario-569-momentum_ignition",
    "agent_id": "agent-momentum_ignition",
    "order_id": "scenario-569-momentum_ignition-agent-momentum_ignition-22",
    "action": "new",
    "side": "buy",
    "price": 65663.41935999999,
    "quantity": 0.08,
    "remaining_quantity": 0.08
  },
  {
    "event_id": "5a2ffedff0caef24f273e19b8983ae1a0f2306c222282baaac06b86a4b76a9a6",
    "schema_version": "1.0.0",
    "event_type": "agent_order",
    "source": "synthetic_agent",
    "symbol": "BTCUSDT",
    "exchange": "binance_usdm",
    "timestamp": "2024-05-01T00:00:01.840000Z",
    "sequence": 23,
    "scenario_id": "scenario-569-momentum_ignition",
    "agent_id": "agent-momentum_ignition",
    "order_id": "scenario-569-momentum_ignition-agent-momentum_ignition-23",
    "action": "new",
    "side": "buy",
    "price": 65664.73073999998,
    "quantity": 0.08,
    "remaining_quantity": 0.08
  },
  {
    "event_id": "9358bb301698673d8dfa638726d108d0f90bce3057245a640dbfa30a4c654c5d",
    "schema_version": "1.0.0",
    "event_type": "agent_order",
    "source": "synthetic_agent",
    "symbol": "BTCUSDT",
    "exchange": "binance_usdm",
    "timestamp": "2024-05-01T00:00:01.920000Z",
    "sequence": 24,
    "scenario_id": "scenario-569-momentum_ignition",
    "agent_id": "agent-momentum_ignition",
    "order_id": "scenario-569-momentum_ignition-agent-momentum_ignition-24",
    "action": "new",
    "side": "buy",
    "price": 65666.04212,
    "quantity": 0.08,
    "remaining_quantity": 0.08
  },
  {
    "event_id": "c1aa357be27c8fc1e1ed9ad54f2cc38143516cd625cbd1a9c99b344d9dca263e",
    "schema_version": "1.0.0",
    "event_type": "agent_order",
    "source": "synthetic_agent",
    "symbol": "BTCUSDT",
    "exchange": "binance_usdm",
    "timestamp": "2024-05-01T00:00:02Z",
    "sequence": 25,
    "scenario_id": "scenario-569-momentum_ignition",
    "agent_id": "agent-momentum_ignition",
    "order_id": "scenario-569-momentum_ignition-agent-momentum_ignition-25",
    "action": "new",
    "side": "buy",
    "price": 65667.35349999998,
    "quantity": 0.08,
    "remaining_quantity": 0.08
  },
  {
    "event_id": "e604f06409b5713160398862db842c8a725b0432ca8962f73b94a0202d41522d",
    "schema_version": "1.0.0",
    "event_type": "agent_order",
    "source": "synthetic_agent",
    "symbol": "BTCUSDT",
    "exchange": "binance_usdm",
    "timestamp": "2024-05-01T00:00:02.080000Z",
    "sequence": 26,
    "scenario_id": "scenario-569-momentum_ignition",
    "agent_id": "agent-momentum_ignition",
    "order_id": "scenario-569-momentum_ignition-agent-momentum_ignition-26",
    "action": "new",
    "side": "buy",
    "price": 65668.66488,
    "quantity": 0.08,
    "remaining_quantity": 0.08
  },
  {
    "event_id": "4ebcb7bf89e4fc3e9f21dea12e1fa67ad92b63f423de8e5dafb977aa9f5cf5a1",
    "schema_version": "1.0.0",
    "event_type": "agent_order",
    "source": "synthetic_agent",
    "symbol": "BTCUSDT",
    "exchange": "binance_usdm",
    "timestamp": "2024-05-01T00:00:02.160000Z",
    "sequence": 27,
    "scenario_id": "scenario-569-momentum_ignition",
    "agent_id": "agent-momentum_ignition",
    "order_id": "scenario-569-momentum_ignition-agent-momentum_ignition-27",
    "action": "new",
    "side": "buy",
    "price": 65669.97626,
    "quantity": 0.08,
    "remaining_quantity": 0.08
  },
  {
    "event_id": "eff0a87c601760ead52c1ad1ef509490c89c91aad07765e8a87bcdf21a8ea2c0",
    "schema_version": "1.0.0",
    "event_type": "agent_order",
    "source": "synthetic_agent",
    "symbol": "BTCUSDT",
    "exchange": "binance_usdm",
    "timestamp": "2024-05-01T00:00:02.240000Z",
    "sequence": 28,
    "scenario_id": "scenario-569-momentum_ignition",
    "agent_id": "agent-momentum_ignition",
    "order_id": "scenario-569-momentum_ignition-agent-momentum_ignition-28",
    "action": "new",
    "side": "buy",
    "price": 65671.28763999998,
    "quantity": 0.08,
    "remaining_quantity": 0.08
  },
  {
    "event_id": "b8a7e70b69b7b6ef6be23e6b46d2626893cf9ec4ca57c64bc836e678399015e5",
    "schema_version": "1.0.0",
    "event_type": "agent_order",
    "source": "synthetic_agent",
    "symbol": "BTCUSDT",
    "exchange": "binance_usdm",
    "timestamp": "2024-05-01T00:00:02.320000Z",
    "sequence": 29,
    "scenario_id": "scenario-569-momentum_ignition",
    "agent_id": "agent-momentum_ignition",
    "order_id": "scenario-569-momentum_ignition-agent-momentum_ignition-29",
    "action": "new",
    "side": "buy",
    "price": 65672.59902,
    "quantity": 0.08,
    "remaining_quantity": 0.08
  }
]