[
  {
    "event_id": "fcab881c94b29c41f3ea33630e92fa1811ec3616b73e68a84dae7560c60e8330",
    "schema_version": "1.0.0",
    "event_type": "agent_order",
    "source": "synthetic_agent",
    "symbol": "BTCUSDT",
    "exchange": "binance_usdm",
    "timestamp": "2024-05-01T00:00:00Z",
    "sequence": 0,
    "scenario_id": "scenario-190-runaway_inventory",
    "agent_id": "agent-runaway_inventory",
    "order_id": "scenario-190-runaway_inventory-agent-runaway_inventory-0",
    "action": "new",
    "side": "buy",
    "price": 65190.0,
    "quantity": 0.01,
    "remaining_quantity": 0.01
  },
  {
    "event_id": "e59b6f823a8706811f0b20b82d6087e7d2502661f36f8ab41c76b8eaf008cfef",
    "schema_version": "1.0.0",
    "event_type": "agent_order",
    "source": "synthetic_agent",
    "symbol": "BTCUSDT",
    "exchange": "binance_usdm",
    "timestamp": "2024-05-01T00:00:00.070000Z",
    "sequence": 1,
    "scenario_id": "scenario-190-runaway_inventory",
    "agent_id": "agent-runaway_inventory",
    "order_id": "scenario-190-runaway_inventory-agent-runaway_inventory-1",
    "action": "new",
    "side": "buy",
    "price": 65191.9557,
    "quantity": 0.012,
    "remaining_quantity": 0.012
  },
  {
    "event_id": "3da0ab05450aa35a9ef584b27070989c4b73008276b151129532c9f56310d9a0",
    "schema_version": "1.0.0",
    "event_type": "agent_order",
    "source": "synthetic_agent",
    "symbol": "BTCUSDT",
    "exchange": "binance_usdm",
    "timestamp": "2024-05-01T00:00:00.140000Z",
    "sequence": 2,
    "scenario_id": "scenario-190-runaway_inventory",
    "agent_id": "agent-runaway_inventory",
    "order_id": "scenario-190-runaway_inventory-agent-runaway_inventory-2",
    "action": "new",
    "side": "buy",
    "price": 65193.9114,
    "quantity": 0.014,
    "remaining_quantity": 0.014
  },
  {
    "event_id": "08db575b15f483710bc8d2fc84bff66737a2d84f57059311d1310ddea0e1f912",
    "schema_version": "1.0.0",
    "event_type": "agent_order",
    "source": "synthetic_agent",
    "symbol": "BTCUSDT",
    "exchange": "binance_usdm",
    "timestamp": "2024-05-01T00:00:00.210000Z",
    "sequence": 3,
    "scenario_id": "scenario-190-runaway_inventory",
    "agent_id": "agent-runaway_inventory",
    "order_id": "scenario-190-runaway_inventory-agent-runaway_inventory-3",
    "action": "new",
    "side": "buy",
    "price": 65195.867099999996,
    "quantity": 0.016,
    "remaining_quantity": 0.016
  },
  {
    "event_id": "382fa9117b26b4547d6c0a96a7327716723a47265e27a37cb02cea3dc596f146",
    "schema_version": "1.0.0",
    "event_type": "agent_order",
    "source": "synthetic_agent",
    "symbol": "BTCUSDT",
    "exchange": "binance_usdm",
    "timestamp": "2024-05-01T00:00:00.280000Z",
    "sequence": 4,
    "scenario_id": "scenario-190-runaway_inventory",
    "agent_id": "agent-runaway_inventory",
    "order_id": "scenario-190-runaway_inventory-agent-runaway_inventory-4",
    "action": "new",
    "side": "buy",
    "price": 65197.822799999994,
    "quantity": 0.018000000000000002,
    "remaining_quantity": 0.018000000000000002
  },
  {
    "event_id": "697d3ad62e634c021200de53fa8b7406ab21afb86e1cfa945237ef3865548292",
    "schema_version": "1.0.0",
    "event_type": "agent_order",
    "source": "synthetic_agent",
    "symbol": "BTCUSDT",
    "exchange": "binance_usdm",
    "timestamp": "2024-05-01T00:00:00.350000Z",
    "sequence": 5,
    "scenario_id": "scenario-190-runaway_inventory",
    "agent_id": "agent-runaway_inventory",
    "order_id": "scenario-190-runaway_inventory-agent-runaway_inventory-5",
    "action": "new",
    "side": "buy",
    "price": 65199.77850000001,
    "quantity": 0.02,
    "remaining_quantity": 0.02
  },
  {
    "event_id": "339d3aca10d52d4537b0a8654185f4c1868c72a57e03718e44dd09eef84bd7e5",
    "schema_version": "1.0.0",
    "event_type": "agent_order",
    "source": "synthetic_agent",
    "symbol": "BTCUSDT",
    "exchange": "binance_usdm",
    "timestamp": "2024-05-01T00:00:00.420000Z",
    "sequence": 6,
    "scenario_id": "scenario-190-runaway_inventory",
    "agent_id": "agent-runaway_inventory",
    "order_id": "scenario-190-runaway_inventory-agent-runaway_inventory-6",
    "action": "new",
    "side": "buy",
    "price": 65201.734200000006,
    "quantity": 0.022,
    "remaining_quantity": 0.022
  },
  {
    "event_id": "280a416942b73eac9c1c3ab76bfe0155f2cb5db909e92f15bb811f2f9b4b1731",
    "schema_version": "1.0.0",
    "event_type": "agent_order",
    "source": "synthetic_agent",
    "symbol": "BTCUSDT",
    "exchange": "binance_usdm",
    "timestamp": "2024-05-01T00:00:00.490000Z",
    "sequence": 7,
    "scenario_id": "scenario-190-runaway_inventory",
    "agent_id": "agent-runaway_inventory",
    "order_id": "scenario-190-runaway_inventory-agent-runaway_inventory-7",
    "action": "new",
    "side": "buy",
    "price": 65203.689900000005,
    "quantity": 0.024,
    "remaining_quantity": 0.024
  },
  {
    "event_id": "2532a0ecf05dcc56d9489a74dc44d17d873a138230cc8f2a9c3a3ee07a3ad787",
    "schema_version": "1.0.0",
    "event_type": "agent_order",
    "source": "synthetic_agent",
    "symbol": "BTCUSDT",
    "exchange": "binance_usdm",
    "timestamp": "2024-05-01T00:00:00.560000Z",
    "sequence": 8,
    "scenario_id": "scenario-190-runaway_inventory",
    "agent_id": "agent-runaway_inventory",
    "order_id": "scenario-190-runaway_inventory-agent-runaway_inventory-8",
    "action": "new",
    "side": "buy",
    "price": 65205.6456,
    "quantity": 0.026000000000000002,
    "remaining_quantity": 0.026000000000000002
  },
  {
    "event_id": "5f8e5808efc88b1a3f3545a4836f21a36bdae1d9eada8a9c38a8d63b03ec0e95",
    "schema_version": "1.0.0",
    "event_type": "agent_order",
    "source": "synthetic_agent",
    "symbol": "BTCUSDT",
    "exchange": "binance_usdm",
    "timestamp": "2024-05-01T00:00:00.630000Z",
    "sequence": 9,
    "scenario_id": "scenario-190-runaway_inventory",
    "agent_id": "agent-runaway_inventory",
    "order_id": "scenario-190-runaway_inventory-agent-runaway_inventory-9",
    "action": "new",
    "side": "buy",
    "price": 65207.6013,
    "quantity": 0.028000000000000004,
    "remaining_quantity": 0.028000000000000004
  },
  {
    "event_id": "40b7b8c92eac177ce9aa6f03b7342718c7002fb136584bcd1dd0f191c9553033",
    "schema_version": "1.0.0",
    "event_type": "agent_order",
    "source": "synthetic_agent",
    "symbol": "BTCUSDT",
    "exchange": "binance_usdm",
    "timestamp": "2024-05-01T00:00:00.700000Z",
    "sequence": 10,
    "scenario_id": "scenario-190-runaway_inventory",
    "agent_id": "agent-runaway_inventory",
    "order_id": "scenario-190-runaway_inventory-agent-runaway_inventory-10",
    "action": "new",
    "side": "buy",
    "price": 65209.557,
    "quantity": 0.03,
    "remaining_quantity": 0.03
  },
  {
    "event_id": "bd2f5b2ae3cd05cbd77a385675fe9ea8a7a9c2f8c3b7fe1038d960b75fadccfe",
    "schema_version": "1.0.0",
    "event_type": "agent_order",
    "source": "synthetic_agent",
    "symbol": "BTCUSDT",
    "exchange": "binance_usdm",
    "timestamp": "2024-05-01T00:00:00.770000Z",
    "sequence": 11,
    "scenario_id": "scenario-190-runaway_inventory",
    "agent_id": "agent-runaway_inventory",
    "order_id": "scenario-190-runaway_inventory-agent-runaway_inventory-11",
    "action": "new",
    "side": "buy",
    "price": 65211.5127,
    "quantity": 0.032,
    "remaining_quantity": 0.032
  },
  {
    "event_id": "d27fb54a88b3f355b373fc4c59de187c4a5c0a473d5c34138c58078c41c17227",
    "schema_version": "1.0.0",
    "event_type": "agent_order",
    "source": "synthetic_agent",
    "symbol": "BTCUSDT",
    "exchange": "binance_usdm",
    "timestamp": "2024-05-01T00:00:00.840000Z",
    "sequence": 12,
    "scenario_id": "scenario-190-runaway_inventory",
    "agent_id": "agent-runaway_inventory",
    "order_id": "scenario-190-runaway_inventory-agent-runaway_inventory-12",
    "action": "new",
    "side": "buy",
    "price": 65213.4684,
    "quantity": 0.034,
    "remaining_quantity": 0.034
  },
  {
    "event_id": "d394ff4681440ff0a0e167bddd4b98ffb90aa6be664c8927beeb286f219f9e0e",
    "schema_version": "1.0.0",
    "event_type": "agent_order",
    "source": "synthetic_agent",
    "symbol": "BTCUSDT",
    "exchange": "binance_usdm",
    "timestamp": "2024-05-01T00:00:00.910000Z",
    "sequence": 13,
    "scenario_id": "scenario-190-runaway_inventory",
    "agent_id": "agent-runaway_inventory",
    "order_id": "scenario-190-runaway_inventory-agent-runaway_inventory-13",
    "action": "new",
    "side": "buy",
    "price": 65215.42409999999,
    "quantity": 0.036000000000000004,
    "remaining_quantity": 0.036000000000000004
  },
  {
    "event_id": "5c89d95a6437bbb227dc8aa37d4336b8c0164fb608dde68974b8396c35d2e908",
    "schema_version": "1.0.0",
    "event_type": "agent_order",
    "source": "synthetic_agent",
    "symbol": "BTCUSDT",
    "exchange": "binance_usdm",
    "timestamp": "2024-05-01T00:00:00.980000Z",
    "sequence": 14,
    "scenario_id": "scenario-190-runaway_inventory",
    "agent_id": "agent-runaway_inventory",
    "order_id": "scenario-190-runaway_inventory-agent-runaway_inventory-14",
    "action": "new",
    "side": "buy",
    "price": 65217.3798,
    "quantity": 0.038,
    "remaining_quantity": 0.038
  },
  {
    "event_id": "4b09a2735ac3ab485bf232cd3454df5c4e83e3986db9644e4be108455eb98a1f",
    "schema_version": "1.0.0",
    "event_type": "agent_order",
    "source": "synthetic_agent",
    "symbol": "BTCUSDT",
    "exchange": "binance_usdm",
    "timestamp": "2024-05-01T00:00:01.050000Z",
    "sequence": 15,
    "scenario_id": "scenario-190-runaway_inventory",
    "agent_id": "agent-runaway_inventory",
    "order_id": "scenario-190-runaway_inventory-agent-runaway_inventory-15",
    "action": "new",
    "side": "buy",
    "price": 65219.3355,
    "quantity": 0.04,
    "remaining_quantity": 0.04
  },
  {
    "event_id": "3434572312dc407badf4f5760e5422d25abf266790b3be4c26d0abb92c3b8691",
    "schema_version": "1.0.0",
    "event_type": "agent_order",
    "source": "synthetic_agent",
    "symbol": "BTCUSDT",
    "exchange": "binance_usdm",
    "timestamp": "2024-05-01T00:00:01.120000Z",
    "sequence": 16,
    "scenario_id": "scenario-190-runaway_inventory",
    "agent_id": "agent-runaway_inventory",
    "order_id": "scenario-190-runaway_inventory-agent-runaway_inventory-16",
    "action": "new",
    "side": "buy",
    "price": 65221.2912,
    "quantity": 0.042,
    "remaining_quantity": 0.042
  },
  {
    "event_id": "51664d00233c127480294fb5c82265014379ce905554db2bb82a492b5807492f",
    "schema_version": "1.0.0",
    "event_type": "agent_order",
    "source": "synthetic_agent",
    "symbol": "BTCUSDT",
    "exchange": "binance_usdm",
    "timestamp": "2024-05-01T00:00:01.190000Z",
    "sequence": 17,
    "scenario_id": "scenario-190-runaway_inventory",
    "agent_id": "agent-runaway_inventory",
    "order_id": "scenario-190-runaway_inventory-agent-runaway_inventory-17",
    "action": "new",
    "side": "buy",
    "price": 65223.2469,
    "quantity": 0.044000000000000004,
    "remaining_quantity": 0.044000000000000004
  },
  {
    "event_id": "3896227d5f314fdc2d11389d0b504ddb4387d364de2dac36fce7233a91caaa5e",
    "schema_version": "1.0.0",
    "event_type": "agent_order",
    "source": "synthetic_agent",
    "symbol": "BTCUSDT",
    "exchange": "binance_usdm",
    "timestamp": "2024-05-01T00:00:01.260000Z",
    "sequence": 18,
    "scenario_id": "scenario-190-runaway_inventory",
    "agent_id": "agent-runaway_inventory",
    "order_id": "scenario-190-runaway_inventory-agent-runaway_inventory-18",
    "action": "new",
    "side": "buy",
    "price": 65225.2026,
    "quantity": 0.046000000000000006,
    "remaining_quantity": 0.046000000000000006
  },
  {
    "event_id": "308f4981d9119d738da560793b3ba81f91f40b4fd3835acf51f8aa6e000013e1",
    "schema_version": "1.0.0",
    "event_type": "agent_order",
    "source": "synthetic_agent",
    "symbol": "BTCUSDT",
    "exchange": "binance_usdm",
    "timestamp": "2024-05-01T00:00:01.330000Z",
    "sequence": 19,
    "scenario_id": "scenario-190-runaway_inventory",
    "agent_id": "agent-runaway_inventory",
    "order_id": "scenario-190-runaway_inventory-agent-runaway_inventory-19",
    "action": "new",
    "side": "buy",
    "price": 65227.158299999996,
    "quantity": 0.048,
    "remaining_quantity": 0.048
  },
  {
    "event_id": "f9790b0d8d05f3a39b64259e205211e5f804a2c5a8ad44eeb3094bb383c5e4af",
    "schema_version": "1.0.0",
    "event_type": "agent_order",
    "source": "synthetic_agent",
    "symbol": "BTCUSDT",
    "exchange": "binance_usdm",
    "timestamp": "2024-05-01T00:00:01.400000Z",
    "sequence": 20,
    "scenario_id": "scenario-190-runaway_inventory",
    "agent_id": "agent-runaway_inventory",
    "order_id": "scenario-190-runaway_inventory-agent-runaway_inventory-20",
    "action": "new",
    "side": "buy",
    "price": 65229.113999999994,
    "quantity": 0.05,
    "remaining_quantity": 0.05
  },
  {
    "event_id": "85bf6ff81dfd4ac5f61f1dae4c65aaeb9a01749f6e25011db2aaa8fe21d7ba07",
    "schema_version": "1.0.0",
    "event_type": "agent_order",
    "source": "synthetic_agent",
    "symbol": "BTCUSDT",
    "exchange": "binance_usdm",
    "timestamp": "2024-05-01T00:00:01.470000Z",
    "sequence": 21,
    "scenario_id": "scenario-190-runaway_inventory",
    "agent_id": "agent-runaway_inventory",
    "order_id": "scenario-190-runaway_inventory-agent-runaway_inventory-21",
    "action": "new",
    "side": "buy",
    "price": 65231.06969999999,
    "quantity": 0.052000000000000005,
    "remaining_quantity": 0.052000000000000005
  },
  {
    "event_id": "a3026fbd9e051a8fdcc38af0ffbdfcf0088991dd64afcbd90d2364b27af7c2c8",
    "schema_version": "1.0.0",
    "event_type": "agent_order",
    "source": "synthetic_agent",
    "symbol": "BTCUSDT",
    "exchange": "binance_usdm",
    "timestamp": "2024-05-01T00:00:01.540000Z",
    "sequence": 22,
    "scenario_id": "scenario-190-runaway_inventory",
    "agent_id": "agent-runaway_inventory",
    "order_id": "scenario-190-runaway_inventory-agent-runaway_inventory-22",
    "action": "new",
    "side": "buy",
    "price": 65233.025400000006,
    "quantity": 0.054,
    "remaining_quantity": 0.054
  },
  {
    "event_id": "b05cfcbaf1c2b0c4ed03734986fb2434c2293dc74ad438cee336c54251a9533c",
    "schema_version": "1.0.0",
    "event_type": "agent_order",
    "source": "synthetic_agent",
    "symbol": "BTCUSDT",
    "exchange": "binance_usdm",
    "timestamp": "2024-05-01T00:00:01.610000Z",
    "sequence": 23,
    "scenario_id": "scenario-190-runaway_inventory",
    "agent_id": "agent-runaway_inventory",
    "order_id": "scenario-190-runaway_inventory-agent-runaway_inventory-23",
    "action": "new",
    "side": "buy",
    "price": 65234.981100000005,
    "quantity": 0.056,
    "remaining_quantity": 0.056
  },
  {
    "event_id": "c55b52cc77638b12380f397da82167d7ea57be7d92cbd88633620c7f08e191b0",
    "schema_version": "1.0.0",
    "event_type": "agent_order",
    "source": "synthetic_agent",
    "symbol": "BTCUSDT",
    "exchange": "binance_usdm",
    "timestamp": "2024-05-01T00:00:01.680000Z",
    "sequence": 24,
    "scenario_id": "scenario-190-runaway_inventory",
    "agent_id": "agent-runaway_inventory",
    "order_id": "scenario-190-runaway_inventory-agent-runaway_inventory-24",
    "action": "new",
    "side": "buy",
    "price": 65236.9368,
    "quantity": 0.058,
    "remaining_quantity": 0.058
  },
  {
    "event_id": "30d847486301696a577c5da78cb1cdc32a0e0e89036073d882d31e241b92ba05",
    "schema_version": "1.0.0",
    "event_type": "agent_order",
    "source": "synthetic_agent",
    "symbol": "BTCUSDT",
    "exchange": "binance_usdm",
    "timestamp": "2024-05-01T00:00:01.750000Z",
    "sequence": 25,
    "scenario_id": "scenario-190-runaway_inventory",
    "agent_id": "agent-runaway_inventory",
    "order_id": "scenario-190-runaway_inventory-agent-runaway_inventory-25",
    "action": "new",
    "side": "buy",
    "price": 65238.8925,
    "quantity": 0.060000000000000005,
    "remaining_quantity": 0.060000000000000005
  },
  {
    "event_id": "1ddba161915cf0cc8855a361da32778b4a97beefb39e010d3d15ca8a5255ffb6",
    "schema_version": "1.0.0",
    "event_type": "agent_order",
    "source": "synthetic_agent",
    "symbol": "BTCUSDT",
    "exchange": "binance_usdm",
    "timestamp": "2024-05-01T00:00:01.820000Z",
    "sequence": 26,
    "scenario_id": "scenario-190-runaway_inventory",
    "agent_id": "agent-runaway_inventory",
    "order_id": "scenario-190-runaway_inventory-agent-runaway_inventory-26",
    "action": "new",
    "side": "buy",
    "price": 65240.8482,
    "quantity": 0.062000000000000006,
    "remaining_quantity": 0.062000000000000006
  },
  {
    "event_id": "9c65587ee7afd1971e33c467126b4a5ea53290acbee02b1398181bf52c9d6dae",
    "schema_version": "1.0.0",
    "event_type": "agent_order",
    "source": "synthetic_agent",
    "symbol": "BTCUSDT",
    "exchange": "binance_usdm",
    "timestamp": "2024-05-01T00:00:01.890000Z",
    "sequence": 27,
    "scenario_id": "scenario-190-runaway_inventory",
    "agent_id": "agent-runaway_inventory",
    "order_id": "scenario-190-runaway_inventory-agent-runaway_inventory-27",
    "action": "new",
    "side": "buy",
    "price": 65242.8039,
    "quantity": 0.064,
    "remaining_quantity": 0.064
  },
  {
    "event_id": "fcf66ffcf0b3200a77984c0dd4277f98a0c1761d95c7df228370620f76036184",
    "schema_version": "1.0.0",
    "event_type": "agent_order",
    "source": "synthetic_agent",
    "symbol": "BTCUSDT",
    "exchange": "binance_usdm",
    "timestamp": "2024-05-01T00:00:01.960000Z",
    "sequence": 28,
    "scenario_id": "scenario-190-runaway_inventory",
    "agent_id": "agent-runaway_inventory",
    "order_id": "scenario-190-runaway_inventory-agent-runaway_inventory-28",
    "action": "new",
    "side": "buy",
    "price": 65244.7596,
    "quantity": 0.066,
    "remaining_quantity": 0.066
  },
  {
    "event_id": "ec9f9bdd48e4d93dbcc49c723d58bfef3e6309c1e6eeaace673ba1f82695e6a7",
    "schema_version": "1.0.0",
    "event_type": "agent_order",
    "source": "synthetic_agent",
    "symbol": "BTCUSDT",
    "exchange": "binance_usdm",
    "timestamp": "2024-05-01T00:00:02.030000Z",
    "sequence": 29,
    "scenario_id": "scenario-190-runaway_inventory",
    "agent_id": "agent-runaway_inventory",
    "order_id": "scenario-190-runaway_inventory-agent-runaway_inventory-29",
    "action": "new",
    "side": "buy",
    "price": 65246.715299999996,
    "quantity": 0.068,
    "remaining_quantity": 0.068
  }
]