[
  {
    "event_id": "457831d3a478a0d8c5c184cc2780a372b98d52091c586d0a40b8bcf27d93328f",
    "schema_version": "1.0.0",
    "event_type": "agent_order",
    "source": "synthetic_agent",
    "symbol": "BTCUSDT",
    "exchange": "binance_usdm",
    "timestamp": "2024-05-01T00:00:00Z",
    "sequence": 0,
    "scenario_id": "scenario-420-passive_market_maker",
    "agent_id": "agent-passive_market_maker",
    "order_id": "scenario-420-passive_market_maker-agent-passive_market_maker-0",
    "action": "new",
    "side": "buy",
    "price": 65354.58,
    "quantity": 0.01,
    "remaining_quantity": 0.01
  },
  {
    "event_id": "870429e0d02529143c8a435214dde00d471237c2bf37a9e01d301b07d0502e1a",
    "schema_version": "1.0.0",
    "event_type": "agent_order",
    "source": "synthetic_agent",
    "symbol": "BTCUSDT",
    "exchange": "binance_usdm",
    "timestamp": "2024-05-01T00:00:00.100000Z",
    "sequence": 1,
    "scenario_id": "scenario-420-passive_market_maker",
    "agent_id": "agent-passive_market_maker",
    "order_id": "scenario-420-passive_market_maker-agent-passive_market_maker-1",
    "action": "new",
    "side": "sell",
    "price": 65485.41999999999,
    "quantity": 0.01,
    "remaining_quantity": 0.01
  },
  {
    "event_id": "cb63ad76f369c1253e6d7df05aeeafdaa391870a92c18960cc7588b92b8e484e",
    "schema_version": "1.0.0",
    "event_type": "agent_order",
    "source": "synthetic_agent",
    "symbol": "BTCUSDT",
    "exchange": "binance_usdm",
    "timestamp": "2024-05-01T00:00:00.200000Z",
    "sequence": 2,
    "scenario_id": "scenario-420-passive_market_maker",
    "agent_id": "agent-passive_market_maker",
    "order_id": "scenario-420-passive_market_maker-agent-passive_market_maker-2",
    "action": "new",
    "side": "buy",
    "price": 65354.58,
    "quantity": 0.01,
    "remaining_quantity": 0.01
  },
  {
    "event_id": "556cb7bc27d72bbf4fdac197fc5dcc46f04d3c6d10f3d09da6c327c72a871f68",
    "schema_version": "1.0.0",
    "event_type": "agent_order",
    "source": "synthetic_agent",
    "symbol": "BTCUSDT",
    "exchange": "binance_usdm",
    "timestamp": "2024-05-01T00:00:00.300000Z",
    "sequence": 3,
    "scenario_id": "scenario-420-passive_market_maker",
    "agent_id": "agent-passive_market_maker",
    "order_id": "scenario-420-passive_market_maker-agent-passive_market_maker-3",
    "action": "new",
    "side": "sell",
    "price": 65485.41999999999,
    "quantity": 0.01,
    "remaining_quantity": 0.01
  },
  {
    "event_id": "35593512b77d65ae0a4e23bddc97d761cbd3612f4f414aeae1c4b9a4ac83218e",
    "schema_version": "1.0.0",
    "event_type": "agent_order",
    "source": "synthetic_agent",
    "symbol": "BTCUSDT",
    "exchange": "binance_usdm",
    "timestamp": "2024-05-01T00:00:00.400000Z",
    "sequence": 4,
    "scenario_id": "scenario-420-passive_market_maker",
    "agent_id": "agent-passive_market_maker",
    "order_id": "scenario-420-passive_market_maker-agent-passive_market_maker-4",
    "action": "new",
    "side": "buy",
    "price": 65354.58,
    "quantity": 0.01,
    "remaining_quantity": 0.01
  },
  {
    "event_id": "d346e6a9be802547f4048a2e77a867bbd272db65bbebbff112b95223ba1d925f",
    "schema_version": "1.0.0",
    "event_type": "agent_order",
    "source": "synthetic_agent",
    "symbol": "BTCUSDT",
    "exchange": "binance_usdm",
    "timestamp": "2024-05-01T00:00:00.500000Z",
    "sequence": 5,
    "scenario_id": "scenario-420-passive_market_maker",
    "agent_id": "agent-passive_market_maker",
    "order_id": "scenario-420-passive_market_maker-agent-passive_market_maker-5",
    "action": "new",
    "side": "sell",
    "price": 65485.41999999999,
    "quantity": 0.01,
    "remaining_quantity": 0.01
  },
  {
    "event_id": "634f48cd4935079d4b2e691d3fdd2a7c5a96d32647a9a20be9c12677e1419f42",
    "schema_version": "1.0.0",
    "event_type": "agent_order",
    "source": "synthetic_agent",
    "symbol": "BTCUSDT",
    "exchange": "binance_usdm",
    "timestamp": "2024-05-01T00:00:00.600000Z",
    "sequence": 6,
    "scenario_id": "scenario-420-passive_market_maker",
    "agent_id": "agent-passive_market_maker",
    "order_id": "scenario-420-passive_market_maker-agent-passive_market_maker-6",
    "action": "new",
    "side": "buy",
    "price": 65354.58,
    "quantity": 0.01,
    "remaining_quantity": 0.01
  },
  {
    "event_id": "af002439166c90f382ee573ccfa214f4e664039e6f7fc3f25a336c2c447eba2a",
    "schema_version": "1.0.0",
    "event_type": "agent_order",
    "source": "synthetic_agent",
    "symbol": "BTCUSDT",
    "exchange": "binance_usdm",
    "timestamp": "2024-05-01T00:00:00.700000Z",
    "sequence": 7,
    "scenario_id": "scenario-420-passive_market_maker",
    "agent_id": "agent-passive_market_maker",
    "order_id": "scenario-420-passive_market_maker-agent-passive_market_maker-7",
    "action": "new",
    "side": "sell",
    "price": 65485.41999999999,
    "quantity": 0.01,
    "remaining_quantity": 0.01
  },
  {
    "event_id": "dbad96f81b745933dcc84a71d2e94d83f9e2cd9ab7b3d3128b35322189ebb150",
    "schema_version": "1.0.0",
    "event_type": "agent_order",
    "source": "synthetic_agent",
    "symbol": "BTCUSDT",
    "exchange": "binance_usdm",
    "timestamp": "2024-05-01T00:00:00.800000Z",
    "sequence": 8,
    "scenario_id": "scenario-420-passive_market_maker",
    "agent_id": "agent-passive_market_maker",
    "order_id": "scenario-420-passive_market_maker-agent-passive_market_maker-8",
    "action": "new",
    "side": "buy",
    "price": 65354.58,
    "quantity": 0.01,
    "remaining_quantity": 0.01
  },
  {
    "event_id": "14360ee0f2c884e149f12f12679162dddcdf22ecede472ec82085c12e3860d0d",
    "schema_version": "1.0.0",
    "event_type": "agent_order",
    "source": "synthetic_agent",
    "symbol": "BTCUSDT",
    "exchange": "binance_usdm",
    "timestamp": "2024-05-01T00:00:00.900000Z",
    "sequence": 9,
    "scenario_id": "scenario-420-passive_market_maker",
    "agent_id": "agent-passive_market_maker",
    "order_id": "scenario-420-passive_market_maker-agent-passive_market_maker-9",
    "action": "new",
    "side": "sell",
    "price": 65485.41999999999,
    "quantity": 0.01,
    "remaining_quantity": 0.01
  },
  {
    "event_id": "58b9fd2a59de7316a5c8f292ef834f12c78901a941d0543275e7b09f322a9aba",
    "schema_version": "1.0.0",
    "event_type": "agent_order",
    "source": "synthetic_agent",
    "symbol": "BTCUSDT",
    "exchange": "binance_usdm",
    "timestamp": "2024-05-01T00:00:01Z",
    "sequence": 10,
    "scenario_id": "scenario-420-passive_market_maker",
    "agent_id": "agent-passive_market_maker",
    "order_id": "scenario-420-passive_market_maker-agent-passive_market_maker-10",
    "action": "new",
    "side": "buy",
    "price": 65354.58,
    "quantity": 0.01,
    "remaining_quantity": 0.01
  },
  {
    "event_id": "d260c94bc724ddfecb637b29172385d9e2b027ba9bd481f50a3f83d2ac9829a4",
    "schema_version": "1.0.0",
    "event_type": "agent_order",
    "source": "synthetic_agent",
    "symbol": "BTCUSDT",
    "exchange": "binance_usdm",
    "timestamp": "2024-05-01T00:00:01.100000Z",
    "sequence": 11,
    "scenario_id": "scenario-420-passive_market_maker",
    "agent_id": "agent-passive_market_maker",
    "order_id": "scenario-420-passive_market_maker-agent-passive_market_maker-11",
    "action": "new",
    "side": "sell",
    "price": 65485.41999999999,
    "quantity": 0.01,
    "remaining_quantity": 0.01
  },
  {
    "event_id": "2a8e7f28b9e8a6de944a62f058b714faac048a180336d0af3a1efb089be44c7c",
    "schema_version": "1.0.0",
    "event_type": "agent_order",
    "source": "synthetic_agent",
    "symbol": "BTCUSDT",
    "exchange": "binance_usdm",
    "timestamp": "2024-05-01T00:00:01.200000Z",
    "sequence": 12,
    "scenario_id": "scenario-420-passive_market_maker",
    "agent_id": "agent-passive_market_maker",
    "order_id": "scenario-420-passive_market_maker-agent-passive_market_maker-12",
    "action": "new",
    "side": "buy",
    "price": 65354.58,
    "quantity": 0.01,
    "remaining_quantity": 0.01
  },
  {
    "event_id": "dff1d82e9aebd804444c5c55ff8dceab85ce872fc6aa771f562474188dd746ee",
    "schema_version": "1.0.0",
    "event_type": "agent_order",
    "source": "synthetic_agent",
    "symbol": "BTCUSDT",
    "exchange": "binance_usdm",
    "timestamp": "2024-05-01T00:00:01.300000Z",
    "sequence": 13,
    "scenario_id": "scenario-420-passive_market_maker",
    "agent_id": "agent-passive_market_maker",
    "order_id": "scenario-420-passive_market_maker-agent-passive_market_maker-13",
    "action": "new",
    "side": "sell",
    "price": 65485.41999999999,
    "quantity": 0.01,
    "remaining_quantity": 0.01
  },
  {
    "event_id": "9e0b2041cc4bf1bec0416618068660f24b91d003f00384cbca943060df445c34",
    "schema_version": "1.0.0",
    "event_type": "agent_order",
    "source": "synthetic_agent",
    "symbol": "BTCUSDT",
    "exchange": "binance_usdm",
    "timestamp": "2024-05-01T00:00:01.400000Z",
    "sequence": 14,
    "scenario_id": "scenario-420-passive_market_maker",
    "agent_id": "agent-passive_market_maker",
    "order_id": "scenario-420-passive_market_maker-agent-passive_market_maker-14",
    "action": "new",
    "side": "buy",
    "price": 65354.58,
    "quantity": 0.01,
    "remaining_quantity": 0.01
  },
  {
    "event_id": "cc024c7337b7d86b2f6223f951e4ba873e9d270c384f972747b76ae8221f178e",
    "schema_version": "1.0.0",
    "event_type": "agent_order",
    "source": "synthetic_agent",
    "symbol": "BTCUSDT",
    "exchange": "binance_usdm",
    "timestamp": "2024-05-01T00:00:01.500000Z",
    "sequence": 15,
    "scenario_id": "scenario-420-passive_market_maker",
    "agent_id": "agent-passive_market_maker",
    "order_id": "scenario-420-passive_market_maker-agent-passive_market_maker-15",
    "action": "new",
    "side": "sell",
    "price": 65485.41999999999,
    "quantity": 0.01,
    "remaining_quantity": 0.01
  },
  {
    "event_id": "1c5d2a0ec9cbbf4afbf2925985adfca8f536959164f079610ebb53833f223456",
    "schema_version": "1.0.0",
    "event_type": "agent_order",
    "source": "synthetic_agent",
    "symbol": "BTCUSDT",
    "exchange": "binance_usdm",
    "timestamp": "2024-05-01T00:00:01.600000Z",
    "sequence": 16,
    "scenario_id": "scenario-420-passive_market_maker",
    "agent_id": "agent-passive_market_maker",
    "order_id": "scenario-420-passive_market_maker-agent-passive_market_maker-16",
    "action": "new",
    "side": "buy",
    "price": 65354.58,
    "quantity": 0.01,
    "remaining_quantity": 0.01
  },
  {
    "event_id": "ef5c89427e11b5c4bc0cb70e8bf1bc020113043f0554c9b8907d346b5c6c4aee",
    "schema_version": "1.0.0",
    "event_type": "agent_order",
    "source": "synthetic_agent",
    "symbol": "BTCUSDT",
    "exchange": "binance_usdm",
    "timestamp": "2024-05-01T00:00:01.700000Z",
    "sequence": 17,
    "scenario_id": "scenario-420-passive_market_maker",
    "agent_id": "agent-passive_market_maker",
    "order_id": "scenario-420-passive_market_maker-agent-passive_market_maker-17",
    "action": "new",
    "side": "sell",
    "price": 65485.41999999999,
    "quantity": 0.01,
    "remaining_quantity": 0.01
  },
  {
    "event_id": "6d54b6e7d56aef944e7ae3f14a5d2a8c94febc287e77015f64706cba7dbda071",
    "schema_version": "1.0.0",
    "event_type": "agent_order",
    "source": "synthetic_agent",
    "symbol": "BTCUSDT",
    "exchange": "binance_usdm",
    "timestamp": "2024-05-01T00:00:01.800000Z",
    "sequence": 18,
    "scenario_id": "scenario-420-passive_market_maker",
    "agent_id": "agent-passive_market_maker",
    "order_id": "scenario-420-passive_market_maker-agent-passive_market_maker-18",
    "action": "new",
    "side": "buy",
    "price": 65354.58,
    "quantity": 0.01,
    "remaining_quantity": 0.01
  },
  {
    "event_id": "a50e1f67bb7865e7151b1068ebf4849cd4fbfe50c248efefd37ffbec26dbe65f",
    "schema_version": "1.0.0",
    "event_type": "agent_order",
    "source": "synthetic_agent",
    "symbol": "BTCUSDT",
    "exchange": "binance_usdm",
    "timestamp": "2024-05-01T00:00:01.900000Z",
    "sequence": 19,
    "scenario_id": "scenario-420-passive_market_maker",
    "agent_id": "agent-passive_market_maker",
    "order_id": "scenario-420-passive_market_maker-agent-passive_market_maker-19",
    "action": "new",
    "side": "sell",
    "price": 65485.41999999999,
    "quantity": 0.01,
    "remaining_quantity": 0.01
  },
  {
    "event_id": "710d7013645ceec597444dbca255ffb9b2c86485a58d584cfd92db25cfe4aa5b",
    "schema_version": "1.0.0",
    "event_type": "agent_order",
    "source": "synthetic_agent",
    "symbol": "BTCUSDT",
    "exchange": "binance_usdm",
    "timestamp": "2024-05-01T00:00:02Z",
    "sequence": 20,
    "scenario_id": "scenario-420-passive_market_maker",
    "agent_id": "agent-passive_market_maker",
    "order_id": "scenario-420-passive_market_maker-agent-passive_market_maker-20",
    "action": "new",
    "side": "buy",
    "price": 65354.58,
    "quantity": 0.01,
    "remaining_quantity": 0.01
  },
  {
    "event_id": "604670015d0be179fd4646c0965f79a38a2dcb28f9825141fd8150d772cc9941",
    "schema_version": "1.0.0",
    "event_type": "agent_order",
    "source": "synthetic_agent",
    "symbol": "BTCUSDT",
    "exchange": "binance_usdm",
    "timestamp": "2024-05-01T00:00:02.100000Z",
    "sequence": 21,
    "scenario_id": "scenario-420-passive_market_maker",
    "agent_id": "agent-passive_market_maker",
    "order_id": "scenario-420-passive_market_maker-agent-passive_market_maker-21",
    "action": "new",
    "side": "sell",
    "price": 65485.41999999999,
    "quantity": 0.01,
    "remaining_quantity": 0.01
  },
  {
    "event_id": "66e53eecdf03c6b1f5ccb10b375ddb2c5bb0052eb40ff80631d85f006cc39b74",
    "schema_version": "1.0.0",
    "event_type": "agent_order",
    "source": "synthetic_agent",
    "symbol": "BTCUSDT",
    "exchange": "binance_usdm",
    "timestamp": "2024-05-01T00:00:02.200000Z",
    "sequence": 22,
    "scenario_id": "scenario-420-passive_market_maker",
    "agent_id": "agent-passive_market_maker",
    "order_id": "scenario-420-passive_market_maker-agent-passive_market_maker-22",
    "action": "new",
    "side": "buy",
    "price": 65354.58,
    "quantity": 0.01,
    "remaining_quantity": 0.01
  },
  {
    "event_id": "6cebac00a48af2e14ad8ca6ddead03c8f8c29cc1853a79f3ecdb430ce81d0df6",
    "schema_version": "1.0.0",
    "event_type": "agent_order",
    "source": "synthetic_agent",
    "symbol": "BTCUSDT",
    "exchange": "binance_usdm",
    "timestamp": "2024-05-01T00:00:02.300000Z",
    "sequence": 23,
    "scenario_id": "scenario-420-passive_market_maker",
    "agent_id": "agent-passive_market_maker",
    "order_id": "scenario-420-passive_market_maker-agent-passive_market_maker-23",
    "action": "new",
    "side": "sell",
    "price": 65485.41999999999,
    "quantity": 0.01,
    "remaining_quantity": 0.01
  },
  {
    "event_id": "6e797aa06a58d4ba6568e40d7f336365743d3434a6d9632575eac5f2bb5c07af",
    "schema_version": "1.0.0",
    "event_type": "agent_order",
    "source": "synthetic_agent",
    "symbol": "BTCUSDT",
    "exchange": "binance_usdm",
    "timestamp": "2024-05-01T00:00:02.400000Z",
    "sequence": 24,
    "scenario_id": "scenario-420-passive_market_maker",
    "agent_id": "agent-passive_market_maker",
    "order_id": "scenario-420-passive_market_maker-agent-passive_market_maker-24",
    "action": "new",
    "side": "buy",
    "price": 65354.58,
    "quantity": 0.01,
    "remaining_quantity": 0.01
  },
  {
    "event_id": "9cf1515fd477bab3ccae6b0e2fe3f66163172ccaf866100b39e4df1debb4ac81",
    "schema_version": "1.0.0",
    "event_type": "agent_order",
    "source": "synthetic_agent",
    "symbol": "BTCUSDT",
    "exchange": "binance_usdm",
    "timestamp": "2024-05-01T00:00:02.500000Z",
    "sequence": 25,
    "scenario_id": "scenario-420-passive_market_maker",
    "agent_id": "agent-passive_market_maker",
    "order_id": "scenario-420-passive_market_maker-agent-passive_market_maker-25",
    "action": "new",
    "side": "sell",
    "price": 65485.41999999999,
    "quantity": 0.01,
    "remaining_quantity": 0.01
  },
  {
    "event_id": "2ab7e39f36ac811610818678585501fbcd9a8132b797ed68d969313e3dbe8fd1",
    "schema_version": "1.0.0",
    "event_type": "agent_order",
    "source": "synthetic_agent",
    "symbol": "BTCUSDT",
    "exchange": "binance_usdm",
    "timestamp": "2024-05-01T00:00:02.600000Z",
    "sequence": 26,
    "scenario_id": "scenario-420-passive_market_maker",
    "agent_id": "agent-passive_market_maker",
    "order_id": "scenario-420-passive_market_maker-agent-passive_market_maker-26",
    "action": "new",
    "side": "buy",
    "price": 65354.58,
    "quantity": 0.01,
    "remaining_quantity": 0.01
  },
  {
    "event_id": "065e799df807068f31e36ec936e0882723102d64882963ee80ae18c28c332e2a",
    "schema_version": "1.0.0",
    "event_type": "agent_order",
    "source": "synthetic_agent",
    "symbol": "BTCUSDT",
    "exchange": "binance_usdm",
    "timestamp": "2024-05-01T00:00:02.700000Z",
    "sequence": 27,
    "scenario_id": "scenario-420-passive_market_maker",
    "agent_id": "agent-passive_market_maker",
    "order_id": "scenario-420-passive_market_maker-agent-passive_market_maker-27",
    "action": "new",
    "side": "sell",
    "price": 65485.41999999999,
    "quantity": 0.01,
    "remaining_quantity": 0.01
  },
  {
    "event_id": "a1b6db34d3e01ede19ff922901dbf9fb15f09bbf2432f0b3f633e0877092f6c4",
    "schema_version": "1.0.0",
    "event_type": "agent_order",
    "source": "synthetic_agent",
    "symbol": "BTCUSDT",
    "exchange": "binance_usdm",
    "timestamp": "2024-05-01T00:00:02.800000Z",
    "sequence": 28,
    "scenario_id": "scenario-420-passive_market_maker",
    "agent_id": "agent-passive_market_maker",
    "order_id": "scenario-420-passive_market_maker-agent-passive_market_maker-28",
    "action": "new",
    "side": "buy",
    "price": 65354.58,
    "quantity": 0.01,
    "remaining_quantity": 0.01
  },
  {
    "event_id": "69c0934c560f7d15388055b47226afe757abb008da89bbc32571d2066987ee70",
    "schema_version": "1.0.0",
    "event_type": "agent_order",
    "source": "synthetic_agent",
    "symbol": "BTCUSDT",
    "exchange": "binance_usdm",
    "timestamp": "2024-05-01T00:00:02.900000Z",
    "sequence": 29,
    "scenario_id": "scenario-420-passive_market_maker",
    "agent_id": "agent-passive_market_maker",
    "order_id": "scenario-420-passive_market_maker-agent-passive_market_maker-29",
    "action": "new",
    "side": "sell",
    "price": 65485.41999999999,
    "quantity": 0.01,
    "remaining_quantity": 0.01
  }
]