[
  {
    "event_id": "578a72447539a61246c4398edb13b2ad339e3fd23edd9a331fbaf1cf140b3893",
    "schema_version": "1.0.0",
    "event_type": "agent_order",
    "source": "synthetic_agent",
    "symbol": "BTCUSDT",
    "exchange": "binance_usdm",
    "timestamp": "2024-05-01T00:00:00Z",
    "sequence": 0,
    "scenario_id": "scenario-441-stop_run_sweep",
    "agent_id": "agent-stop_run_sweep",
    "order_id": "scenario-441-stop_run_sweep-agent-stop_run_sweep-0",
    "action": "new",
    "side": "buy",
    "price": 65506.44099999999,
    "quantity": 0.06,
    "remaining_quantity": 0.06
  },
  {
    "event_id": "f08075e476c2b8a5b24c7296add558f010a8e4d370b0e9bf1666bc1a736dd0b0",
    "schema_version": "1.0.0",
    "event_type": "agent_order",
    "source": "synthetic_agent",
    "symbol": "BTCUSDT",
    "exchange": "binance_usdm",
    "timestamp": "2024-05-01T00:00:00.030000Z",
    "sequence": 1,
    "scenario_id": "scenario-441-stop_run_sweep",
    "agent_id": "agent-stop_run_sweep",
    "order_id": "scenario-441-stop_run_sweep-agent-stop_run_sweep-1",
    "action": "new",
    "side": "buy",
    "price": 65509.71305,
    "quantity": 0.06,
    "remaining_quantity": 0.06
  },
  {
    "event_id": "033e29e317aef69b1f54f30ae036e294c7fd5580bfe553e52ece820dd97d96b2",
    "schema_version": "1.0.0",
    "event_type": "agent_order",
    "source": "synthetic_agent",
    "symbol": "BTCUSDT",
    "exchange": "binance_usdm",
    "timestamp": "2024-05-01T00:00:00.060000Z",
    "sequence": 2,
    "scenario_id": "scenario-441-stop_run_sweep",
    "agent_id": "agent-stop_run_sweep",
    "order_id": "scenario-441-stop_run_sweep-agent-stop_run_sweep-2",
    "action": "new",
    "side": "buy",
    "price": 65512.98509999999,
    "quantity": 0.06,
    "remaining_quantity": 0.06
  },
  {
    "event_id": "c0b7072fd9b9819fc5b0da10710e1ac85ec8c45fd702f0534dd565fbf3b3e805",
    "schema_version": "1.0.0",
    "event_type": "agent_order",
    "source": "synthetic_agent",
    "symbol": "BTCUSDT",
    "exchange": "binance_usdm",
    "timestamp": "2024-05-01T00:00:00.090000Z",
    "sequence": 3,
    "scenario_id": "scenario-441-stop_run_sweep",
    "agent_id": "agent-stop_run_sweep",
    "order_id": "scenario-441-stop_run_sweep-agent-stop_run_sweep-3",
    "action": "new",
    "side": "buy",
    "price": 65516.25715,
    "quantity": 0.06,
    "remaining_quantity": 0.06
  },
  {
    "event_id": "a6c4ce7596a1e41b5b34ca79549e86539b7f51b794ff111cdb271beda73acdca",
    "schema_version": "1.0.0",
    "event_type": "agent_order",
    "source": "synthetic_agent",
    "symbol": "BTCUSDT",
    "exchange": "binance_usdm",
    "timestamp": "2024-05-01T00:00:00.120000Z",
    "sequence": 4,
    "scenario_id": "scenario-441-stop_run_sweep",
    "agent_id": "agent-stop_run_sweep",
    "order_id": "scenario-441-stop_run_sweep-agent-stop_run_sweep-4",
    "action": "new",
    "side": "buy",
    "price": 65519.52919999999,
    "quantity": 0.06,
    "remaining_quantity": 0.06
  },
  {
    "event_id": "b1cdbc563d59d3273b1e047c9c97f4d8184dfd5f1bd9667e64894b7a9cd752ad",
    "schema_version": "1.0.0",
    "event_type": "agent_order",
    "source": "synthetic_agent",
    "symbol": "BTCUSDT",
    "exchange": "binance_usdm",
    "timestamp": "2024-05-01T00:00:00.150000Z",
    "sequence": 5,
    "scenario_id": "scenario-441-stop_run_sweep",
    "agent_id": "agent-stop_run_sweep",
    "order_id": "scenario-441-stop_run_sweep-agent-stop_run_sweep-5",
    "action": "new",
    "side": "buy",
    "price": 65522.80125,
    "quantity": 0.06,
    "remaining_quantity": 0.06
  },
  {
    "event_id": "61353ceaca072cbb63842c945d25841a6a617b2248b727420228c6ff020cda15",
    "schema_version": "1.0.0",
    "event_type": "agent_order",
    "source": "synthetic_agent",
    "symbol": "BTCUSDT",
    "exchange": "binance_usdm",
    "timestamp": "2024-05-01T00:00:00.180000Z",
    "sequence": 6,
    "scenario_id": "scenario-441-stop_run_sweep",
    "agent_id": "agent-stop_run_sweep",
    "order_id": "scenario-441-stop_run_sweep-agent-stop_run_sweep-6",
    "action": "new",
    "side": "buy",
    "price": 65526.07329999999,
    "quantity": 0.06,
    "remaining_quantity": 0.06
  },
  {
    "event_id": "c24522577074d6587a1b28f361fea50cc73b57fe058993e056a1b7fd308abdf7",
    "schema_version": "1.0.0",
    "event_type": "agent_order",
    "source": "synthetic_agent",
    "symbol": "BTCUSDT",
    "exchange": "binance_usdm",
    "timestamp": "2024-05-01T00:00:00.210000Z",
    "sequence": 7,
    "scenario_id": "scenario-441-stop_run_sweep",
    "agent_id": "agent-stop_run_sweep",
    "order_id": "scenario-441-stop_run_sweep-agent-stop_run_sweep-7",
    "action": "new",
    "side": "buy",
    "price": 65529.345349999996,
    "quantity": 0.06,
    "remaining_quantity": 0.06
  },
  {
    "event_id": "b3eb0cbf0483336d5f611933358b26b9cd113476b31631814a6b58de70e712c7",
    "schema_version": "1.0.0",
    "event_type": "agent_order",
    "source": "synthetic_agent",
    "symbol": "BTCUSDT",
    "exchange": "binance_usdm",
    "timestamp": "2024-05-01T00:00:00.240000Z",
    "sequence": 8,
    "scenario_id": "scenario-441-stop_run_sweep",
    "agent_id": "agent-stop_run_sweep",
    "order_id": "scenario-441-stop_run_sweep-agent-stop_run_sweep-8",
    "action": "new",
    "side": "buy",
    "price": 65532.61739999999,
    "quantity": 0.06,
    "remaining_quantity": 0.06
  },
  {
    "event_id": "226f7eaf5ca7afb4ef7910746fe0d137acddec824dc9af843dda3958d827a1e7",
    "schema_version": "1.0.0",
    "event_type": "agent_order",
    "source": "synthetic_agent",
    "symbol": "BTCUSDT",
    "exchange": "binance_usdm",
    "timestamp": "2024-05-01T00:00:00.270000Z",
    "sequence": 9,
    "scenario_id": "scenario-441-stop_run_sweep",
    "agent_id": "agent-stop_run_sweep",
    "order_id": "scenario-441-stop_run_sweep-agent-stop_run_sweep-9",
    "action": "new",
    "side": "buy",
    "price": 65535.889449999995,
    "quantity": 0.06,
    "remaining_quantity": 0.06
  },
  {
    "event_id": "bbff49b9c82598f59bc45c8127092e14220e75f7e0286509f546e34ac97e7789",
    "schema_version": "1.0.0",
    "event_type": "agent_order",
    "source": "synthetic_agent",
    "symbol": "BTCUSDT",
    "exchange": "binance_usdm",
    "timestamp": "2024-05-01T00:00:00.300000Z",
    "sequence": 10,
    "scenario_id": "scenario-441-stop_run_sweep",
    "agent_id": "agent-stop_run_sweep",
    "order_id": "scenario-441-stop_run_sweep-agent-stop_run_sweep-10",
    "action": "new",
    "side": "buy",
    "price": 65539.16149999999,
    "quantity": 0.06,
    "remaining_quantity": 0.06
  },
  {
    "event_id": "687fed9f70592809c31042bfc7dd751943b34529bbd248a2811279a89dc5423a",
    "schema_version": "1.0.0",
    "event_type": "agent_order",
    "source": "synthetic_agent",
    "symbol": "BTCUSDT",
    "exchange": "binance_usdm",
    "timestamp": "2024-05-01T00:00:00.330000Z",
    "sequence": 11,
    "scenario_id": "scenario-441-stop_run_sweep",
    "agent_id": "agent-stop_run_sweep",
    "order_id": "scenario-441-stop_run_sweep-agent-stop_run_sweep-11",
    "action": "new",
    "side": "buy",
    "price": 65542.43355,
    "quantity": 0.06,
    "remaining_quantity": 0.06
  },
  {
    "event_id": "7cba9cf10e188eb20820d19860538b0a6667e9814deb0c689f2d2b5a33d89cb2",
    "schema_version": "1.0.0",
    "event_type": "agent_order",
    "source": "synthetic_agent",
    "symbol": "BTCUSDT",
    "exchange": "binance_usdm",
    "timestamp": "2024-05-01T00:00:00.360000Z",
    "sequence": 12,
    "scenario_id": "scenario-441-stop_run_sweep",
    "agent_id": "agent-stop_run_sweep",
    "order_id": "scenario-441-stop_run_sweep-agent-stop_run_sweep-12",
    "action": "new",
    "side": "buy",
    "price": 65545.70559999999,
    "quantity": 0.06,
    "remaining_quantity": 0.06
  },
  {
    "event_id": "37a6c4defc3fe54b1f5be0042118dfa5c2e05de18a0307144901a96686149959",
    "schema_version": "1.0.0",
    "event_type": "agent_order",
    "source": "synthetic_agent",
    "symbol": "BTCUSDT",
    "exchange": "binance_usdm",
    "timestamp": "2024-05-01T00:00:00.390000Z",
    "sequence": 13,
    "scenario_id": "scenario-441-stop_run_sweep",
    "agent_id": "agent-stop_run_sweep",
    "order_id": "scenario-441-stop_run_sweep-agent-stop_run_sweep-13",
    "action": "new",
    "side": "buy",
    "price": 65548.97765,
    "quantity": 0.06,
    "remaining_quantity": 0.06
  },
  {
    "event_id": "25544b3ab76827072173922505d0f99dfcb2e69edd2c10136457d072e5c4bddd",
    "schema_version": "1.0.0",
    "event_type": "agent_order",
    "source": "synthetic_agent",
    "symbol": "BTCUSDT",
    "exchange": "binance_usdm",
    "timestamp": "2024-05-01T00:00:00.420000Z",
    "sequence": 14,
    "scenario_id": "scenario-441-stop_run_sweep",
    "agent_id": "agent-stop_run_sweep",
    "order_id": "scenario-441-stop_run_sweep-agent-stop_run_sweep-14",
    "action": "new",
    "side": "buy",
    "price": 65552.24969999999,
    "quantity": 0.06,
    "remaining_quantity": 0.06
  },
  {
    "event_id": "fa36889b51d6b63ab5a2e9386d8b0fe3b2ff87bd59994434a15217a351db68c3",
    "schema_version": "1.0.0",
    "event_type": "agent_order",
    "source": "synthetic_agent",
    "symbol": "BTCUSDT",
    "exchange": "binance_usdm",
    "timestamp": "2024-05-01T00:00:00.450000Z",
    "sequence": 15,
    "scenario_id": "scenario-441-stop_run_sweep",
    "agent_id": "agent-stop_run_sweep",
    "order_id": "scenario-441-stop_run_sweep-agent-stop_run_sweep-15",
    "action": "new",
    "side": "buy",
    "price": 65555.52175,
    "quantity": 0.06,
    "remaining_quantity": 0.06
  },
  {
    "event_id": "1b942914fa395015cec7d47a196baf433b29f42479223b9aadfaa0b45642df6e",
    "schema_version": "1.0.0",
    "event_type": "agent_order",
    "source": "synthetic_agent",
    "symbol": "BTCUSDT",
    "exchange": "binance_usdm",
    "timestamp": "2024-05-01T00:00:00.480000Z",
    "sequence": 16,
    "scenario_id": "scenario-441-stop_run_sweep",
    "agent_id": "agent-stop_run_sweep",
    "order_id": "scenario-441-stop_run_sweep-agent-stop_run_sweep-16",
    "action": "new",
    "side": "buy",
    "price": 65558.79379999998,
    "quantity": 0.06,
    "remaining_quantity": 0.06
  },
  {
    "event_id": "0b060368f11ca5e1fe2ffd1646f4c85893790fe9cdfcf1b36f934b3d8f24531b",
    "schema_version": "1.0.0",
    "event_type": "agent_order",
    "source": "synthetic_agent",
    "symbol": "BTCUSDT",
    "exchange": "binance_usdm",
    "timestamp": "2024-05-01T00:00:00.510000Z",
    "sequence": 17,
    "scenario_id": "scenario-441-stop_run_sweep",
    "agent_id": "agent-stop_run_sweep",
    "order_id": "scenario-441-stop_run_sweep-agent-stop_run_sweep-17",
    "action": "new",
    "side": "buy",
    "price": 65562.06585,
    "quantity": 0.06,
    "remaining_quantity": 0.06
  },
  {
    "event_id": "bd075782eb353b4f55a7898a6ce02bce22f51424af421156097bb8e964f1e7c3",
    "schema_version": "1.0.0",
    "event_type": "agent_order",
    "source": "synthetic_agent",
    "symbol": "BTCUSDT",
    "exchange": "binance_usdm",
    "timestamp": "2024-05-01T00:00:00.540000Z",
    "sequence": 18,
    "scenario_id": "scenario-441-stop_run_sweep",
    "agent_id": "agent-stop_run_sweep",
    "order_id": "scenario-441-stop_run_sweep-agent-stop_run_sweep-18",
    "action": "new",
    "side": "buy",
    "price": 65565.33789999998,
    "quantity": 0.06,
    "remaining_quantity": 0.06
  },
  {
    "event_id": "de1d3c938b41291ea1928b3e1f85ee2db53500f9c7a0d1a97d0503f2679057cc",
    "schema_version": "1.0.0",
    "event_type": "agent_order",
    "source": "synthetic_agent",
    "symbol": "BTCUSDT",
    "exchange": "binance_usdm",
    "timestamp": "2024-05-01T00:00:00.570000Z",
    "sequence": 19,
    "scenario_id": "scenario-441-stop_run_sweep",
    "agent_id": "agent-stop_run_sweep",
    "order_id": "scenario-441-stop_run_sweep-agent-stop_run_sweep-19",
    "action": "new",
    "side": "buy",
    "price": 65568.60995,
    "quantity": 0.06,
    "remaining_quantity": 0.06
  },
  {
    "event_id": "da936fcdabc5ad752257dd55ba7bddda5dfdce877003955788faacf578bce597",
    "schema_version": "1.0.0",
    "event_type": "agent_order",
    "source": "synthetic_agent",
    "symbol": "BTCUSDT",
    "exchange": "binance_usdm",
    "timestamp": "2024-05-01T00:00:00.600000Z",
    "sequence": 20,
    "scenario_id": "scenario-441-stop_run_sweep",
    "agent_id": "agent-stop_run_sweep",
    "order_id": "scenario-441-stop_run_sweep-agent-stop_run_sweep-20",
    "action": "new",
    "side": "buy",
    "price": 65571.88199999998,
    "quantity": 0.06,
    "remaining_quantity": 0.06
  },
  {
    "event_id": "07568ff65922107bf07f90351524fbc68ae766c006044766e96a2ebd53d6e4cb",
    "schema_version": "1.0.0",
    "event_type": "agent_order",
    "source": "synthetic_agent",
    "symbol": "BTCUSDT",
    "exchange": "binance_usdm",
    "timestamp": "2024-05-01T00:00:00.630000Z",
    "sequence": 21,
    "scenario_id": "scenario-441-stop_run_sweep",
    "agent_id": "agent-stop_run_sweep",
    "order_id": "scenario-441-stop_run_sweep-agent-stop_run_sweep-21",
    "action": "new",
    "side": "buy",
    "price": 65575.15405,
    "quantity": 0.06,
    "remaining_quantity": 0.06
  },
  {
    "event_id": "115e47e53090c96c9284b13bf762731ad4d0fb934b4bc722a5e3cf94ad69fb75",
    "schema_version": "1.0.0",
    "event_type": "agent_order",
    "source": "synthetic_agent",
    "symbol": "BTCUSDT",
    "exchange": "binance_usdm",
    "timestamp": "2024-05-01T00:00:00.660000Z",
    "sequence": 22,
    "scenario_id": "scenario-441-stop_run_sweep",
    "agent_id": "agent-stop_run_sweep",
    "order_id": "scenario-441-stop_run_sweep-agent-stop_run_sweep-22",
    "action": "new",
    "side": "buy",
    "price": 65578.4261,
    "quantity": 0.06,
    "remaining_quantity": 0.06
  },
  {
    "event_id": "48b0ddf607bb1d61773f7efe2248d640959b93a502a3108db204ce3c2f3f33e3",
    "schema_version": "1.0.0",
    "event_type": "agent_order",
    "source": "synthetic_agent",
    "symbol": "BTCUSDT",
    "exchange": "binance_usdm",
    "timestamp": "2024-05-01T00:00:00.690000Z",
    "sequence": 23,
    "scenario_id": "scenario-441-stop_run_sweep",
    "agent_id": "agent-stop_run_sweep",
    "order_id": "scenario-441-stop_run_sweep-agent-stop_run_sweep-23",
    "action": "new",
    "side": "buy",
    "price": 65581.69815,
    "quantity": 0.06,
    "remaining_quantity": 0.06
  },
  {
    "event_id": "c16c20f25f455ee211bef8a547e652328fd2d354934f49bcf21b3b18c7e2fb43",
    "schema_version": "1.0.0",
    "event_type": "agent_order",
    "source": "synthetic_agent",
    "symbol": "BTCUSDT",
    "exchange": "binance_usdm",
    "timestamp": "2024-05-01T00:00:00.720000Z",
    "sequence": 24,
    "scenario_id": "scenario-441-stop_run_sweep",
    "agent_id": "agent-stop_run_sweep",
    "order_id": "scenario-441-stop_run_sweep-agent-stop_run_sweep-24",
    "action": "new",
    "side": "buy",
    "price": 65584.9702,
    "quantity": 0.06,
    "remaining_quantity": 0.06
  },
  {
    "event_id": "b861dc5e0b82123b15330a0cdf8981df1a93f080f2528ce9b420b1e4984191e8",
    "schema_version": "1.0.0",
    "event_type": "agent_order",
    "source": "synthetic_agent",
    "symbol": "BTCUSDT",
    "exchange": "binance_usdm",
    "timestamp": "2024-05-01T00:00:00.750000Z",
    "sequence": 25,
    "scenario_id": "scenario-441-stop_run_sweep",
    "agent_id": "agent-stop_run_sweep",
    "order_id": "scenario-441-stop_run_sweep-agent-stop_run_sweep-25",
    "action": "new",
    "side": "buy",
    "price": 65588.24225,
    "quantity": 0.06,
    "remaining_quantity": 0.06
  },
  {
    "event_id": "9ef24079a837f74818c7e4b43c414bc4967c8c439d4cef6785186ebdec15085c",
    "schema_version": "1.0.0",
    "event_type": "agent_order",
    "source": "synthetic_agent",
    "symbol": "BTCUSDT",
    "exchange": "binance_usdm",
    "timestamp": "2024-05-01T00:00:00.780000Z",
    "sequence": 26,
    "scenario_id": "scenario-441-stop_run_sweep",
    "agent_id": "agent-stop_run_sweep",
    "order_id": "scenario-441-stop_run_sweep-agent-stop_run_sweep-26",
    "action": "new",
    "side": "buy",
    "price": 65591.5143,
    "quantity": 0.06,
    "remaining_quantity": 0.06
  },
  {
    "event_id": "2cd5a48fcabe509910fbaf024b5cd81e7ec7baaa900e4766eb88bbad8abcfb90",
    "schema_version": "1.0.0",
    "event_type": "agent_order",
    "source": "synthetic_agent",
    "symbol": "BTCUSDT",
    "exchange": "binance_usdm",
    "timestamp": "2024-05-01T00:00:00.810000Z",
    "sequence": 27,
    "scenario_id": "scenario-441-stop_run_sweep",
    "agent_id": "agent-stop_run_sweep",
    "order_id": "scenario-441-stop_run_sweep-agent-stop_run_sweep-27",
    "action": "new",
    "side": "buy",
    "price": 65594.78635,
    "quantity": 0.06,
    "remaining_quantity": 0.06
  },
  {
    "event_id": "d7974e9d7782e85c0ee5a885bb38624c28f4a2ea268d7a40ed776ac52996260b",
    "schema_version": "1.0.0",
    "event_type": "agent_order",
    "source": "synthetic_agent",
    "symbol": "BTCUSDT",
    "exchange": "binance_usdm",
    "timestamp": "2024-05-01T00:00:00.840000Z",
    "sequence": 28,
    "scenario_id": "scenario-441-stop_run_sweep",
    "agent_id": "agent-stop_run_sweep",
    "order_id": "scenario-441-stop_run_sweep-agent-stop_run_sweep-28",
    "action": "new",
    "side": "buy",
    "price": 65598.0584,
    "quantity": 0.06,
    "remaining_quantity": 0.06
  },
  {
    "event_id": "86ffa9b75915a8b7aa1878be2b02181a79206270f7791f2542bd6a24d4897cdd",
    "schema_version": "1.0.0",
    "event_type": "agent_order",
    "source": "synthetic_agent",
    "symbol": "BTCUSDT",
    "exchange": "binance_usdm",
    "timestamp": "2024-05-01T00:00:00.870000Z",
    "sequence": 29,
    "scenario_id": "scenario-441-stop_run_sweep",
    "agent_id": "agent-stop_run_sweep",
    "order_id": "scenario-441-stop_run_sweep-agent-stop_run_sweep-29",
    "action": "new",
    "side": "buy",
    "price": 65601.33045,
    "quantity": 0.06,
    "remaining_quantity": 0.06
  }
]