[
  {
    "event_id": "c149c74172469a40991692c630d04414913d0170c30be106eb571259bcfc8b52",
    "schema_version": "1.0.0",
    "event_type": "agent_order",
    "source": "synthetic_agent",
    "symbol": "BTCUSDT",
    "exchange": "binance_usdm",
    "timestamp": "2024-05-01T00:00:00Z",
    "sequence": 0,
    "scenario_id": "scenario-170-inventory_rebalancer",
    "agent_id": "agent-inventory_rebalancer",
    "order_id": "scenario-170-inventory_rebalancer-agent-inventory_rebalancer-0",
    "action": "new",
    "side": "sell",
    "price": 65170.0,
    "quantity": 0.004,
    "remaining_quantity": 0.004
  },
  {
    "event_id": "1e6c6a267ea99255481eefe3e5c7a6283fd634c5d564ef75a09140e2d136d9e8",
    "schema_version": "1.0.0",
    "event_type": "agent_order",
    "source": "synthetic_agent",
    "symbol": "BTCUSDT",
    "exchange": "binance_usdm",
    "timestamp": "2024-05-01T00:00:00.750000Z",
    "sequence": 1,
    "scenario_id": "scenario-170-inventory_rebalancer",
    "agent_id": "agent-inventory_rebalancer",
    "order_id": "scenario-170-inventory_rebalancer-agent-inventory_rebalancer-1",
    "action": "new",
    "side": "buy",
    "price": 65170.0,
    "quantity": 0.004,
    "remaining_quantity": 0.004
  },
  {
    "event_id": "7788c3e79d6abd45820715d5f662fc50af62e76189e815d43099e8dfd733810d",
    "schema_version": "1.0.0",
    "event_type": "agent_order",
    "source": "synthetic_agent",
    "symbol": "BTCUSDT",
    "exchange": "binance_usdm",
    "timestamp": "2024-05-01T00:00:01.500000Z",
    "sequence": 2,
    "scenario_id": "scenario-170-inventory_rebalancer",
    "agent_id": "agent-inventory_rebalancer",
    "order_id": "scenario-170-inventory_rebalancer-agent-inventory_rebalancer-2",
    "action": "new",
    "side": "buy",
    "price": 65170.0,
    "quantity": 0.004,
    "remaining_quantity": 0.004
  },
  {
    "event_id": "130227d53b3b7500f0d8617bfade814ed95913955bd05a88224f9787bcf7e96c",
    "schema_version": "1.0.0",
    "event_type": "agent_order",
    "source": "synthetic_agent",
    "symbol": "BTCUSDT",
    "exchange": "binance_usdm",
    "timestamp": "2024-05-01T00:00:02.250000Z",
    "sequence": 3,
    "scenario_id": "scenario-170-inventory_rebalancer",
    "agent_id": "agent-inventory_rebalancer",
    "order_id": "scenario-170-inventory_rebalancer-agent-inventory_rebalancer-3",
    "action": "new",
    "side": "sell",
    "price": 65170.0,
    "quantity": 0.004,
    "remaining_quantity": 0.004
  },
  {
    "event_id": "9f7c9d8b66c81813f7bfbbbb17ad6faecfc9e68b53a69bb1f0588c142c08b03e",
    "schema_version": "1.0.0",
    "event_type": "agent_order",
    "source": "synthetic_agent",
    "symbol": "BTCUSDT",
    "exchange": "binance_usdm",
    "timestamp": "2024-05-01T00:00:03Z",
    "sequence": 4,
    "scenario_id": "scenario-170-inventory_rebalancer",
    "agent_id": "agent-inventory_rebalancer",
    "order_id": "scenario-170-inventory_rebalancer-agent-inventory_rebalancer-4",
    "action": "new",
    "side": "buy",
    "price": 65170.0,
    "quantity": 0.004,
    "remaining_quantity": 0.004
  },
  {
    "event_id": "10636f05e403b8ac289214f7129cfdb0e80d80a72c0de0c217a5271bd4178eb0",
    "schema_version": "1.0.0",
    "event_type": "agent_order",
    "source": "synthetic_agent",
    "symbol": "BTCUSDT",
    "exchange": "binance_usdm",
    "timestamp": "2024-05-01T00:00:03.750000Z",
    "sequence": 5,
    "scenario_id": "scenario-170-inventory_rebalancer",
    "agent_id": "agent-inventory_rebalancer",
    "order_id": "scenario-170-inventory_rebalancer-agent-inventory_rebalancer-5",
    "action": "new",
    "side": "buy",
    "price": 65170.0,
    "quantity": 0.004,
    "remaining_quantity": 0.004
  },
  {
    "event_id": "cafde634ad44781f15223cf2438897d216a6508837571d7e88e65be0c6835367",
    "schema_version": "1.0.0",
    "event_type": "agent_order",
    "source": "synthetic_agent",
    "symbol": "BTCUSDT",
    "exchange": "binance_usdm",
    "timestamp": "2024-05-01T00:00:04.500000Z",
    "sequence": 6,
    "scenario_id": "scenario-170-inventory_rebalancer",
    "agent_id": "agent-inventory_rebalancer",
    "order_id": "scenario-170-inventory_rebalancer-agent-inventory_rebalancer-6",
    "action": "new",
    "side": "sell",
    "price": 65170.0,
    "quantity": 0.004,
    "remaining_quantity": 0.004
  },
  {
    "event_id": "34b9f44043e9ae02a0a31184011411bba53019852ac36f34694a2469aeae4f4b",
    "schema_version": "1.0.0",
    "event_type": "agent_order",
    "source": "synthetic_agent",
    "symbol": "BTCUSDT",
    "exchange": "binance_usdm",
    "timestamp": "2024-05-01T00:00:05.250000Z",
    "sequence": 7,
    "scenario_id": "scenario-170-inventory_rebalancer",
    "agent_id": "agent-inventory_rebalancer",
    "order_id": "scenario-170-inventory_rebalancer-agent-inventory_rebalancer-7",
    "action": "new",
    "side": "buy",
    "price": 65170.0,
    "quantity": 0.004,
    "remaining_quantity": 0.004
  },
  {
    "event_id": "93f78243525d28c2596ffab989892be585c233ba3c7acb16975359726b8c94dd",
    "schema_version": "1.0.0",
    "event_type": "agent_order",
    "source": "synthetic_agent",
    "symbol": "BTCUSDT",
    "exchange": "binance_usdm",
    "timestamp": "2024-05-01T00:00:06Z",
    "sequence": 8,
    "scenario_id": "scenario-170-inventory_rebalancer",
    "agent_id": "agent-inventory_rebalancer",
    "order_id": "scenario-170-inventory_rebalancer-agent-inventory_rebalancer-8",
    "action": "new",
    "side": "buy",
    "price": 65170.0,
    "quantity": 0.004,
    "remaining_quantity": 0.004
  },
  {
    "event_id": "a980a3343a299237a641f4301a9389c0b74866beea11416a6a74ff40b36c4b50",
    "schema_version": "1.0.0",
    "event_type": "agent_order",
    "source": "synthetic_agent",
    "symbol": "BTCUSDT",
    "exchange": "binance_usdm",
    "timestamp": "2024-05-01T00:00:06.750000Z",
    "sequence": 9,
    "scenario_id": "scenario-170-inventory_rebalancer",
    "agent_id": "agent-inventory_rebalancer",
    "order_id": "scenario-170-inventory_rebalancer-agent-inventory_rebalancer-9",
    "action": "new",
    "side": "sell",
    "price": 65170.0,
    "quantity": 0.004,
    "remaining_quantity": 0.004
  },
  {
    "event_id": "31ddc020b9ded54ded6ae6a3fde4abf7cc329be09971cf745c8a53b4c0fd589e",
    "schema_version": "1.0.0",
    "event_type": "agent_order",
    "source": "synthetic_agent",
    "symbol": "BTCUSDT",
    "exchange": "binance_usdm",
    "timestamp": "2024-05-01T00:00:07.500000Z",
    "sequence": 10,
    "scenario_id": "scenario-170-inventory_rebalancer",
    "agent_id": "agent-inventory_rebalancer",
    "order_id": "scenario-170-inventory_rebalancer-agent-inventory_rebalancer-10",
    "action": "new",
    "side": "buy",
    "price": 65170.0,
    "quantity": 0.004,
    "remaining_quantity": 0.004
  },
  {
    "event_id": "2f71923ab3ffd224d2d95dc9d8bd3eea2d1a2c18c9df2437d49f83704173021f",
    "schema_version": "1.0.0",
    "event_type": "agent_order",
    "source": "synthetic_agent",
    "symbol": "BTCUSDT",
    "exchange": "binance_usdm",
    "timestamp": "2024-05-01T00:00:08.250000Z",
    "sequence": 11,
    "scenario_id": "scenario-170-inventory_rebalancer",
    "agent_id": "agent-inventory_rebalancer",
    "order_id": "scenario-170-inventory_rebalancer-agent-inventory_rebalancer-11",
    "action": "new",
    "side": "buy",
    "price": 65170.0,
    "quantity": 0.004,
    "remaining_quantity": 0.004
  },
  {
    "event_id": "c234e061e34f17c4692017fa4cdd2d48d6825eaf0c36a4808c54dfac2d218baf",
    "schema_version": "1.0.0",
    "event_type": "agent_order",
    "source": "synthetic_agent",
    "symbol": "BTCUSDT",
    "exchange": "binance_usdm",
    "timestamp": "2024-05-01T00:00:09Z",
    "sequence": 12,
    "scenario_id": "scenario-170-inventory_rebalancer",
    "agent_id": "agent-inventory_rebalancer",
    "order_id": "scenario-170-inventory_rebalancer-agent-inventory_rebalancer-12",
    "action": "new",
    "side": "sell",
    "price": 65170.0,
    "quantity": 0.004,
    "remaining_quantity": 0.004
  },
  {
    "event_id": "a86157b96555643615a9a30a4f445cfa5ae6609b0abb9feaa11eb17c46fc3445",
    "schema_version": "1.0.0",
    "event_type": "agent_order",
    "source": "synthetic_agent",
    "symbol": "BTCUSDT",
    "exchange": "binance_usdm",
    "timestamp": "2024-05-01T00:00:09.750000Z",
    "sequence": 13,
    "scenario_id": "scenario-170-inventory_rebalancer",
    "agent_id": "agent-inventory_rebalancer",
    "order_id": "scenario-170-inventory_rebalancer-agent-inventory_rebalancer-13",
    "action": "new",
    "side": "buy",
    "price": 65170.0,
    "quantity": 0.004,
    "remaining_quantity": 0.004
  },
  {
    "event_id": "b9d868798e8060087a0a5f8cf019cd533dc973762d6f8d1ad24c3a5c29eac123",
    "schema_version": "1.0.0",
    "event_type": "agent_order",
    "source": "synthetic_agent",
    "symbol": "BTCUSDT",
    "exchange": "binance_usdm",
    "timestamp": "2024-05-01T00:00:10.500000Z",
    "sequence": 14,
    "scenario_id": "scenario-170-inventory_rebalancer",
    "agent_id": "agent-inventory_rebalancer",
    "order_id": "scenario-170-inventory_rebalancer-agent-inventory_rebalancer-14",
    "action": "new",
    "side": "buy",
    "price": 65170.0,
    "quantity": 0.004,
    "remaining_quantity": 0.004
  },
  {
    "event_id": "44203a17ce9c9c983a25989ffd712c2cced1b9c26c2a48f0f1ccbb21c2f6ed06",
    "schema_version": "1.0.0",
    "event_type": "agent_order",
    "source": "synthetic_agent",
    "symbol": "BTCUSDT",
    "exchange": "binance_usdm",
    "timestamp": "2024-05-01T00:00:11.250000Z",
    "sequence": 15,
    "scenario_id": "scenario-170-inventory_rebalancer",
    "agent_id": "agent-inventory_rebalancer",
    "order_id": "scenario-170-inventory_rebalancer-agent-inventory_rebalancer-15",
    "action": "new",
    "side": "sell",
    "price": 65170.0,
    "quantity": 0.004,
    "remaining_quantity": 0.004
  },
  {
    "event_id": "0970236154b88852225e6dbee66c39aa772d1d8763f846c35032186bfb6930a3",
    "schema_version": "1.0.0",
    "event_type": "agent_order",
    "source": "synthetic_agent",
    "symbol": "BTCUSDT",
    "exchange": "binance_usdm",
    "timestamp": "2024-05-01T00:00:12Z",
    "sequence": 16,
    "scenario_id": "scenario-170-inventory_rebalancer",
    "agent_id": "agent-inventory_rebalancer",
    "order_id": "scenario-170-inventory_rebalancer-agent-inventory_rebalancer-16",
    "action": "new",
    "side": "buy",
    "price": 65170.0,
    "quantity": 0.004,
    "remaining_quantity": 0.004
  },
  {
    "event_id": "3f4a8752339cbb3eebb0b5583e58a0bbf696c9e47ea3dcfe26a2157a07347276",
    "schema_version": "1.0.0",
    "event_type": "agent_order",
    "source": "synthetic_agent",
    "symbol": "BTCUSDT",
    "exchange": "binance_usdm",
    "timestamp": "2024-05-01T00:00:12.750000Z",
    "sequence": 17,
    "scenario_id": "scenario-170-inventory_rebalancer",
    "agent_id": "agent-inventory_rebalancer",
    "order_id": "scenario-170-inventory_rebalancer-agent-inventory_rebalancer-17",
    "action": "new",
    "side": "buy",
    "price": 65170.0,
    "quantity": 0.004,
    "remaining_quantity": 0.004
  },
  {
    "event_id": "5e0d3e9926ab7d7c8f5974a1d41ca677ed3efd84a41ff5f81909a92cfb94cc68",
    "schema_version": "1.0.0",
    "event_type": "agent_order",
    "source": "synthetic_agent",
    "symbol": "BTCUSDT",
    "exchange": "binance_usdm",
    "timestamp": "2024-05-01T00:00:13.500000Z",
    "sequence": 18,
    "scenario_id": "scenario-170-inventory_rebalancer",
    "agent_id": "agent-inventory_rebalancer",
    "order_id": "scenario-170-inventory_rebalancer-agent-inventory_rebalancer-18",
    "action": "new",
    "side": "sell",
    "price": 65170.0,
    "quantity": 0.004,
    "remaining_quantity": 0.004
  },
  {
    "event_id": "e5a7588c578af0f9ffbfaab3c510a29ee764e566d050a7b005956221e9dc6a21",
    "schema_version": "1.0.0",
    "event_type": "agent_order",
    "source": "synthetic_agent",
    "symbol": "BTCUSDT",
    "exchange": "binance_usdm",
    "timestamp": "2024-05-01T00:00:14.250000Z",
    "sequence": 19,
    "scenario_id": "scenario-170-inventory_rebalancer",
    "agent_id": "agent-inventory_rebalancer",
    "order_id": "scenario-170-inventory_rebalancer-agent-inventory_rebalancer-19",
    "action": "new",
    "side": "buy",
    "price": 65170.0,
    "quantity": 0.004,
    "remaining_quantity": 0.004
  },
  {
    "event_id": "51fcbbc8484cc0cf10e921141f971224ee639301a9993cfdb6db61f10963ad4e",
    "schema_version": "1.0.0",
    "event_type": "agent_order",
    "source": "synthetic_agent",
    "symbol": "BTCUSDT",
    "exchange": "binance_usdm",
    "timestamp": "2024-05-01T00:00:15Z",
    "sequence": 20,
    "scenario_id": "scenario-170-inventory_rebalancer",
    "agent_id": "agent-inventory_rebalancer",
    "order_id": "scenario-170-inventory_rebalancer-agent-inventory_rebalancer-20",
    "action": "new",
    "side": "buy",
    "price": 65170.0,
    "quantity": 0.004,
    "remaining_quantity": 0.004
  },
  {
    "event_id": "813b0074e35000e745988323beeb02749856ad26dce0e95b1461ffb34e9a184d",
    "schema_version": "1.0.0",
    "event_type": "agent_order",
    "source": "synthetic_agent",
    "symbol": "BTCUSDT",
    "exchange": "binance_usdm",
    "timestamp": "2024-05-01T00:00:15.750000Z",
    "sequence": 21,
    "scenario_id": "scenario-170-inventory_rebalancer",
    "agent_id": "agent-inventory_rebalancer",
    "order_id": "scenario-170-inventory_rebalancer-agent-inventory_rebalancer-21",
    "action": "new",
    "side": "sell",
    "price": 65170.0,
    "quantity": 0.004,
    "remaining_quantity": 0.004
  },
  {
    "event_id": "875d22d339a9b4d42492b5d251a21a9a1bdbf00e167ebcb109688b42d0c33746",
    "schema_version": "1.0.0",
    "event_type": "agent_order",
    "source": "synthetic_agent",
    "symbol": "BTCUSDT",
    "exchange": "binance_usdm",
    "timestamp": "2024-05-01T00:00:16.500000Z",
    "sequence": 22,
    "scenario_id": "scenario-170-inventory_rebalancer",
    "agent_id": "agent-inventory_rebalancer",
    "order_id": "scenario-170-inventory_rebalancer-agent-inventory_rebalancer-22",
    "action": "new",
    "side": "buy",
    "price": 65170.0,
    "quantity": 0.004,
    "remaining_quantity": 0.004
  },
  {
    "event_id": "64b6fae24e72c42fe7bd2b7a569c4a917d8dcd95710a335d94d99486b8d7ac15",
    "schema_version": "1.0.0",
    "event_type": "agent_order",
    "source": "synthetic_agent",
    "symbol": "BTCUSDT",
    "exchange": "binance_usdm",
    "timestamp": "2024-05-01T00:00:17.250000Z",
    "sequence": 23,
    "scenario_id": "scenario-170-inventory_rebalancer",
    "agent_id": "agent-inventory_rebalancer",
    "order_id": "scenario-170-inventory_rebalancer-agent-inventory_rebalancer-23",
    "action": "new",
    "side": "buy",
    "price": 65170.0,
    "quantity": 0.004,
    "remaining_quantity": 0.004
  },
  {
    "event_id": "df8b636fe59dc6063a81097d398c15e6060472b6b5b03ade441c2729ed1ac44c",
    "schema_version": "1.0.0",
    "event_type": "agent_order",
    "source": "synthetic_agent",
    "symbol": "BTCUSDT",
    "exchange": "binance_usdm",
    "timestamp": "2024-05-01T00:00:18Z",
    "sequence": 24,
    "scenario_id": "scenario-170-inventory_rebalancer",
    "agent_id": "agent-inventory_rebalancer",
    "order_id": "scenario-170-inventory_rebalancer-agent-inventory_rebalancer-24",
    "action": "new",
    "side": "sell",
    "price": 65170.0,
    "quantity": 0.004,
    "remaining_quantity": 0.004
  },
  {
    "event_id": "5fdcde074c6e94cd4e2d862629d0687d1594084010d4f67b8352e402c7d1af3e",
    "schema_version": "1.0.0",
    "event_type": "agent_order",
    "source": "synthetic_agent",
    "symbol": "BTCUSDT",
    "exchange": "binance_usdm",
    "timestamp": "2024-05-01T00:00:18.750000Z",
    "sequence": 25,
    "scenario_id": "scenario-170-inventory_rebalancer",
    "agent_id": "agent-inventory_rebalancer",
    "order_id": "scenario-170-inventory_rebalancer-agent-inventory_rebalancer-25",
    "action": "new",
    "side": "buy",
    "price": 65170.0,
    "quantity": 0.004,
    "remaining_quantity": 0.004
  },
  {
    "event_id": "a849c41fe33b30113a4f179c6f6d6eefef281cf493a44b35b65e88084f9284d2",
    "schema_version": "1.0.0",
    "event_type": "agent_order",
    "source": "synthetic_agent",
    "symbol": "BTCUSDT",
    "exchange": "binance_usdm",
    "timestamp": "2024-05-01T00:00:19.500000Z",
    "sequence": 26,
    "scenario_id": "scenario-170-inventory_rebalancer",
    "agent_id": "agent-inventory_rebalancer",
    "order_id": "scenario-170-inventory_rebalancer-agent-inventory_rebalancer-26",
    "action": "new",
    "side": "buy",
    "price": 65170.0,
    "quantity": 0.004,
    "remaining_quantity": 0.004
  },
  {
    "event_id": "bcb70e63a581e9694c25dd2f9242d5b309fd0081f4e977fd4b39e40ff54ea3c1",
    "schema_version": "1.0.0",
    "event_type": "agent_order",
    "source": "synthetic_agent",
    "symbol": "BTCUSDT",
    "exchange": "binance_usdm",
    "timestamp": "2024-05-01T00:00:20.250000Z",
    "sequence": 27,
    "scenario_id": "scenario-170-inventory_rebalancer",
    "agent_id": "agent-inventory_rebalancer",
    "order_id": "scenario-170-inventory_rebalancer-agent-inventory_rebalancer-27",
    "action": "new",
    "side": "sell",
    "price": 65170.0,
    "quantity": 0.004,
    "remaining_quantity": 0.004
  },
  {
    "event_id": "6ceeccb623116bce5fce250f341cdcb8007e66d072cb026e0fcc4c9750ebf6ba",
    "schema_version": "1.0.0",
    "event_type": "agent_order",
    "source": "synthetic_agent",
    "symbol": "BTCUSDT",
    "exchange": "binance_usdm",
    "timestamp": "2024-05-01T00:00:21Z",
    "sequence": 28,
    "scenario_id": "scenario-170-inventory_rebalancer",
    "agent_id": "agent-inventory_rebalancer",
    "order_id": "scenario-170-inventory_rebalancer-agent-inventory_rebalancer-28",
    "action": "new",
    "side": "buy",
    "price": 65170.0,
    "quantity": 0.004,
    "remaining_quantity": 0.004
  },
  {
    "event_id": "3a1b6c7e95f86cfd499b86de683f7f7f71caaf62ea283450854206a5b313c27e",
    "schema_version": "1.0.0",
    "event_type": "agent_order",
    "source": "synthetic_agent",
    "symbol": "BTCUSDT",
    "exchange": "binance_usdm",
    "timestamp": "2024-05-01T00:00:21.750000Z",
    "sequence": 29,
    "scenario_id": "scenario-170-inventory_rebalancer",
    "agent_id": "agent-inventory_rebalancer",
    "order_id": "scenario-170-inventory_rebalancer-agent-inventory_rebalancer-29",
    "action": "new",
    "side": "buy",
    "price": 65170.0,
    "quantity": 0.004,
    "remaining_quantity": 0.004
  }
]