[
  {
    "event_id": "e4549ff1e00c0a527e6e70008970258e1b6c00042b2f7a3d67fbd8149d2b520c",
    "schema_version": "1.0.0",
    "event_type": "agent_order",
    "source": "synthetic_agent",
    "symbol": "BTCUSDT",
    "exchange": "binance_usdm",
    "timestamp": "2024-05-01T00:00:00Z",
    "sequence": 0,
    "scenario_id": "scenario-243-spoofing_layering",
    "agent_id": "agent-spoofing_layering",
    "order_id": "scenario-243-spoofing_layering-agent-spoofing_layering-0",
    "action": "new",
    "side": "sell",
    "price": 65275.621499999994,
    "quantity": 0.5,
    "remaining_quantity": 0.5
  },
  {
    "event_id": "8501759ef43a2c0837b135b98db6933253774baf94266d7f0df9f69f636a2ed3",
    "schema_version": "1.0.0",
    "event_type": "agent_order",
    "source": "synthetic_agent",
    "symbol": "BTCUSDT",
    "exchange": "binance_usdm",
    "timestamp": "2024-05-01T00:00:00.050000Z",
    "sequence": 1,
    "scenario_id": "scenario-243-spoofing_layering",
    "agent_id": "agent-spoofing_layering",
    "order_id": "scenario-243-spoofing_layering-agent-spoofing_layering-1",
    "action": "new",
    "side": "sell",
    "price": 65276.27393,
    "quantity": 0.5,
    "remaining_quantity": 0.5
  },
  {
    "event_id": "c2d76b725e24488ba5a82db956172c09dce9d84eff4dbddbc886fd536e127a98",
    "schema_version": "1.0.0",
    "event_type": "agent_order",
    "source": "synthetic_agent",
    "symbol": "BTCUSDT",
    "exchange": "binance_usdm",
    "timestamp": "2024-05-01T00:00:00.100000Z",
    "sequence": 2,
    "scenario_id": "scenario-243-spoofing_layering",
    "agent_id": "agent-spoofing_layering",
    "order_id": "scenario-243-spoofing_layering-agent-spoofing_layering-2",
    "action": "new",
    "side": "sell",
    "price": 65276.92635999999,
    "quantity": 0.5,
    "remaining_quantity": 0.5
  },
  {
    "event_id": "4a143032a9a81a781c3b5a4f30fc77c5f042aec36ab5e06a2b172c13ec390f2f",
    "schema_version": "1.0.0",
    "event_type": "agent_order",
    "source": "synthetic_agent",
    "symbol": "BTCUSDT",
    "exchange": "binance_usdm",
    "timestamp": "2024-05-01T00:00:00.150000Z",
    "sequence": 3,
    "scenario_id": "scenario-243-spoofing_layering",
    "agent_id": "agent-spoofing_layering",
    "order_id": "scenario-243-spoofing_layering-agent-spoofing_layering-3",
    "action": "new",
    "side": "sell",
    "price": 65277.57878999999,
    "quantity": 0.5,
    "remaining_quantity": 0.5
  },
  {
    "event_id": "c3b4728a16075424b2bf2a7ef6d69e1515c6716039c2bbcc26c2ba20028e8d12",
    "schema_version": "1.0.0",
    "event_type": "agent_order",
    "source": "synthetic_agent",
    "symbol": "BTCUSDT",
    "exchange": "binance_usdm",
    "timestamp": "2024-05-01T00:00:00.200000Z",
    "sequence": 4,
    "scenario_id": "scenario-243-spoofing_layering",
    "agent_id": "agent-spoofing_layering",
    "order_id": "scenario-243-spoofing_layering-agent-spoofing_layering-4",
    "action": "new",
    "side": "sell",
    "price": 65278.23122,
    "quantity": 0.5,
    "remaining_quantity": 0.5
  },
  {
    "event_id": "e388b5ee43d369c61f310afd90dab065ba01df747481ad42ba6283e53e919f12",
    "schema_version": "1.0.0",
    "event_type": "agent_order",
    "source": "synthetic_agent",
    "symbol": "BTCUSDT",
    "exchange": "binance_usdm",
    "timestamp": "2024-05-01T00:00:00.250000Z",
    "sequence": 5,
    "scenario_id": "scenario-243-spoofing_layering",
    "agent_id": "agent-spoofing_layering",
    "order_id": "scenario-243-spoofing_layering-agent-spoofing_layering-5",
    "action": "new",
    "side": "sell",
    "price": 65278.88365,
    "quantity": 0.5,
    "remaining_quantity": 0.5
  },
  {
    "event_id": "4555289af05bc97c00961851d8377f7fc696db3ea9136d84a71e75115ea70928",
    "schema_version": "1.0.0",
    "event_type": "agent_order",
    "source": "synthetic_agent",
    "symbol": "BTCUSDT",
    "exchange": "binance_usdm",
    "timestamp": "2024-05-01T00:00:00.300000Z",
    "sequence": 6,
    "scenario_id": "scenario-243-spoofing_layering",
    "agent_id": "agent-spoofing_layering",
    "order_id": "scenario-243-spoofing_layering-agent-spoofing_layering-6",
    "action": "new",
    "side": "sell",
    "price": 65279.53607999999,
    "quantity": 0.5,
    "remaining_quantity": 0.5
  },
  {
    "event_id": "729279400dc6b28f0200ea984253a1cdff9e0883e72305fe5acfff32711e1bb8",
    "schema_version": "1.0.0",
    "event_type": "agent_order",
    "source": "synthetic_agent",
    "symbol": "BTCUSDT",
    "exchange": "binance_usdm",
    "timestamp": "2024-05-01T00:00:00.350000Z",
    "sequence": 7,
    "scenario_id": "scenario-243-spoofing_layering",
    "agent_id": "agent-spoofing_layering",
    "order_id": "scenario-243-spoofing_layering-agent-spoofing_layering-7",
    "action": "new",
    "side": "sell",
    "price": 65280.18851,
    "quantity": 0.5,
    "remaining_quantity": 0.5
  },
  {
    "event_id": "5026475814068bf9fbc5678560533c80bbfd0ee8a4ba4a0a52ad746744defda5",
    "schema_version": "1.0.0",
    "event_type": "agent_order",
    "source": "synthetic_agent",
    "symbol": "BTCUSDT",
    "exchange": "binance_usdm",
    "timestamp": "2024-05-01T00:00:00.400000Z",
    "sequence": 8,
    "scenario_id": "scenario-243-spoofing_layering",
    "agent_id": "agent-spoofing_layering",
    "order_id": "scenario-243-spoofing_layering-agent-spoofing_layering-8",
    "action": "new",
    "side": "sell",
    "price": 65280.84094,
    "quantity": 0.5,
    "remaining_quantity": 0.5
  },
  {
    "event_id": "53f59234b3584ab729ab16991ddb4787f8c7e011c6c88e28903ccfb76fe4cb03",
    "schema_version": "1.0.0",
    "event_type": "agent_order",
    "source": "synthetic_agent",
    "symbol": "BTCUSDT",
    "exchange": "binance_usdm",
    "timestamp": "2024-05-01T00:00:00.450000Z",
    "sequence": 9,
    "scenario_id": "scenario-243-spoofing_layering",
    "agent_id": "agent-spoofing_layering",
    "order_id": "scenario-243-spoofing_layering-agent-spoofing_layering-9",
    "action": "new",
    "side": "sell",
    "price": 65281.49336999999,
    "quantity": 0.5,
    "remaining_quantity": 0.5
  },
  {
    "event_id": "88299f3b032a18786263ed81e984832eec2cb96b39462a93def8f7e2173ee8cb",
    "schema_version": "1.0.0",
    "event_type": "agent_order",
    "source": "synthetic_agent",
    "symbol": "BTCUSDT",
    "exchange": "binance_usdm",
    "timestamp": "2024-05-01T00:00:00.500000Z",
    "sequence": 10,
    "scenario_id": "scenario-243-spoofing_layering",
    "agent_id": "agent-spoofing_layering",
    "order_id": "scenario-243-spoofing_layering-agent-spoofing_layering-10",
    "action": "new",
    "side": "sell",
    "price": 65282.1458,
    "quantity": 0.5,
    "remaining_quantity": 0.5
  },
  {
    "event_id": "2f1e25d664fa6e30aa6890aa7d49711f3bfbb52590b79eb3101512ddb3dc0a58",
    "schema_version": "1.0.0",
    "event_type": "agent_order",
    "source": "synthetic_agent",
    "symbol": "BTCUSDT",
    "exchange": "binance_usdm",
    "timestamp": "2024-05-01T00:00:00.550000Z",
    "sequence": 11,
    "scenario_id": "scenario-243-spoofing_layering",
    "agent_id": "agent-spoofing_layering",
    "order_id": "scenario-243-spoofing_layering-agent-spoofing_layering-11",
    "action": "new",
    "side": "sell",
    "price": 65282.79823,
    "quantity": 0.5,
    "remaining_quantity": 0.5
  },
  {
    "event_id": "2c5526508ca8c399004d4d2e6f6319b079d044c9dae5af841f73c0f077d0deb0",
    "schema_version": "1.0.0",
    "event_type": "agent_order",
    "source": "synthetic_agent",
    "symbol": "BTCUSDT",
    "exchange": "binance_usdm",
    "timestamp": "2024-05-01T00:00:00.600000Z",
    "sequence": 12,
    "scenario_id": "scenario-243-spoofing_layering",
    "agent_id": "agent-spoofing_layering",
    "order_id": "scenario-243-spoofing_layering-agent-spoofing_layering-12",
    "action": "new",
    "side": "sell",
    "price": 65283.45065999999,
    "quantity": 0.5,
    "remaining_quantity": 0.5
  },
  {
    "event_id": "0e84137dbfeea0dfa9edb7980840925ebbdd99f88107b765f18dc1cd3e6e7148",
    "schema_version": "1.0.0",
    "event_type": "agent_order",
    "source": "synthetic_agent",
    "symbol": "BTCUSDT",
    "exchange": "binance_usdm",
    "timestamp": "2024-05-01T00:00:00.650000Z",
    "sequence": 13,
    "scenario_id": "scenario-243-spoofing_layering",
    "agent_id": "agent-spoofing_layering",
    "order_id": "scenario-243-spoofing_layering-agent-spoofing_layering-13",
    "action": "new",
    "side": "sell",
    "price": 65284.10309,
    "quantity": 0.5,
    "remaining_quantity": 0.5
  },
  {
    "event_id": "14f777f60e07d9737eb4c4d077fc36489b49c1c6a75c0317df3ff840ddfde42a",
    "schema_version": "1.0.0",
    "event_type": "agent_order",
    "source": "synthetic_agent",
    "symbol": "BTCUSDT",
    "exchange": "binance_usdm",
    "timestamp": "2024-05-01T00:00:00.700000Z",
    "sequence": 14,
    "scenario_id": "scenario-243-spoofing_layering",
    "agent_id": "agent-spoofing_layering",
    "order_id": "scenario-243-spoofing_layering-agent-spoofing_layering-14",
    "action": "new",
    "side": "sell",
    "price": 65284.75552,
    "quantity": 0.5,
    "remaining_quantity": 0.5
  },
  {
    "event_id": "7a2a070674f9df3667ef67309e771311d5dc2bdaabd1b4344daabd1bac4be17d",
    "schema_version": "1.0.0",
    "event_type": "agent_order",
    "source": "synthetic_agent",
    "symbol": "BTCUSDT",
    "exchange": "binance_usdm",
    "timestamp": "2024-05-01T00:00:00.750000Z",
    "sequence": 15,
    "scenario_id": "scenario-243-spoofing_layering",
    "agent_id": "agent-spoofing_layering",
    "order_id": "scenario-243-spoofing_layering-agent-spoofing_layering-15",
    "action": "new",
    "side": "sell",
    "price": 65285.40795,
    "quantity": 0.5,
    "remaining_quantity": 0.5
  },
  {
    "event_id": "d609b67243d7d584725cab97abae2f1d5a9eccd3e72f2e921730b9392a485f11",
    "schema_version": "1.0.0",
    "event_type": "agent_order",
    "source": "synthetic_agent",
    "symbol": "BTCUSDT",
    "exchange": "binance_usdm",
    "timestamp": "2024-05-01T00:00:00.800000Z",
    "sequence": 16,
    "scenario_id": "scenario-243-spoofing_layering",
    "agent_id": "agent-spoofing_layering",
    "order_id": "scenario-243-spoofing_layering-agent-spoofing_layering-16",
    "action": "new",
    "side": "sell",
    "price": 65286.060379999995,
    "quantity": 0.5,
    "remaining_quantity": 0.5
  },
  {
    "event_id": "fe97011d8d8ea6667a560328a2d9a0027ffd1fa2bedd852e9fc35407a84cb3ef",
    "schema_version": "1.0.0",
    "event_type": "agent_order",
    "source": "synthetic_agent",
    "symbol": "BTCUSDT",
    "exchange": "binance_usdm",
    "timestamp": "2024-05-01T00:00:00.850000Z",
    "sequence": 17,
    "scenario_id": "scenario-243-spoofing_layering",
    "agent_id": "agent-spoofing_layering",
    "order_id": "scenario-243-spoofing_layering-agent-spoofing_layering-17",
    "action": "new",
    "side": "sell",
    "price": 65286.71281,
    "quantity": 0.5,
    "remaining_quantity": 0.5
  },
  {
    "event_id": "869559cac33e6fed44eb0b85b6c9a3498b9557f28387a96ffe8dc36bea683cff",
    "schema_version": "1.0.0",
    "event_type": "agent_order",
    "source": "synthetic_agent",
    "symbol": "BTCUSDT",
    "exchange": "binance_usdm",
    "timestamp": "2024-05-01T00:00:00.900000Z",
    "sequence": 18,
    "scenario_id": "scenario-243-spoofing_layering",
    "agent_id": "agent-spoofing_layering",
    "order_id": "scenario-243-spoofing_layering-agent-spoofing_layering-18",
    "action": "new",
    "side": "sell",
    "price": 65287.36524,
    "quantity": 0.5,
    "remaining_quantity": 0.5
  },
  {
    "event_id": "f9d954eb9d2c4a518d7a3bfd9c6e8eba4fc18514e6f4556ffdf5aa67675ad2ef",
    "schema_version": "1.0.0",
    "event_type": "agent_order",
    "source": "synthetic_agent",
    "symbol": "BTCUSDT",
    "exchange": "binance_usdm",
    "timestamp": "2024-05-01T00:00:00.950000Z",
    "sequence": 19,
    "scenario_id": "scenario-243-spoofing_layering",
    "agent_id": "agent-spoofing_layering",
    "order_id": "scenario-243-spoofing_layering-agent-spoofing_layering-19",
    "action": "new",
    "side": "sell",
    "price": 65288.017669999994,
    "quantity": 0.5,
    "remaining_quantity": 0.5
  },
  {
    "event_id": "b84107d3714282da61b89491e720d0cf61cc7a140579dec145d6b1e1af3305a5",
    "schema_version": "1.0.0",
    "event_type": "agent_order",
    "source": "synthetic_agent",
    "symbol": "BTCUSDT",
    "exchange": "binance_usdm",
    "timestamp": "2024-05-01T00:00:01Z",
    "sequence": 20,
    "scenario_id": "scenario-243-spoofing_layering",
    "agent_id": "agent-spoofing_layering",
    "order_id": "scenario-243-spoofing_layering-agent-spoofing_layering-20",
    "action": "new",
    "side": "sell",
    "price": 65288.670099999996,
    "quantity": 0.5,
    "remaining_quantity": 0.5
  },
  {
    "event_id": "5d31fb3f29818a44e1b0a91734ae6b52fd4a8bf0a8114c03c84a1e10477c4c22",
    "schema_version": "1.0.0",
    "event_type": "agent_order",
    "source": "synthetic_agent",
    "symbol": "BTCUSDT",
    "exchange": "binance_usdm",
    "timestamp": "2024-05-01T00:00:01.050000Z",
    "sequence": 21,
    "scenario_id": "scenario-243-spoofing_layering",
    "agent_id": "agent-spoofing_layering",
    "order_id": "scenario-243-spoofing_layering-agent-spoofing_layering-21",
    "action": "new",
    "side": "sell",
    "price": 65289.32253,
    "quantity": 0.5,
    "remaining_quantity": 0.5
  },
  {
    "event_id": "3bfd62f0c5aedbe9c39161d7c294d4a2550ce2097757437ed5bc5ac2c93c7b03",
    "schema_version": "1.0.0",
    "event_type": "agent_order",
    "source": "synthetic_agent",
    "symbol": "BTCUSDT",
    "exchange": "binance_usdm",
    "timestamp": "2024-05-01T00:00:01.100000Z",
    "sequence": 22,
    "scenario_id": "scenario-243-spoofing_layering",
    "agent_id": "agent-spoofing_layering",
    "order_id": "scenario-243-spoofing_layering-agent-spoofing_layering-22",
    "action": "new",
    "side": "sell",
    "price": 65289.97496000001,
    "quantity": 0.5,
    "remaining_quantity": 0.5
  },
  {
    "event_id": "7def5c16ed1cb38ce631d0a5235fa98f0a1394465457b74bfa479686f56c108b",
    "schema_version": "1.0.0",
    "event_type": "agent_order",
    "source": "synthetic_agent",
    "symbol": "BTCUSDT",
    "exchange": "binance_usdm",
    "timestamp": "2024-05-01T00:00:01.150000Z",
    "sequence": 23,
    "scenario_id": "scenario-243-spoofing_layering",
    "agent_id": "agent-spoofing_layering",
    "order_id": "scenario-243-spoofing_layering-agent-spoofing_layering-23",
    "action": "new",
    "side": "sell",
    "price": 65290.627389999994,
    "quantity": 0.5,
    "remaining_quantity": 0.5
  },
  {
    "event_id": "bb98e5e406902abda6a21c9bb21d045c0a93ce6f17f17f49eeab6bc249401220",
    "schema_version": "1.0.0",
    "event_type": "agent_order",
    "source": "synthetic_agent",
    "symbol": "BTCUSDT",
    "exchange": "binance_usdm",
    "timestamp": "2024-05-01T00:00:01.200000Z",
    "sequence": 24,
    "scenario_id": "scenario-243-spoofing_layering",
    "agent_id": "agent-spoofing_layering",
    "order_id": "scenario-243-spoofing_layering-agent-spoofing_layering-24",
    "action": "new",
    "side": "sell",
    "price": 65291.279819999996,
    "quantity": 0.5,
    "remaining_quantity": 0.5
  },
  {
    "event_id": "ddd6d62c1f6875b096fea7f21aa5fe8cb48f8d58509eec671088b4b09a3e4cd6",
    "schema_version": "1.0.0",
    "event_type": "agent_order",
    "source": "synthetic_agent",
    "symbol": "BTCUSDT",
    "exchange": "binance_usdm",
    "timestamp": "2024-05-01T00:00:01.250000Z",
    "sequence": 25,
    "scenario_id": "scenario-243-spoofing_layering",
    "agent_id": "agent-spoofing_layering",
    "order_id": "scenario-243-spoofing_layering-agent-spoofing_layering-25",
    "action": "new",
    "side": "sell",
    "price": 65291.932250000005,
    "quantity": 0.5,
    "remaining_quantity": 0.5
  },
  {
    "event_id": "7a51c703eabafa6a0ad032d9de6e4b15f6fa11bc6c3d35b412bd09afeb4bdd8b",
    "schema_version": "1.0.0",
    "event_type": "agent_order",
    "source": "synthetic_agent",
    "symbol": "BTCUSDT",
    "exchange": "binance_usdm",
    "timestamp": "2024-05-01T00:00:01.300000Z",
    "sequence": 26,
    "scenario_id": "scenario-243-spoofing_layering",
    "agent_id": "agent-spoofing_layering",
    "order_id": "scenario-243-spoofing_layering-agent-spoofing_layering-26",
    "action": "new",
    "side": "sell",
    "price": 65292.58467999999,
    "quantity": 0.5,
    "remaining_quantity": 0.5
  },
  {
    "event_id": "99891aa2283e7e74c78360ef5e9cad0a7c60f4a8b84dc005b73bbf9a6ecb20ed",
    "schema_version": "1.0.0",
    "event_type": "agent_order",
    "source": "synthetic_agent",
    "symbol": "BTCUSDT",
    "exchange": "binance_usdm",
    "timestamp": "2024-05-01T00:00:01.350000Z",
    "sequence": 27,
    "scenario_id": "scenario-243-spoofing_layering",
    "agent_id": "agent-spoofing_layering",
    "order_id": "scenario-243-spoofing_layering-agent-spoofing_layering-27",
    "action": "new",
    "side": "sell",
    "price": 65293.237109999995,
    "quantity": 0.5,
    "remaining_quantity": 0.5
  },
  {
    "event_id": "2390bc5a673b24528e4606c9f314cdf278670d2d49e381fd58d7aa63748baf71",
    "schema_version": "1.0.0",
    "event_type": "agent_order",
    "source": "synthetic_agent",
    "symbol": "BTCUSDT",
    "exchange": "binance_usdm",
    "timestamp": "2024-05-01T00:00:01.400000Z",
    "sequence": 28,
    "scenario_id": "scenario-243-spoofing_layering",
    "agent_id": "agent-spoofing_layering",
    "order_id": "scenario-243-spoofing_layering-agent-spoofing_layering-28",
    "action": "new",
    "side": "sell",
    "price": 65293.889540000004,
    "quantity": 0.5,
    "remaining_quantity": 0.5
  },
  {
    "event_id": "23866cdedcba76562801d7acea147955f8bf717df332540cba3acfa487eed117",
    "schema_version": "1.0.0",
    "event_type": "agent_order",
    "source": "synthetic_agent",
    "symbol": "BTCUSDT",
    "exchange": "binance_usdm",
    "timestamp": "2024-05-01T00:00:01.450000Z",
    "sequence": 29,
    "scenario_id": "scenario-243-spoofing_layering",
    "agent_id": "agent-spoofing_layering",
    "order_id": "scenario-243-spoofing_layering-agent-spoofing_layering-29",
    "action": "new",
    "side": "sell",
    "price": 65294.54196999999,
    "quantity": 0.5,
    "remaining_quantity": 0.5
  }
]