[
  {
    "event_id": "474de1fa15c3941e1755b549a5fbbbfaa3043265dd2f69ab2382d0f11d836068",
    "schema_version": "1.0.0",
    "event_type": "agent_order",
    "source": "synthetic_agent",
    "symbol": "BTCUSDT",
    "exchange": "binance_usdm",
    "timestamp": "2024-05-01T00:00:00Z",
    "sequence": 0,
    "scenario_id": "scenario-333-stop_run_sweep",
    "agent_id": "agent-stop_run_sweep",
    "order_id": "scenario-333-stop_run_sweep-agent-stop_run_sweep-0",
    "action": "new",
    "side": "buy",
    "price": 65398.33299999999,
    "quantity": 0.06,
    "remaining_quantity": 0.06
  },
  {
    "event_id": "3252434fc191e3c9cd93f4d6b3de0f8d6cc169659d86e2d9b21aca7b4e7b7972",
    "schema_version": "1.0.0",
    "event_type": "agent_order",
    "source": "synthetic_agent",
    "symbol": "BTCUSDT",
    "exchange": "binance_usdm",
    "timestamp": "2024-05-01T00:00:00.030000Z",
    "sequence": 1,
    "scenario_id": "scenario-333-stop_run_sweep",
    "agent_id": "agent-stop_run_sweep",
    "order_id": "scenario-333-stop_run_sweep-agent-stop_run_sweep-1",
    "action": "new",
    "side": "buy",
    "price": 65401.59965,
    "quantity": 0.06,
    "remaining_quantity": 0.06
  },
  {
    "event_id": "750e5a817abaf552fb7b951fddf4128e24d0722f4496b938abe578dfb7f55144",
    "schema_version": "1.0.0",
    "event_type": "agent_order",
    "source": "synthetic_agent",
    "symbol": "BTCUSDT",
    "exchange": "binance_usdm",
    "timestamp": "2024-05-01T00:00:00.060000Z",
    "sequence": 2,
    "scenario_id": "scenario-333-stop_run_sweep",
    "agent_id": "agent-stop_run_sweep",
    "order_id": "scenario-333-stop_run_sweep-agent-stop_run_sweep-2",
    "action": "new",
    "side": "buy",
    "price": 65404.866299999994,
    "quantity": 0.06,
    "remaining_quantity": 0.06
  },
  {
    "event_id": "56f7c334cf21d38250564ca8be794c3d290d9e2421359cf0a5c6fd6bfadbbf2b",
    "schema_version": "1.0.0",
    "event_type": "agent_order",
    "source": "synthetic_agent",
    "symbol": "BTCUSDT",
    "exchange": "binance_usdm",
    "timestamp": "2024-05-01T00:00:00.090000Z",
    "sequence": 3,
    "scenario_id": "scenario-333-stop_run_sweep",
    "agent_id": "agent-stop_run_sweep",
    "order_id": "scenario-333-stop_run_sweep-agent-stop_run_sweep-3",
    "action": "new",
    "side": "buy",
    "price": 65408.13295,
    "quantity": 0.06,
    "remaining_quantity": 0.06
  },
  {
    "event_id": "9d1aaef746d9953c718dd008b88955ff3bff9498185bdcc8403c234592e8cd2f",
    "schema_version": "1.0.0",
    "event_type": "agent_order",
    "source": "synthetic_agent",
    "symbol": "BTCUSDT",
    "exchange": "binance_usdm",
    "timestamp": "2024-05-01T00:00:00.120000Z",
    "sequence": 4,
    "scenario_id": "scenario-333-stop_run_sweep",
    "agent_id": "agent-stop_run_sweep",
    "order_id": "scenario-333-stop_run_sweep-agent-stop_run_sweep-4",
    "action": "new",
    "side": "buy",
    "price": 65411.39959999999,
    "quantity": 0.06,
    "remaining_quantity": 0.06
  },
  {
    "event_id": "535081a5e9a87a549b53f97d160631dd90acce89469a47017ca6cc1a644a57b1",
    "schema_version": "1.0.0",
    "event_type": "agent_order",
    "source": "synthetic_agent",
    "symbol": "BTCUSDT",
    "exchange": "binance_usdm",
    "timestamp": "2024-05-01T00:00:00.150000Z",
    "sequence": 5,
    "scenario_id": "scenario-333-stop_run_sweep",
    "agent_id": "agent-stop_run_sweep",
    "order_id": "scenario-333-stop_run_sweep-agent-stop_run_sweep-5",
    "action": "new",
    "side": "buy",
    "price": 65414.666249999995,
    "quantity": 0.06,
    "remaining_quantity": 0.06
  },
  {
    "event_id": "2bfd6155635cc4896f568c5cda397a1db58a6aa07422a4596182cd9d41a8835a",
    "schema_version": "1.0.0",
    "event_type": "agent_order",
    "source": "synthetic_agent",
    "symbol": "BTCUSDT",
    "exchange": "binance_usdm",
    "timestamp": "2024-05-01T00:00:00.180000Z",
    "sequence": 6,
    "scenario_id": "scenario-333-stop_run_sweep",
    "agent_id": "agent-stop_run_sweep",
    "order_id": "scenario-333-stop_run_sweep-agent-stop_run_sweep-6",
    "action": "new",
    "side": "buy",
    "price": 65417.93289999999,
    "quantity": 0.06,
    "remaining_quantity": 0.06
  },
  {
    "event_id": "8b892fbe35d976477fb66fdf71cf2f4212dd73f490db6aaf9b34e5c0e0e0f79e",
    "schema_version": "1.0.0",
    "event_type": "agent_order",
    "source": "synthetic_agent",
    "symbol": "BTCUSDT",
    "exchange": "binance_usdm",
    "timestamp": "2024-05-01T00:00:00.210000Z",
    "sequence": 7,
    "scenario_id": "scenario-333-stop_run_sweep",
    "agent_id": "agent-stop_run_sweep",
    "order_id": "scenario-333-stop_run_sweep-agent-stop_run_sweep-7",
    "action": "new",
    "side": "buy",
    "price": 65421.19955,
    "quantity": 0.06,
    "remaining_quantity": 0.06
  },
  {
    "event_id": "5056109abc52eb82f848b3de986cf631e1a2f525f72b8859915e54502e49b97e",
    "schema_version": "1.0.0",
    "event_type": "agent_order",
    "source": "synthetic_agent",
    "symbol": "BTCUSDT",
    "exchange": "binance_usdm",
    "timestamp": "2024-05-01T00:00:00.240000Z",
    "sequence": 8,
    "scenario_id": "scenario-333-stop_run_sweep",
    "agent_id": "agent-stop_run_sweep",
    "order_id": "scenario-333-stop_run_sweep-agent-stop_run_sweep-8",
    "action": "new",
    "side": "buy",
    "price": 65424.46619999999,
    "quantity": 0.06,
    "remaining_quantity": 0.06
  },
  {
    "event_id": "0cb2298bbed23e6d61d75c45966f3c337f7e7e6d235a3481779ebc8e8cfd587b",
    "schema_version": "1.0.0",
    "event_type": "agent_order",
    "source": "synthetic_agent",
    "symbol": "BTCUSDT",
    "exchange": "binance_usdm",
    "timestamp": "2024-05-01T00:00:00.270000Z",
    "sequence": 9,
    "scenario_id": "scenario-333-stop_run_sweep",
    "agent_id": "agent-stop_run_sweep",
    "order_id": "scenario-333-stop_run_sweep-agent-stop_run_sweep-9",
    "action": "new",
    "side": "buy",
    "price": 65427.73285,
    "quantity": 0.06,
    "remaining_quantity": 0.06
  },
  {
    "event_id": "d8cb228e6084c0647920584b8a6a1e083c0cd8272d796f204a3342e415925eb9",
    "schema_version": "1.0.0",
    "event_type": "agent_order",
    "source": "synthetic_agent",
    "symbol": "BTCUSDT",
    "exchange": "binance_usdm",
    "timestamp": "2024-05-01T00:00:00.300000Z",
    "sequence": 10,
    "scenario_id": "scenario-333-stop_run_sweep",
    "agent_id": "agent-stop_run_sweep",
    "order_id": "scenario-333-stop_run_sweep-agent-stop_run_sweep-10",
    "action": "new",
    "side": "buy",
    "price": 65430.99949999999,
    "quantity": 0.06,
    "remaining_quantity": 0.06
  },
  {
    "event_id": "9bc4f6b4f3e1371d8f893586a894e5835022ba61992c37c05428d8005958e2ea",
    "schema_version": "1.0.0",
    "event_type": "agent_order",
    "source": "synthetic_agent",
    "symbol": "BTCUSDT",
    "exchange": "binance_usdm",
    "timestamp": "2024-05-01T00:00:00.330000Z",
    "sequence": 11,
    "scenario_id": "scenario-333-stop_run_sweep",
    "agent_id": "agent-stop_run_sweep",
    "order_id": "scenario-333-stop_run_sweep-agent-stop_run_sweep-11",
    "action": "new",
    "side": "buy",
    "price": 65434.266149999996,
    "quantity": 0.06,
    "remaining_quantity": 0.06
  },
  {
    "event_id": "10a1852d801c941bf2c4b0e57a383b751099071e337be8a7ccb7f9f3454e5fa6",
    "schema_version": "1.0.0",
    "event_type": "agent_order",
    "source": "synthetic_agent",
    "symbol": "BTCUSDT",
    "exchange": "binance_usdm",
    "timestamp": "2024-05-01T00:00:00.360000Z",
    "sequence": 12,
    "scenario_id": "scenario-333-stop_run_sweep",
    "agent_id": "agent-stop_run_sweep",
    "order_id": "scenario-333-stop_run_sweep-agent-stop_run_sweep-12",
    "action": "new",
    "side": "buy",
    "price": 65437.532799999986,
    "quantity": 0.06,
    "remaining_quantity": 0.06
  },
  {
    "event_id": "3a29a88452d249d02f708d79e7bc5a9d0bd875ffa6a2e63f821eaa6ba1610738",
    "schema_version": "1.0.0",
    "event_type": "agent_order",
    "source": "synthetic_agent",
    "symbol": "BTCUSDT",
    "exchange": "binance_usdm",
    "timestamp": "2024-05-01T00:00:00.390000Z",
    "sequence": 13,
    "scenario_id": "scenario-333-stop_run_sweep",
    "agent_id": "agent-stop_run_sweep",
    "order_id": "scenario-333-stop_run_sweep-agent-stop_run_sweep-13",
    "action": "new",
    "side": "buy",
    "price": 65440.79945,
    "quantity": 0.06,
    "remaining_quantity": 0.06
  },
  {
    "event_id": "36f022f6973254be27585fbdb66b006bfa7d573a1bfad9ab0455098d249717ee",
    "schema_version": "1.0.0",
    "event_type": "agent_order",
    "source": "synthetic_agent",
    "symbol": "BTCUSDT",
    "exchange": "binance_usdm",
    "timestamp": "2024-05-01T00:00:00.420000Z",
    "sequence": 14,
    "scenario_id": "scenario-333-stop_run_sweep",
    "agent_id": "agent-stop_run_sweep",
    "order_id": "scenario-333-stop_run_sweep-agent-stop_run_sweep-14",
    "action": "new",
    "side": "buy",
    "price": 65444.06609999999,
    "quantity": 0.06,
    "remaining_quantity": 0.06
  },
  {
    "event_id": "cfd2a544741f9bbb08411fba6882aa49cabc1b67b90694ba0b51855d624a8587",
    "schema_version": "1.0.0",
    "event_type": "agent_order",
    "source": "synthetic_agent",
    "symbol": "BTCUSDT",
    "exchange": "binance_usdm",
    "timestamp": "2024-05-01T00:00:00.450000Z",
    "sequence": 15,
    "scenario_id": "scenario-333-stop_run_sweep",
    "agent_id": "agent-stop_run_sweep",
    "order_id": "scenario-333-stop_run_sweep-agent-stop_run_sweep-15",
    "action": "new",
    "side": "buy",
    "price": 65447.332749999994,
    "quantity": 0.06,
    "remaining_quantity": 0.06
  },
  {
    "event_id": "7c469198286d027db01962b5f0f21633ebfec9d1bcb3f24270d67c5634e4620d",
    "schema_version": "1.0.0",
    "event_type": "agent_order",
    "source": "synthetic_agent",
    "symbol": "BTCUSDT",
    "exchange": "binance_usdm",
    "timestamp": "2024-05-01T00:00:00.480000Z",
    "sequence": 16,
    "scenario_id": "scenario-333-stop_run_sweep",
    "agent_id": "agent-stop_run_sweep",
    "order_id": "scenario-333-stop_run_sweep-agent-stop_run_sweep-16",
    "action": "new",
    "side": "buy",
    "price": 65450.599399999985,
    "quantity": 0.06,
    "remaining_quantity": 0.06
  },
  {
    "event_id": "7b4e289e09902bd776fe80fd798b3fc30a46b4675db2f868f9e295a9f29fcacc",
    "schema_version": "1.0.0",
    "event_type": "agent_order",
    "source": "synthetic_agent",
    "symbol": "BTCUSDT",
    "exchange": "binance_usdm",
    "timestamp": "2024-05-01T00:00:00.510000Z",
    "sequence": 17,
    "scenario_id": "scenario-333-stop_run_sweep",
    "agent_id": "agent-stop_run_sweep",
    "order_id": "scenario-333-stop_run_sweep-agent-stop_run_sweep-17",
    "action": "new",
    "side": "buy",
    "price": 65453.86605,
    "quantity": 0.06,
    "remaining_quantity": 0.06
  },
  {
    "event_id": "3e3dda33380ae0f7b3d80ecfba8aaa6f2bc4e17659bb34d65b2c46c445f787e4",
    "schema_version": "1.0.0",
    "event_type": "agent_order",
    "source": "synthetic_agent",
    "symbol": "BTCUSDT",
    "exchange": "binance_usdm",
    "timestamp": "2024-05-01T00:00:00.540000Z",
    "sequence": 18,
    "scenario_id": "scenario-333-stop_run_sweep",
    "agent_id": "agent-stop_run_sweep",
    "order_id": "scenario-333-stop_run_sweep-agent-stop_run_sweep-18",
    "action": "new",
    "side": "buy",
    "price": 65457.13269999999,
    "quantity": 0.06,
    "remaining_quantity": 0.06
  },
  {
    "event_id": "4c6abdab9604122adf6a2da7446b7ecea9ec9160e9328aafc3be539c8d588a91",
    "schema_version": "1.0.0",
    "event_type": "agent_order",
    "source": "synthetic_agent",
    "symbol": "BTCUSDT",
    "exchange": "binance_usdm",
    "timestamp": "2024-05-01T00:00:00.570000Z",
    "sequence": 19,
    "scenario_id": "scenario-333-stop_run_sweep",
    "agent_id": "agent-stop_run_sweep",
    "order_id": "scenario-333-stop_run_sweep-agent-stop_run_sweep-19",
    "action": "new",
    "side": "buy",
    "price": 65460.39934999999,
    "quantity": 0.06,
    "remaining_quantity": 0.06
  },
  {
    "event_id": "6e4f9d732c7eddce1d7864fed7290004fe535bba3897a42d024711c25bba0253",
    "schema_version": "1.0.0",
    "event_type": "agent_order",
    "source": "synthetic_agent",
    "symbol": "BTCUSDT",
    "exchange": "binance_usdm",
    "timestamp": "2024-05-01T00:00:00.600000Z",
    "sequence": 20,
    "scenario_id": "scenario-333-stop_run_sweep",
    "agent_id": "agent-stop_run_sweep",
    "order_id": "scenario-333-stop_run_sweep-agent-stop_run_sweep-20",
    "action": "new",
    "side": "buy",
    "price": 65463.66599999998,
    "quantity": 0.06,
    "remaining_quantity": 0.06
  },
  {
    "event_id": "3bbde3dfb58d22d7b96b227770b7ef3dca9312eda740b81f423968404275ca27",
    "schema_version": "1.0.0",
    "event_type": "agent_order",
    "source": "synthetic_agent",
    "symbol": "BTCUSDT",
    "exchange": "binance_usdm",
    "timestamp": "2024-05-01T00:00:00.630000Z",
    "sequence": 21,
    "scenario_id": "scenario-333-stop_run_sweep",
    "agent_id": "agent-stop_run_sweep",
    "order_id": "scenario-333-stop_run_sweep-agent-stop_run_sweep-21",
    "action": "new",
    "side": "buy",
    "price": 65466.932649999995,
    "quantity": 0.06,
    "remaining_quantity": 0.06
  },
  {
    "event_id": "c68df2e931e4024e552c1b84ae588adf20f3a240270e0c12bca0c37cad7ca767",
    "schema_version": "1.0.0",
    "event_type": "agent_order",
    "source": "synthetic_agent",
    "symbol": "BTCUSDT",
    "exchange": "binance_usdm",
    "timestamp": "2024-05-01T00:00:00.660000Z",
    "sequence": 22,
    "scenario_id": "scenario-333-stop_run_sweep",
    "agent_id": "agent-stop_run_sweep",
    "order_id": "scenario-333-stop_run_sweep-agent-stop_run_sweep-22",
    "action": "new",
    "side": "buy",
    "price": 65470.1993,
    "quantity": 0.06,
    "remaining_quantity": 0.06
  },
  {
    "event_id": "94905649e49eb9c819e53bd7680a9165493a7954494ebe24fc4be4948bba790d",
    "schema_version": "1.0.0",
    "event_type": "agent_order",
    "source": "synthetic_agent",
    "symbol": "BTCUSDT",
    "exchange": "binance_usdm",
    "timestamp": "2024-05-01T00:00:00.690000Z",
    "sequence": 23,
    "scenario_id": "scenario-333-stop_run_sweep",
    "agent_id": "agent-stop_run_sweep",
    "order_id": "scenario-333-stop_run_sweep-agent-stop_run_sweep-23",
    "action": "new",
    "side": "buy",
    "price": 65473.46594999999,
    "quantity": 0.06,
    "remaining_quantity": 0.06
  },
  {
    "event_id": "cdbf619cbf02a53f035b215ea90a6031ec5f738f80c7be9c4dcfcc83c8e9a76b",
    "schema_version": "1.0.0",
    "event_type": "agent_order",
    "source": "synthetic_agent",
    "symbol": "BTCUSDT",
    "exchange": "binance_usdm",
    "timestamp": "2024-05-01T00:00:00.720000Z",
    "sequence": 24,
    "scenario_id": "scenario-333-stop_run_sweep",
    "agent_id": "agent-stop_run_sweep",
    "order_id": "scenario-333-stop_run_sweep-agent-stop_run_sweep-24",
    "action": "new",
    "side": "buy",
    "price": 65476.732599999996,
    "quantity": 0.06,
    "remaining_quantity": 0.06
  },
  {
    "event_id": "0369b07d69db1cbcb7b29404401ce5047e588a692c37b573045650c2735d3d62",
    "schema_version": "1.0.0",
    "event_type": "agent_order",
    "source": "synthetic_agent",
    "symbol": "BTCUSDT",
    "exchange": "binance_usdm",
    "timestamp": "2024-05-01T00:00:00.750000Z",
    "sequence": 25,
    "scenario_id": "scenario-333-stop_run_sweep",
    "agent_id": "agent-stop_run_sweep",
    "order_id": "scenario-333-stop_run_sweep-agent-stop_run_sweep-25",
    "action": "new",
    "side": "buy",
    "price": 65479.99924999999,
    "quantity": 0.06,
    "remaining_quantity": 0.06
  },
  {
    "event_id": "5588de4e72dd92ac3813e2f4a3d8094a970e203833e59fa9670b63c5adc7d351",
    "schema_version": "1.0.0",
    "event_type": "agent_order",
    "source": "synthetic_agent",
    "symbol": "BTCUSDT",
    "exchange": "binance_usdm",
    "timestamp": "2024-05-01T00:00:00.780000Z",
    "sequence": 26,
    "scenario_id": "scenario-333-stop_run_sweep",
    "agent_id": "agent-stop_run_sweep",
    "order_id": "scenario-333-stop_run_sweep-agent-stop_run_sweep-26",
    "action": "new",
    "side": "buy",
    "price": 65483.2659,
    "quantity": 0.06,
    "remaining_quantity": 0.06
  },
  {
    "event_id": "53979aa9dcb8d42057704ba88f582a55a20da34f50c281ee6d389a351aa212fe",
    "schema_version": "1.0.0",
    "event_type": "agent_order",
    "source": "synthetic_agent",
    "symbol": "BTCUSDT",
    "exchange": "binance_usdm",
    "timestamp": "2024-05-01T00:00:00.810000Z",
    "sequence": 27,
    "scenario_id": "scenario-333-stop_run_sweep",
    "agent_id": "agent-stop_run_sweep",
    "order_id": "scenario-333-stop_run_sweep-agent-stop_run_sweep-27",
    "action": "new",
    "side": "buy",
    "price": 65486.53254999999,
    "quantity": 0.06,
    "remaining_quantity": 0.06
  },
  {
    "event_id": "c36225a527982419b7bea9fb429ce3fffe231154e189126a57ee632015408e13",
    "schema_version": "1.0.0",
    "event_type": "agent_order",
    "source": "synthetic_agent",
    "symbol": "BTCUSDT",
    "exchange": "binance_usdm",
    "timestamp": "2024-05-01T00:00:00.840000Z",
    "sequence": 28,
    "scenario_id": "scenario-333-stop_run_sweep",
    "agent_id": "agent-stop_run_sweep",
    "order_id": "scenario-333-stop_run_sweep-agent-stop_run_sweep-28",
    "action": "new",
    "side": "buy",
    "price": 65489.799199999994,
    "quantity": 0.06,
    "remaining_quantity": 0.06
  },
  {
    "event_id": "b998f9e13641c4f09c1007a9f2668b1c9afd3c75d436f3ac3ead9cee182cf611",
    "schema_version": "1.0.0",
    "event_type": "agent_order",
    "source": "synthetic_agent",
    "symbol": "BTCUSDT",
    "exchange": "binance_usdm",
    "timestamp": "2024-05-01T00:00:00.870000Z",
    "sequence": 29,
    "scenario_id": "scenario-333-stop_run_sweep",
    "agent_id": "agent-stop_run_sweep",
    "order_id": "scenario-333-stop_run_sweep-agent-stop_run_sweep-29",
    "action": "new",
    "side": "buy",
    "price": 65493.06584999999,
    "quantity": 0.06,
    "remaining_quantity": 0.06
  }
]