[
  {
    "event_id": "06c4b2e161c16c45e349c69ecb5e2d4845bf2c384540ff232d59ef72b2bd8626",
    "schema_version": "1.0.0",
    "event_type": "agent_order",
    "source": "synthetic_agent",
    "symbol": "BTCUSDT",
    "exchange": "binance_usdm",
    "timestamp": "2024-05-01T00:00:00Z",
    "sequence": 0,
    "scenario_id": "scenario-338-inventory_rebalancer",
    "agent_id": "agent-inventory_rebalancer",
    "order_id": "scenario-338-inventory_rebalancer-agent-inventory_rebalancer-0",
    "action": "new",
    "side": "sell",
    "price": 65338.0,
    "quantity": 0.004,
    "remaining_quantity": 0.004
  },
  {
    "event_id": "73e92cc3657b3282cc3e2686e07f76851b8e2eec2abecd7f12e31523d60f435a",
    "schema_version": "1.0.0",
    "event_type": "agent_order",
    "source": "synthetic_agent",
    "symbol": "BTCUSDT",
    "exchange": "binance_usdm",
    "timestamp": "2024-05-01T00:00:00.750000Z",
    "sequence": 1,
    "scenario_id": "scenario-338-inventory_rebalancer",
    "agent_id": "agent-inventory_rebalancer",
    "order_id": "scenario-338-inventory_rebalancer-agent-inventory_rebalancer-1",
    "action": "new",
    "side": "buy",
    "price": 65338.0,
    "quantity": 0.004,
    "remaining_quantity": 0.004
  },
  {
    "event_id": "f3b65f55a4b205689bb8ccfc4d5e983047138f9b7989811c1388b151504923c4",
    "schema_version": "1.0.0",
    "event_type": "agent_order",
    "source": "synthetic_agent",
    "symbol": "BTCUSDT",
    "exchange": "binance_usdm",
    "timestamp": "2024-05-01T00:00:01.500000Z",
    "sequence": 2,
    "scenario_id": "scenario-338-inventory_rebalancer",
    "agent_id": "agent-inventory_rebalancer",
    "order_id": "scenario-338-inventory_rebalancer-agent-inventory_rebalancer-2",
    "action": "new",
    "side": "buy",
    "price": 65338.0,
    "quantity": 0.004,
    "remaining_quantity": 0.004
  },
  {
    "event_id": "18cf6022efb51605b95118c18646a2ebed22f728c0a80883674c2cd3a0cef77a",
    "schema_version": "1.0.0",
    "event_type": "agent_order",
    "source": "synthetic_agent",
    "symbol": "BTCUSDT",
    "exchange": "binance_usdm",
    "timestamp": "2024-05-01T00:00:02.250000Z",
    "sequence": 3,
    "scenario_id": "scenario-338-inventory_rebalancer",
    "agent_id": "agent-inventory_rebalancer",
    "order_id": "scenario-338-inventory_rebalancer-agent-inventory_rebalancer-3",
    "action": "new",
    "side": "sell",
    "price": 65338.0,
    "quantity": 0.004,
    "remaining_quantity": 0.004
  },
  {
    "event_id": "50b7d009f61fd802d5f6963355608d1f571629aa08e92ee6d083479888ef03af",
    "schema_version": "1.0.0",
    "event_type": "agent_order",
    "source": "synthetic_agent",
    "symbol": "BTCUSDT",
    "exchange": "binance_usdm",
    "timestamp": "2024-05-01T00:00:03Z",
    "sequence": 4,
    "scenario_id": "scenario-338-inventory_rebalancer",
    "agent_id": "agent-inventory_rebalancer",
    "order_id": "scenario-338-inventory_rebalancer-agent-inventory_rebalancer-4",
    "action": "new",
    "side": "buy",
    "price": 65338.0,
    "quantity": 0.004,
    "remaining_quantity": 0.004
  },
  {
    "event_id": "84ebc5a7a4b5c5d3a700a89d92226c6a6a27c5f364b679578750058c82ce01dd",
    "schema_version": "1.0.0",
    "event_type": "agent_order",
    "source": "synthetic_agent",
    "symbol": "BTCUSDT",
    "exchange": "binance_usdm",
    "timestamp": "2024-05-01T00:00:03.750000Z",
    "sequence": 5,
    "scenario_id": "scenario-338-inventory_rebalancer",
    "agent_id": "agent-inventory_rebalancer",
    "order_id": "scenario-338-inventory_rebalancer-agent-inventory_rebalancer-5",
    "action": "new",
    "side": "buy",
    "price": 65338.0,
    "quantity": 0.004,
    "remaining_quantity": 0.004
  },
  {
    "event_id": "d5888a28b8314c08def90662272998d096b161459b1c387c91850961a93498b9",
    "schema_version": "1.0.0",
    "event_type": "agent_order",
    "source": "synthetic_agent",
    "symbol": "BTCUSDT",
    "exchange": "binance_usdm",
    "timestamp": "2024-05-01T00:00:04.500000Z",
    "sequence": 6,
    "scenario_id": "scenario-338-inventory_rebalancer",
    "agent_id": "agent-inventory_rebalancer",
    "order_id": "scenario-338-inventory_rebalancer-agent-inventory_rebalancer-6",
    "action": "new",
    "side": "sell",
    "price": 65338.0,
    "quantity": 0.004,
    "remaining_quantity": 0.004
  },
  {
    "event_id": "7e01716fdfa05b42e367a3f0a456e20513cb0417e901bcdee5b415c12f190af0",
    "schema_version": "1.0.0",
    "event_type": "agent_order",
    "source": "synthetic_agent",
    "symbol": "BTCUSDT",
    "exchange": "binance_usdm",
    "timestamp": "2024-05-01T00:00:05.250000Z",
    "sequence": 7,
    "scenario_id": "scenario-338-inventory_rebalancer",
    "agent_id": "agent-inventory_rebalancer",
    "order_id": "scenario-338-inventory_rebalancer-agent-inventory_rebalancer-7",
    "action": "new",
    "side": "buy",
    "price": 65338.0,
    "quantity": 0.004,
    "remaining_quantity": 0.004
  },
  {
    "event_id": "2433f8f9b9429d51318813529a724d5ee1c1805acf4d59e21377b1bcf3fb16ea",
    "schema_version": "1.0.0",
    "event_type": "agent_order",
    "source": "synthetic_agent",
    "symbol": "BTCUSDT",
    "exchange": "binance_usdm",
    "timestamp": "2024-05-01T00:00:06Z",
    "sequence": 8,
    "scenario_id": "scenario-338-inventory_rebalancer",
    "agent_id": "agent-inventory_rebalancer",
    "order_id": "scenario-338-inventory_rebalancer-agent-inventory_rebalancer-8",
    "action": "new",
    "side": "buy",
    "price": 65338.0,
    "quantity": 0.004,
    "remaining_quantity": 0.004
  },
  {
    "event_id": "6d624f5c54867364d3a171adbfe472eb29d82607fb691c5dec58547bbe2d6b86",
    "schema_version": "1.0.0",
    "event_type": "agent_order",
    "source": "synthetic_agent",
    "symbol": "BTCUSDT",
    "exchange": "binance_usdm",
    "timestamp": "2024-05-01T00:00:06.750000Z",
    "sequence": 9,
    "scenario_id": "scenario-338-inventory_rebalancer",
    "agent_id": "agent-inventory_rebalancer",
    "order_id": "scenario-338-inventory_rebalancer-agent-inventory_rebalancer-9",
    "action": "new",
    "side": "sell",
    "price": 65338.0,
    "quantity": 0.004,
    "remaining_quantity": 0.004
  },
  {
    "event_id": "19e77fd4896c48b0c17a0d47be7865c826d6c2baf44df25736075d09ecb15259",
    "schema_version": "1.0.0",
    "event_type": "agent_order",
    "source": "synthetic_agent",
    "symbol": "BTCUSDT",
    "exchange": "binance_usdm",
    "timestamp": "2024-05-01T00:00:07.500000Z",
    "sequence": 10,
    "scenario_id": "scenario-338-inventory_rebalancer",
    "agent_id": "agent-inventory_rebalancer",
    "order_id": "scenario-338-inventory_rebalancer-agent-inventory_rebalancer-10",
    "action": "new",
    "side": "buy",
    "price": 65338.0,
    "quantity": 0.004,
    "remaining_quantity": 0.004
  },
  {
    "event_id": "044da768504d7290f73f4e0a563aabed657b1960fa6401b43a6e50c575c41c95",
    "schema_version": "1.0.0",
    "event_type": "agent_order",
    "source": "synthetic_agent",
    "symbol": "BTCUSDT",
    "exchange": "binance_usdm",
    "timestamp": "2024-05-01T00:00:08.250000Z",
    "sequence": 11,
    "scenario_id": "scenario-338-inventory_rebalancer",
    "agent_id": "agent-inventory_rebalancer",
    "order_id": "scenario-338-inventory_rebalancer-agent-inventory_rebalancer-11",
    "action": "new",
    "side": "buy",
    "price": 65338.0,
    "quantity": 0.004,
    "remaining_quantity": 0.004
  },
  {
    "event_id": "ec3f9e341b0ab092afd6607f6113f564fd1cf0f50501c2ac632d9b4198d926db",
    "schema_version": "1.0.0",
    "event_type": "agent_order",
    "source": "synthetic_agent",
    "symbol": "BTCUSDT",
    "exchange": "binance_usdm",
    "timestamp": "2024-05-01T00:00:09Z",
    "sequence": 12,
    "scenario_id": "scenario-338-inventory_rebalancer",
    "agent_id": "agent-inventory_rebalancer",
    "order_id": "scenario-338-inventory_rebalancer-agent-inventory_rebalancer-12",
    "action": "new",
    "side": "sell",
    "price": 65338.0,
    "quantity": 0.004,
    "remaining_quantity": 0.004
  },
  {
    "event_id": "0c9451fb18c40b6e52ead601cfa5cba177c294aff00851bf7cdb2ac1a9b8cf19",
    "schema_version": "1.0.0",
    "event_type": "agent_order",
    "source": "synthetic_agent",
    "symbol": "BTCUSDT",
    "exchange": "binance_usdm",
    "timestamp": "2024-05-01T00:00:09.750000Z",
    "sequence": 13,
    "scenario_id": "scenario-338-inventory_rebalancer",
    "agent_id": "agent-inventory_rebalancer",
    "order_id": "scenario-338-inventory_rebalancer-agent-inventory_rebalancer-13",
    "action": "new",
    "side": "buy",
    "price": 65338.0,
    "quantity": 0.004,
    "remaining_quantity": 0.004
  },
  {
    "event_id": "14cfd05091c7e9fa923ba958c0d502ee886eba38cdb664e22f42f742b057624c",
    "schema_version": "1.0.0",
    "event_type": "agent_order",
    "source": "synthetic_agent",
    "symbol": "BTCUSDT",
    "exchange": "binance_usdm",
    "timestamp": "2024-05-01T00:00:10.500000Z",
    "sequence": 14,
    "scenario_id": "scenario-338-inventory_rebalancer",
    "agent_id": "agent-inventory_rebalancer",
    "order_id": "scenario-338-inventory_rebalancer-agent-inventory_rebalancer-14",
    "action": "new",
    "side": "buy",
    "price": 65338.0,
    "quantity": 0.004,
    "remaining_quantity": 0.004
  },
  {
    "event_id": "99f4409e8659a8e52b371de6db40e96464edb9f252a9e3c9f7420a5fdecbdfff",
    "schema_version": "1.0.0",
    "event_type": "agent_order",
    "source": "synthetic_agent",
    "symbol": "BTCUSDT",
    "exchange": "binance_usdm",
    "timestamp": "2024-05-01T00:00:11.250000Z",
    "sequence": 15,
    "scenario_id": "scenario-338-inventory_rebalancer",
    "agent_id": "agent-inventory_rebalancer",
    "order_id": "scenario-338-inventory_rebalancer-agent-inventory_rebalancer-15",
    "action": "new",
    "side": "sell",
    "price": 65338.0,
    "quantity": 0.004,
    "remaining_quantity": 0.004
  },
  {
    "event_id": "bc74da2df5a08f7ac424ed974f11f801d30f6e192e1d3ef9f5d5b2ec80c7a5de",
    "schema_version": "1.0.0",
    "event_type": "agent_order",
    "source": "synthetic_agent",
    "symbol": "BTCUSDT",
    "exchange": "binance_usdm",
    "timestamp": "2024-05-01T00:00:12Z",
    "sequence": 16,
    "scenario_id": "scenario-338-inventory_rebalancer",
    "agent_id": "agent-inventory_rebalancer",
    "order_id": "scenario-338-inventory_rebalancer-agent-inventory_rebalancer-16",
    "action": "new",
    "side": "buy",
    "price": 65338.0,
    "quantity": 0.004,
    "remaining_quantity": 0.004
  },
  {
    "event_id": "95abfdd288e6df821aa8459edb26d8207fe44ffd1d106799562f14018ade6fe3",
    "schema_version": "1.0.0",
    "event_type": "agent_order",
    "source": "synthetic_agent",
    "symbol": "BTCUSDT",
    "exchange": "binance_usdm",
    "timestamp": "2024-05-01T00:00:12.750000Z",
    "sequence": 17,
    "scenario_id": "scenario-338-inventory_rebalancer",
    "agent_id": "agent-inventory_rebalancer",
    "order_id": "scenario-338-inventory_rebalancer-agent-inventory_rebalancer-17",
    "action": "new",
    "side": "buy",
    "price": 65338.0,
    "quantity": 0.004,
    "remaining_quantity": 0.004
  },
  {
    "event_id": "a42b1dddd89a82c32e310885e329b0c67d3a045eb306c96ef6446b7c0e7bfc1f",
    "schema_version": "1.0.0",
    "event_type": "agent_order",
    "source": "synthetic_agent",
    "symbol": "BTCUSDT",
    "exchange": "binance_usdm",
    "timestamp": "2024-05-01T00:00:13.500000Z",
    "sequence": 18,
    "scenario_id": "scenario-338-inventory_rebalancer",
    "agent_id": "agent-inventory_rebalancer",
    "order_id": "scenario-338-inventory_rebalancer-agent-inventory_rebalancer-18",
    "action": "new",
    "side": "sell",
    "price": 65338.0,
    "quantity": 0.004,
    "remaining_quantity": 0.004
  },
  {
    "event_id": "b070b0578894a98a918f81bbc3223d2728e02d6af052c631edf98c0fa98badd5",
    "schema_version": "1.0.0",
    "event_type": "agent_order",
    "source": "synthetic_agent",
    "symbol": "BTCUSDT",
    "exchange": "binance_usdm",
    "timestamp": "2024-05-01T00:00:14.250000Z",
    "sequence": 19,
    "scenario_id": "scenario-338-inventory_rebalancer",
    "agent_id": "agent-inventory_rebalancer",
    "order_id": "scenario-338-inventory_rebalancer-agent-inventory_rebalancer-19",
    "action": "new",
    "side": "buy",
    "price": 65338.0,
    "quantity": 0.004,
    "remaining_quantity": 0.004
  },
  {
    "event_id": "05494e34b01aaed3b365df54b6b57026e42d4ae30f1d90b08b701c2f85599d0c",
    "schema_version": "1.0.0",
    "event_type": "agent_order",
    "source": "synthetic_agent",
    "symbol": "BTCUSDT",
    "exchange": "binance_usdm",
    "timestamp": "2024-05-01T00:00:15Z",
    "sequence": 20,
    "scenario_id": "scenario-338-inventory_rebalancer",
    "agent_id": "agent-inventory_rebalancer",
    "order_id": "scenario-338-inventory_rebalancer-agent-inventory_rebalancer-20",
    "action": "new",
    "side": "buy",
    "price": 65338.0,
    "quantity": 0.004,
    "remaining_quantity": 0.004
  },
  {
    "event_id": "0ca2f56baee2b82404dc5533a2149a21144b4d1a6a8da25b97d54b3923e2255b",
    "schema_version": "1.0.0",
    "event_type": "agent_order",
    "source": "synthetic_agent",
    "symbol": "BTCUSDT",
    "exchange": "binance_usdm",
    "timestamp": "2024-05-01T00:00:15.750000Z",
    "sequence": 21,
    "scenario_id": "scenario-338-inventory_rebalancer",
    "agent_id": "agent-inventory_rebalancer",
    "order_id": "scenario-338-inventory_rebalancer-agent-inventory_rebalancer-21",
    "action": "new",
    "side": "sell",
    "price": 65338.0,
    "quantity": 0.004,
    "remaining_quantity": 0.004
  },
  {
    "event_id": "d7934b1ccd5274887816557c8d7f726721ad8d785c774c051ca85f018079f78c",
    "schema_version": "1.0.0",
    "event_type": "agent_order",
    "source": "synthetic_agent",
    "symbol": "BTCUSDT",
    "exchange": "binance_usdm",
    "timestamp": "2024-05-01T00:00:16.500000Z",
    "sequence": 22,
    "scenario_id": "scenario-338-inventory_rebalancer",
    "agent_id": "agent-inventory_rebalancer",
    "order_id": "scenario-338-inventory_rebalancer-agent-inventory_rebalancer-22",
    "action": "new",
    "side": "buy",
    "price": 65338.0,
    "quantity": 0.004,
    "remaining_quantity": 0.004
  },
  {
    "event_id": "dd98ad59fa814b28f94af7dd5b3ba301683adae33fdc308c52890908d843bff5",
    "schema_version": "1.0.0",
    "event_type": "agent_order",
    "source": "synthetic_agent",
    "symbol": "BTCUSDT",
    "exchange": "binance_usdm",
    "timestamp": "2024-05-01T00:00:17.250000Z",
    "sequence": 23,
    "scenario_id": "scenario-338-inventory_rebalancer",
    "agent_id": "agent-inventory_rebalancer",
    "order_id": "scenario-338-inventory_rebalancer-agent-inventory_rebalancer-23",
    "action": "new",
    "side": "buy",
    "price": 65338.0,
    "quantity": 0.004,
    "remaining_quantity": 0.004
  },
  {
    "event_id": "ca033d0e13d9907ed40f21da89f935ddd7101161ca5c11d553c476c7d44d4b95",
    "schema_version": "1.0.0",
    "event_type": "agent_order",
    "source": "synthetic_agent",
    "symbol": "BTCUSDT",
    "exchange": "binance_usdm",
    "timestamp": "2024-05-01T00:00:18Z",
    "sequence": 24,
    "scenario_id": "scenario-338-inventory_rebalancer",
    "agent_id": "agent-inventory_rebalancer",
    "order_id": "scenario-338-inventory_rebalancer-agent-inventory_rebalancer-24",
    "action": "new",
    "side": "sell",
    "price": 65338.0,
    "quantity": 0.004,
    "remaining_quantity": 0.004
  },
  {
    "event_id": "e73e8c99e5c468d8abdf60c3738a2afccd0b380b7a34bc0b7c27e4bcef81f449",
    "schema_version": "1.0.0",
    "event_type": "agent_order",
    "source": "synthetic_agent",
    "symbol": "BTCUSDT",
    "exchange": "binance_usdm",
    "timestamp": "2024-05-01T00:00:18.750000Z",
    "sequence": 25,
    "scenario_id": "scenario-338-inventory_rebalancer",
    "agent_id": "agent-inventory_rebalancer",
    "order_id": "scenario-338-inventory_rebalancer-agent-inventory_rebalancer-25",
    "action": "new",
    "side": "buy",
    "price": 65338.0,
    "quantity": 0.004,
    "remaining_quantity": 0.004
  },
  {
    "event_id": "2782c47fac68841a99ac39e5a4c07c0347b0ca12aa2e9571cedaae6c59d65243",
    "schema_version": "1.0.0",
    "event_type": "agent_order",
    "source": "synthetic_agent",
    "symbol": "BTCUSDT",
    "exchange": "binance_usdm",
    "timestamp": "2024-05-01T00:00:19.500000Z",
    "sequence": 26,
    "scenario_id": "scenario-338-inventory_rebalancer",
    "agent_id": "agent-inventory_rebalancer",
    "order_id": "scenario-338-inventory_rebalancer-agent-inventory_rebalancer-26",
    "action": "new",
    "side": "buy",
    "price": 65338.0,
    "quantity": 0.004,
    "remaining_quantity": 0.004
  },
  {
    "event_id": "89a659573e63367d82299ffc4f4b0ae6ec431ec66f34e6bbc1bf1385f51cf3cf",
    "schema_version": "1.0.0",
    "event_type": "agent_order",
    "source": "synthetic_agent",
    "symbol": "BTCUSDT",
    "exchange": "binance_usdm",
    "timestamp": "2024-05-01T00:00:20.250000Z",
    "sequence": 27,
    "scenario_id": "scenario-338-inventory_rebalancer",
    "agent_id": "agent-inventory_rebalancer",
    "order_id": "scenario-338-inventory_rebalancer-agent-inventory_rebalancer-27",
    "action": "new",
    "side": "sell",
    "price": 65338.0,
    "quantity": 0.004,
    "remaining_quantity": 0.004
  },
  {
    "event_id": "06fdeb108f4d5a596828fdd7b058c8ee74a8b710aa804b19b45f3a7cb126a09e",
    "schema_version": "1.0.0",
    "event_type": "agent_order",
    "source": "synthetic_agent",
    "symbol": "BTCUSDT",
    "exchange": "binance_usdm",
    "timestamp": "2024-05-01T00:00:21Z",
    "sequence": 28,
    "scenario_id": "scenario-338-inventory_rebalancer",
    "agent_id": "agent-inventory_rebalancer",
    "order_id": "scenario-338-inventory_rebalancer-agent-inventory_rebalancer-28",
    "action": "new",
    "side": "buy",
    "price": 65338.0,
    "quantity": 0.004,
    "remaining_quantity": 0.004
  },
  {
    "event_id": "078dbb839fe9797fbcefbd8c6fe28a2ea3462b76f1b4594ca5f5dfba4893527b",
    "schema_version": "1.0.0",
    "event_type": "agent_order",
    "source": "synthetic_agent",
    "symbol": "BTCUSDT",
    "exchange": "binance_usdm",
    "timestamp": "2024-05-01T00:00:21.750000Z",
    "sequence": 29,
    "scenario_id": "scenario-338-inventory_rebalancer",
    "agent_id": "agent-inventory_rebalancer",
    "order_id": "scenario-338-inventory_rebalancer-agent-inventory_rebalancer-29",
    "action": "new",
    "side": "buy",
    "price": 65338.0,
    "quantity": 0.004,
    "remaining_quantity": 0.004
  }
]