[
  {
    "event_id": "b4121c7ec9d6a7a77bc8936a0fe960ac68005571e034e7df8268b9411117fb7a",
    "schema_version": "1.0.0",
    "event_type": "agent_order",
    "source": "synthetic_agent",
    "symbol": "BTCUSDT",
    "exchange": "binance_usdm",
    "timestamp": "2024-05-01T00:00:00Z",
    "sequence": 0,
    "scenario_id": "scenario-037-twap_execution",
    "agent_id": "agent-twap_execution",
    "order_id": "scenario-037-twap_execution-agent-twap_execution-0",
    "action": "new",
    "side": "buy",
    "price": 65004.4815,
    "quantity": 0.005,
    "remaining_quantity": 0.005
  },
  {
    "event_id": "57016776f90318cc5851576749014b44324e8befbd73274373f5b84163a3ffca",
    "schema_version": "1.0.0",
    "event_type": "agent_order",
    "source": "synthetic_agent",
    "symbol": "BTCUSDT",
    "exchange": "binance_usdm",
    "timestamp": "2024-05-01T00:00:01Z",
    "sequence": 1,
    "scenario_id": "scenario-037-twap_execution",
    "agent_id": "agent-twap_execution",
    "order_id": "scenario-037-twap_execution-agent-twap_execution-1",
    "action": "new",
    "side": "buy",
    "price": 65004.4815,
    "quantity": 0.005,
    "remaining_quantity": 0.005
  },
  {
    "event_id": "1092f2a2fa6c01d1c9bfa8a4f4879c91f1abeda8c153e45a30fc49a94950d9d4",
    "schema_version": "1.0.0",
    "event_type": "agent_order",
    "source": "synthetic_agent",
    "symbol": "BTCUSDT",
    "exchange": "binance_usdm",
    "timestamp": "2024-05-01T00:00:02Z",
    "sequence": 2,
    "scenario_id": "scenario-037-twap_execution",
    "agent_id": "agent-twap_execution",
    "order_id": "scenario-037-twap_execution-agent-twap_execution-2",
    "action": "new",
    "side": "buy",
    "price": 65004.4815,
    "quantity": 0.005,
    "remaining_quantity": 0.005
  },
  {
    "event_id": "8620e1696b5dbdce901006c31d4795f09012e4692968e12b088c0a36d7913bd3",
    "schema_version": "1.0.0",
    "event_type": "agent_order",
    "source": "synthetic_agent",
    "symbol": "BTCUSDT",
    "exchange": "binance_usdm",
    "timestamp": "2024-05-01T00:00:03Z",
    "sequence": 3,
    "scenario_id": "scenario-037-twap_execution",
    "agent_id": "agent-twap_execution",
    "order_id": "scenario-037-twap_execution-agent-twap_execution-3",
    "action": "new",
    "side": "buy",
    "price": 65004.4815,
    "quantity": 0.005,
    "remaining_quantity": 0.005
  },
  {
    "event_id": "d9daec3572831b169b61b96c11b741cadf0c703e1aa2a94503bee4ce222e8124",
    "schema_version": "1.0.0",
    "event_type": "agent_order",
    "source": "synthetic_agent",
    "symbol": "BTCUSDT",
    "exchange": "binance_usdm",
    "timestamp": "2024-05-01T00:00:04Z",
    "sequence": 4,
    "scenario_id": "scenario-037-twap_execution",
    "agent_id": "agent-twap_execution",
    "order_id": "scenario-037-twap_execution-agent-twap_execution-4",
    "action": "new",
    "side": "buy",
    "price": 65004.4815,
    "quantity": 0.005,
    "remaining_quantity": 0.005
  },
  {
    "event_id": "797d0ffa0cbc6b6de339448e199dc3c164ac411a8004f0074f2b89e1751ff557",
    "schema_version": "1.0.0",
    "event_type": "agent_order",
    "source": "synthetic_agent",
    "symbol": "BTCUSDT",
    "exchange": "binance_usdm",
    "timestamp": "2024-05-01T00:00:05Z",
    "sequence": 5,
    "scenario_id": "scenario-037-twap_execution",
    "agent_id": "agent-twap_execution",
    "order_id": "scenario-037-twap_execution-agent-twap_execution-5",
    "action": "new",
    "side": "buy",
    "price": 65004.4815,
    "quantity": 0.005,
    "remaining_quantity": 0.005
  },
  {
    "event_id": "61c33995e5a48af8014e9d7af005ffe6333f5ee39070d01147b89627080cb80e",
    "schema_version": "1.0.0",
    "event_type": "agent_order",
    "source": "synthetic_agent",
    "symbol": "BTCUSDT",
    "exchange": "binance_usdm",
    "timestamp": "2024-05-01T00:00:06Z",
    "sequence": 6,
    "scenario_id": "scenario-037-twap_execution",
    "agent_id": "agent-twap_execution",
    "order_id": "scenario-037-twap_execution-agent-twap_execution-6",
    "action": "new",
    "side": "buy",
    "price": 65004.4815,
    "quantity": 0.005,
    "remaining_quantity": 0.005
  },
  {
    "event_id": "d680d19c5e210ff2df0679e103e82bd00bba0f56e1179259fe1652a06aa020bd",
    "schema_version": "1.0.0",
    "event_type": "agent_order",
    "source": "synthetic_agent",
    "symbol": "BTCUSDT",
    "exchange": "binance_usdm",
    "timestamp": "2024-05-01T00:00:07Z",
    "sequence": 7,
    "scenario_id": "scenario-037-twap_execution",
    "agent_id": "agent-twap_execution",
    "order_id": "scenario-037-twap_execution-agent-twap_execution-7",
    "action": "new",
    "side": "buy",
    "price": 65004.4815,
    "quantity": 0.005,
    "remaining_quantity": 0.005
  },
  {
    "event_id": "011a527e903a5ec024d499ec237b9316460c492a9acf5f196cc4e84bc42b7c05",
    "schema_version": "1.0.0",
    "event_type": "agent_order",
    "source": "synthetic_agent",
    "symbol": "BTCUSDT",
    "exchange": "binance_usdm",
    "timestamp": "2024-05-01T00:00:08Z",
    "sequence": 8,
    "scenario_id": "scenario-037-twap_execution",
    "agent_id": "agent-twap_execution",
    "order_id": "scenario-037-twap_execution-agent-twap_execution-8",
    "action": "new",
    "side": "buy",
    "price": 65004.4815,
    "quantity": 0.005,
    "remaining_quantity": 0.005
  },
  {
    "event_id": "b4e586f48c0ff9ac45f6e7752044e5fc38c8fde8aaa79b0c4e142b06ade7fd95",
    "schema_version": "1.0.0",
    "event_type": "agent_order",
    "source": "synthetic_agent",
    "symbol": "BTCUSDT",
    "exchange": "binance_usdm",
    "timestamp": "2024-05-01T00:00:09Z",
    "sequence": 9,
    "scenario_id": "scenario-037-twap_execution",
    "agent_id": "agent-twap_execution",
    "order_id": "scenario-037-twap_execution-agent-twap_execution-9",
    "action": "new",
    "side": "buy",
    "price": 65004.4815,
    "quantity": 0.005,
    "remaining_quantity": 0.005
  },
  {
    "event_id": "62998812e82e73696faff6a8fb59580390a7aac6bc522d016043deab4c5098fb",
    "schema_version": "1.0.0",
    "event_type": "agent_order",
    "source": "synthetic_agent",
    "symbol": "BTCUSDT",
    "exchange": "binance_usdm",
    "timestamp": "2024-05-01T00:00:10Z",
    "sequence": 10,
    "scenario_id": "scenario-037-twap_execution",
    "agent_id": "agent-twap_execution",
    "order_id": "scenario-037-twap_execution-agent-twap_execution-10",
    "action": "new",
    "side": "buy",
    "price": 65004.4815,
    "quantity": 0.005,
    "remaining_quantity": 0.005
  },
  {
    "event_id": "e3d22b488460562b62c1f1a3aec922d0301660d09fd5c4d6fe8e44750508d185",
    "schema_version": "1.0.0",
    "event_type": "agent_order",
    "source": "synthetic_agent",
    "symbol": "BTCUSDT",
    "exchange": "binance_usdm",
    "timestamp": "2024-05-01T00:00:11Z",
    "sequence": 11,
    "scenario_id": "scenario-037-twap_execution",
    "agent_id": "agent-twap_execution",
    "order_id": "scenario-037-twap_execution-agent-twap_execution-11",
    "action": "new",
    "side": "buy",
    "price": 65004.4815,
    "quantity": 0.005,
    "remaining_quantity": 0.005
  },
  {
    "event_id": "5e447134149a9cd85e8860a51c446a96ae2d692964a14374bf916320434ce2af",
    "schema_version": "1.0.0",
    "event_type": "agent_order",
    "source": "synthetic_agent",
    "symbol": "BTCUSDT",
    "exchange": "binance_usdm",
    "timestamp": "2024-05-01T00:00:12Z",
    "sequence": 12,
    "scenario_id": "scenario-037-twap_execution",
    "agent_id": "agent-twap_execution",
    "order_id": "scenario-037-twap_execution-agent-twap_execution-12",
    "action": "new",
    "side": "buy",
    "price": 65004.4815,
    "quantity": 0.005,
    "remaining_quantity": 0.005
  },
  {
    "event_id": "b779f62e4c5d1afb5cca73ce12cf3b689c29b8b4adbfbab6089ea864442f6f10",
    "schema_version": "1.0.0",
    "event_type": "agent_order",
    "source": "synthetic_agent",
    "symbol": "BTCUSDT",
    "exchange": "binance_usdm",
    "timestamp": "2024-05-01T00:00:13Z",
    "sequence": 13,
    "scenario_id": "scenario-037-twap_execution",
    "agent_id": "agent-twap_execution",
    "order_id": "scenario-037-twap_execution-agent-twap_execution-13",
    "action": "new",
    "side": "buy",
    "price": 65004.4815,
    "quantity": 0.005,
    "remaining_quantity": 0.005
  },
  {
    "event_id": "50d1770b6f804a5c650794ed87adcd96466bb52d48bfceeb5a66af94b7332adb",
    "schema_version": "1.0.0",
    "event_type": "agent_order",
    "source": "synthetic_agent",
    "symbol": "BTCUSDT",
    "exchange": "binance_usdm",
    "timestamp": "2024-05-01T00:00:14Z",
    "sequence": 14,
    "scenario_id": "scenario-037-twap_execution",
    "agent_id": "agent-twap_execution",
    "order_id": "scenario-037-twap_execution-agent-twap_execution-14",
    "action": "new",
    "side": "buy",
    "price": 65004.4815,
    "quantity": 0.005,
    "remaining_quantity": 0.005
  },
  {
    "event_id": "38c34e4f2f0dd905481c9b25e68adc7e51ddb30fb68b60db4750395d1dda06ce",
    "schema_version": "1.0.0",
    "event_type": "agent_order",
    "source": "synthetic_agent",
    "symbol": "BTCUSDT",
    "exchange": "binance_usdm",
    "timestamp": "2024-05-01T00:00:15Z",
    "sequence": 15,
    "scenario_id": "scenario-037-twap_execution",
    "agent_id": "agent-twap_execution",
    "order_id": "scenario-037-twap_execution-agent-twap_execution-15",
    "action": "new",
    "side": "buy",
    "price": 65004.4815,
    "quantity": 0.005,
    "remaining_quantity": 0.005
  },
  {
    "event_id": "c587fa317fa905ae4a451504c6c5ad17a0e5082b44406b8694a44dbfbd3a13b0",
    "schema_version": "1.0.0",
    "event_type": "agent_order",
    "source": "synthetic_agent",
    "symbol": "BTCUSDT",
    "exchange": "binance_usdm",
    "timestamp": "2024-05-01T00:00:16Z",
    "sequence": 16,
    "scenario_id": "scenario-037-twap_execution",
    "agent_id": "agent-twap_execution",
    "order_id": "scenario-037-twap_execution-agent-twap_execution-16",
    "action": "new",
    "side": "buy",
    "price": 65004.4815,
    "quantity": 0.005,
    "remaining_quantity": 0.005
  },
  {
    "event_id": "2a0adf59c2b0f235b0a420f2e695c2a6758c340475b270168b8a15e83942610f",
    "schema_version": "1.0.0",
    "event_type": "agent_order",
    "source": "synthetic_agent",
    "symbol": "BTCUSDT",
    "exchange": "binance_usdm",
    "timestamp": "2024-05-01T00:00:17Z",
    "sequence": 17,
    "scenario_id": "scenario-037-twap_execution",
    "agent_id": "agent-twap_execution",
    "order_id": "scenario-037-twap_execution-agent-twap_execution-17",
    "action": "new",
    "side": "buy",
    "price": 65004.4815,
    "quantity": 0.005,
    "remaining_quantity": 0.005
  },
  {
    "event_id": "9f9ef7dd6b2eddde949a47accb65188a8b13b792d988d70890f90de530a705a1",
    "schema_version": "1.0.0",
    "event_type": "agent_order",
    "source": "synthetic_agent",
    "symbol": "BTCUSDT",
    "exchange": "binance_usdm",
    "timestamp": "2024-05-01T00:00:18Z",
    "sequence": 18,
    "scenario_id": "scenario-037-twap_execution",
    "agent_id": "agent-twap_execution",
    "order_id": "scenario-037-twap_execution-agent-twap_execution-18",
    "action": "new",
    "side": "buy",
    "price": 65004.4815,
    "quantity": 0.005,
    "remaining_quantity": 0.005
  },
  {
    "event_id": "bc731094f2179b3d8ba6182047b612a6b47a9d8a1f392355894406087803e53f",
    "schema_version": "1.0.0",
    "event_type": "agent_order",
    "source": "synthetic_agent",
    "symbol": "BTCUSDT",
    "exchange": "binance_usdm",
    "timestamp": "2024-05-01T00:00:19Z",
    "sequence": 19,
    "scenario_id": "scenario-037-twap_execution",
    "agent_id": "agent-twap_execution",
    "order_id": "scenario-037-twap_execution-agent-twap_execution-19",
    "action": "new",
    "side": "buy",
    "price": 65004.4815,
    "quantity": 0.005,
    "remaining_quantity": 0.005
  },
  {
    "event_id": "156bb70092de87a08647c7f0944f075478f20fc5570251d7f959e2784e540738",
    "schema_version": "1.0.0",
    "event_type": "agent_order",
    "source": "synthetic_agent",
    "symbol": "BTCUSDT",
    "exchange": "binance_usdm",
    "timestamp": "2024-05-01T00:00:20Z",
    "sequence": 20,
    "scenario_id": "scenario-037-twap_execution",
    "agent_id": "agent-twap_execution",
    "order_id": "scenario-037-twap_execution-agent-twap_execution-20",
    "action": "new",
    "side": "buy",
    "price": 65004.4815,
    "quantity": 0.005,
    "remaining_quantity": 0.005
  },
  {
    "event_id": "749cf8b6cc4958953c22cb98c751c57d5860a7bc8debe0428aad1a41d6dc2017",
    "schema_version": "1.0.0",
    "event_type": "agent_order",
    "source": "synthetic_agent",
    "symbol": "BTCUSDT",
    "exchange": "binance_usdm",
    "timestamp": "2024-05-01T00:00:21Z",
    "sequence": 21,
    "scenario_id": "scenario-037-twap_execution",
    "agent_id": "agent-twap_execution",
    "order_id": "scenario-037-twap_execution-agent-twap_execution-21",
    "action": "new",
    "side": "buy",
    "price": 65004.4815,
    "quantity": 0.005,
    "remaining_quantity": 0.005
  },
  {
    "event_id": "aaa5599db6ede022b35142d4aa3535ea9f61daa81bfabeb4ec1f3d5978795175",
    "schema_version": "1.0.0",
    "event_type": "agent_order",
    "source": "synthetic_agent",
    "symbol": "BTCUSDT",
    "exchange": "binance_usdm",
    "timestamp": "2024-05-01T00:00:22Z",
    "sequence": 22,
    "scenario_id": "scenario-037-twap_execution",
    "agent_id": "agent-twap_execution",
    "order_id": "scenario-037-twap_execution-agent-twap_execution-22",
    "action": "new",
    "side": "buy",
    "price": 65004.4815,
    "quantity": 0.005,
    "remaining_quantity": 0.005
  },
  {
    "event_id": "d4adaf3d6580c55f35bb281d7417dd38c99b56fea8b3b33f17b7f0cb58b61a61",
    "schema_version": "1.0.0",
    "event_type": "agent_order",
    "source": "synthetic_agent",
    "symbol": "BTCUSDT",
    "exchange": "binance_usdm",
    "timestamp": "2024-05-01T00:00:23Z",
    "sequence": 23,
    "scenario_id": "scenario-037-twap_execution",
    "agent_id": "agent-twap_execution",
    "order_id": "scenario-037-twap_execution-agent-twap_execution-23",
    "action": "new",
    "side": "buy",
    "price": 65004.4815,
    "quantity": 0.005,
    "remaining_quantity": 0.005
  },
  {
    "event_id": "e3f72b23e3e450f22e19bfc79c5c2d2f1e126709f61bb2b7d865f3e0989fc4e6",
    "schema_version": "1.0.0",
    "event_type": "agent_order",
    "source": "synthetic_agent",
    "symbol": "BTCUSDT",
    "exchange": "binance_usdm",
    "timestamp": "2024-05-01T00:00:24Z",
    "sequence": 24,
    "scenario_id": "scenario-037-twap_execution",
    "agent_id": "agent-twap_execution",
    "order_id": "scenario-037-twap_execution-agent-twap_execution-24",
    "action": "new",
    "side": "buy",
    "price": 65004.4815,
    "quantity": 0.005,
    "remaining_quantity": 0.005
  },
  {
    "event_id": "cf4ea392f33c091392c80dd239745493b2a950154bc669e721f2881d685aec9f",
    "schema_version": "1.0.0",
    "event_type": "agent_order",
    "source": "synthetic_agent",
    "symbol": "BTCUSDT",
    "exchange": "binance_usdm",
    "timestamp": "2024-05-01T00:00:25Z",
    "sequence": 25,
    "scenario_id": "scenario-037-twap_execution",
    "agent_id": "agent-twap_execution",
    "order_id": "scenario-037-twap_execution-agent-twap_execution-25",
    "action": "new",
    "side": "buy",
    "price": 65004.4815,
    "quantity": 0.005,
    "remaining_quantity": 0.005
  },
  {
    "event_id": "5835d699809400dbe9c8dc70d7797b41f70728a4b6efc4e5a6abdcffeabe3746",
    "schema_version": "1.0.0",
    "event_type": "agent_order",
    "source": "synthetic_agent",
    "symbol": "BTCUSDT",
    "exchange": "binance_usdm",
    "timestamp": "2024-05-01T00:00:26Z",
    "sequence": 26,
    "scenario_id": "scenario-037-twap_execution",
    "agent_id": "agent-twap_execution",
    "order_id": "scenario-037-twap_execution-agent-twap_execution-26",
    "action": "new",
    "side": "buy",
    "price": 65004.4815,
    "quantity": 0.005,
    "remaining_quantity": 0.005
  },
  {
    "event_id": "c1c6b221e821dc54baac9ca2d9488c1c357ba1e03cff25a300b43d7748a93110",
    "schema_version": "1.0.0",
    "event_type": "agent_order",
    "source": "synthetic_agent",
    "symbol": "BTCUSDT",
    "exchange": "binance_usdm",
    "timestamp": "2024-05-01T00:00:27Z",
    "sequence": 27,
    "scenario_id": "scenario-037-twap_execution",
    "agent_id": "agent-twap_execution",
    "order_id": "scenario-037-twap_execution-agent-twap_execution-27",
    "action": "new",
    "side": "buy",
    "price": 65004.4815,
    "quantity": 0.005,
    "remaining_quantity": 0.005
  },
  {
    "event_id": "fa104e06b4afa5fc27890759f8f59e822f4d1bf1cf5e51dbde2156887894ae21",
    "schema_version": "1.0.0",
    "event_type": "agent_order",
    "source": "synthetic_agent",
    "symbol": "BTCUSDT",
    "exchange": "binance_usdm",
    "timestamp": "2024-05-01T00:00:28Z",
    "sequence": 28,
    "scenario_id": "scenario-037-twap_execution",
    "agent_id": "agent-twap_execution",
    "order_id": "scenario-037-twap_execution-agent-twap_execution-28",
    "action": "new",
    "side": "buy",
    "price": 65004.4815,
    "quantity": 0.005,
    "remaining_quantity": 0.005
  },
  {
    "event_id": "2786648b9b18d38b6af16b09024b194eea3e8e03c79e6baf199d1537508453a2",
    "schema_version": "1.0.0",
    "event_type": "agent_order",
    "source": "synthetic_agent",
    "symbol": "BTCUSDT",
    "exchange": "binance_usdm",
    "timestamp": "2024-05-01T00:00:29Z",
    "sequence": 29,
    "scenario_id": "scenario-037-twap_execution",
    "agent_id": "agent-twap_execution",
    "order_id": "scenario-037-twap_execution-agent-twap_execution-29",
    "action": "new",
    "side": "buy",
    "price": 65004.4815,
    "quantity": 0.005,
    "remaining_quantity": 0.005
  }
]