[
  {
    "event_id": "5c923947628da6bd2917c8403110d956b5bc0ac7a1a16411b9fb9af9df48da9d",
    "schema_version": "1.0.0",
    "event_type": "agent_order",
    "source": "synthetic_agent",
    "symbol": "BTCUSDT",
    "exchange": "binance_usdm",
    "timestamp": "2024-05-01T00:00:00Z",
    "sequence": 0,
    "scenario_id": "scenario-235-coordinated_burst",
    "agent_id": "agent-coordinated_burst-0",
    "order_id": "scenario-235-coordinated_burst-agent-coordinated_burst-0-0",
    "action": "new",
    "side": "buy",
    "price": 65248.047,
    "quantity": 0.04,
    "remaining_quantity": 0.04
  },
  {
    "event_id": "c637bbd2adce048f4996b231b65fff84988993072c020172b4c905f78f5a4f08",
    "schema_version": "1.0.0",
    "event_type": "agent_order",
    "source": "synthetic_agent",
    "symbol": "BTCUSDT",
    "exchange": "binance_usdm",
    "timestamp": "2024-05-01T00:00:00.012000Z",
    "sequence": 1,
    "scenario_id": "scenario-235-coordinated_burst",
    "agent_id": "agent-coordinated_burst-1",
    "order_id": "scenario-235-coordinated_burst-agent-coordinated_burst-1-1",
    "action": "new",
    "side": "sell",
    "price": 65221.953,
    "quantity": 0.04,
    "remaining_quantity": 0.04
  },
  {
    "event_id": "b953081acd23cdb104f6f7050d11c6134d6e11b92c79c8dbb0beee52ea97de72",
    "schema_version": "1.0.0",
    "event_type": "agent_order",
    "source": "synthetic_agent",
    "symbol": "BTCUSDT",
    "exchange": "binance_usdm",
    "timestamp": "2024-05-01T00:00:00.024000Z",
    "sequence": 2,
    "scenario_id": "scenario-235-coordinated_burst",
    "agent_id": "agent-coordinated_burst-2",
    "order_id": "scenario-235-coordinated_burst-agent-coordinated_burst-2-2",
    "action": "new",
    "side": "sell",
    "price": 65221.953,
    "quantity": 0.04,
    "remaining_quantity": 0.04
  },
  {
    "event_id": "2553cdd59ab4875c9b6b57c6327f69a7844a8086fca3c88deb856e2f74b13781",
    "schema_version": "1.0.0",
    "event_type": "agent_order",
    "source": "synthetic_agent",
    "symbol": "BTCUSDT",
    "exchange": "binance_usdm",
    "timestamp": "2024-05-01T00:00:00.036000Z",
    "sequence": 3,
    "scenario_id": "scenario-235-coordinated_burst",
    "agent_id": "agent-coordinated_burst-0",
    "order_id": "scenario-235-coordinated_burst-agent-coordinated_burst-0-3",
    "action": "new",
    "side": "buy",
    "price": 65248.047,
    "quantity": 0.04,
    "remaining_quantity": 0.04
  },
  {
    "event_id": "82d6e61bc15f634f7a8d9cd14cb0f69308d0b1e60cd23e225bd120f0f31d16aa",
    "schema_version": "1.0.0",
    "event_type": "agent_order",
    "source": "synthetic_agent",
    "symbol": "BTCUSDT",
    "exchange": "binance_usdm",
    "timestamp": "2024-05-01T00:00:00.048000Z",
    "sequence": 4,
    "scenario_id": "scenario-235-coordinated_burst",
    "agent_id": "agent-coordinated_burst-1",
    "order_id": "scenario-235-coordinated_burst-agent-coordinated_burst-1-4",
    "action": "new",
    "side": "sell",
    "price": 65221.953,
    "quantity": 0.04,
    "remaining_quantity": 0.04
  },
  {
    "event_id": "d8f99d1adf48d4ac542f57e9b5bfb2891842bee058cdb5f43e38ad0362662e8b",
    "schema_version": "1.0.0",
    "event_type": "agent_order",
    "source": "synthetic_agent",
    "symbol": "BTCUSDT",
    "exchange": "binance_usdm",
    "timestamp": "2024-05-01T00:00:00.600000Z",
    "sequence": 5,
    "scenario_id": "scenario-235-coordinated_burst",
    "agent_id": "agent-coordinated_burst-2",
    "order_id": "scenario-235-coordinated_burst-agent-coordinated_burst-2-5",
    "action": "new",
    "side": "sell",
    "price": 65221.953,
    "quantity": 0.04,
    "remaining_quantity": 0.04
  },
  {
    "event_id": "197493d43bc2a8e8601b07714aef18391eb08c01fab3676a4362c7fda1e22cca",
    "schema_version": "1.0.0",
    "event_type": "agent_order",
    "source": "synthetic_agent",
    "symbol": "BTCUSDT",
    "exchange": "binance_usdm",
    "timestamp": "2024-05-01T00:00:00.072000Z",
    "sequence": 6,
    "scenario_id": "scenario-235-coordinated_burst",
    "agent_id": "agent-coordinated_burst-0",
    "order_id": "scenario-235-coordinated_burst-agent-coordinated_burst-0-6",
    "action": "new",
    "side": "buy",
    "price": 65248.047,
    "quantity": 0.04,
    "remaining_quantity": 0.04
  },
  {
    "event_id": "c44490786ef897ad1d84fe22e1ae7a7afb1fd754962641399a718b9e2863339d",
    "schema_version": "1.0.0",
    "event_type": "agent_order",
    "source": "synthetic_agent",
    "symbol": "BTCUSDT",
    "exchange": "binance_usdm",
    "timestamp": "2024-05-01T00:00:00.084000Z",
    "sequence": 7,
    "scenario_id": "scenario-235-coordinated_burst",
    "agent_id": "agent-coordinated_burst-1",
    "order_id": "scenario-235-coordinated_burst-agent-coordinated_burst-1-7",
    "action": "new",
    "side": "sell",
    "price": 65221.953,
    "quantity": 0.04,
    "remaining_quantity": 0.04
  },
  {
    "event_id": "998634571272a32952872983bf600778de49c2dc116cd9a28b808f4274f4bd3e",
    "schema_version": "1.0.0",
    "event_type": "agent_order",
    "source": "synthetic_agent",
    "symbol": "BTCUSDT",
    "exchange": "binance_usdm",
    "timestamp": "2024-05-01T00:00:00.096000Z",
    "sequence": 8,
    "scenario_id": "scenario-235-coordinated_burst",
    "agent_id": "agent-coordinated_burst-2",
    "order_id": "scenario-235-coordinated_burst-agent-coordinated_burst-2-8",
    "action": "new",
    "side": "sell",
    "price": 65221.953,
    "quantity": 0.04,
    "remaining_quantity": 0.04
  },
  {
    "event_id": "65689fd4a58207f2836f1b31b0b962508eb2c7048eed37981e718ca93918cb24",
    "schema_version": "1.0.0",
    "event_type": "agent_order",
    "source": "synthetic_agent",
    "symbol": "BTCUSDT",
    "exchange": "binance_usdm",
    "timestamp": "2024-05-01T00:00:00.108000Z",
    "sequence": 9,
    "scenario_id": "scenario-235-coordinated_burst",
    "agent_id": "agent-coordinated_burst-0",
    "order_id": "scenario-235-coordinated_burst-agent-coordinated_burst-0-9",
    "action": "new",
    "side": "buy",
    "price": 65248.047,
    "quantity": 0.04,
    "remaining_quantity": 0.04
  },
  {
    "event_id": "ac6ae383dd0a2d122595319f61732e47e35debe30e4ee9c80de02c9673e0e8ae",
    "schema_version": "1.0.0",
    "event_type": "agent_order",
    "source": "synthetic_agent",
    "symbol": "BTCUSDT",
    "exchange": "binance_usdm",
    "timestamp": "2024-05-01T00:00:01.200000Z",
    "sequence": 10,
    "scenario_id": "scenario-235-coordinated_burst",
    "agent_id": "agent-coordinated_burst-1",
    "order_id": "scenario-235-coordinated_burst-agent-coordinated_burst-1-10",
    "action": "new",
    "side": "sell",
    "price": 65221.953,
    "quantity": 0.04,
    "remaining_quantity": 0.04
  },
  {
    "event_id": "debba7f5219cc3f632ea6331a8cd821c615d46e536e9d11e59196c81fc8dd675",
    "schema_version": "1.0.0",
    "event_type": "agent_order",
    "source": "synthetic_agent",
    "symbol": "BTCUSDT",
    "exchange": "binance_usdm",
    "timestamp": "2024-05-01T00:00:00.132000Z",
    "sequence": 11,
    "scenario_id": "scenario-235-coordinated_burst",
    "agent_id": "agent-coordinated_burst-2",
    "order_id": "scenario-235-coordinated_burst-agent-coordinated_burst-2-11",
    "action": "new",
    "side": "sell",
    "price": 65221.953,
    "quantity": 0.04,
    "remaining_quantity": 0.04
  },
  {
    "event_id": "d00d4732cddb4a477bd1934ba5cf22d813a6c37594bc56d91f0afd404bede436",
    "schema_version": "1.0.0",
    "event_type": "agent_order",
    "source": "synthetic_agent",
    "symbol": "BTCUSDT",
    "exchange": "binance_usdm",
    "timestamp": "2024-05-01T00:00:00.144000Z",
    "sequence": 12,
    "scenario_id": "scenario-235-coordinated_burst",
    "agent_id": "agent-coordinated_burst-0",
    "order_id": "scenario-235-coordinated_burst-agent-coordinated_burst-0-12",
    "action": "new",
    "side": "buy",
    "price": 65248.047,
    "quantity": 0.04,
    "remaining_quantity": 0.04
  },
  {
    "event_id": "c8a5dd016ba59f8f638a73cc692266c35881aa0982532654adc0c9f176575fd7",
    "schema_version": "1.0.0",
    "event_type": "agent_order",
    "source": "synthetic_agent",
    "symbol": "BTCUSDT",
    "exchange": "binance_usdm",
    "timestamp": "2024-05-01T00:00:00.156000Z",
    "sequence": 13,
    "scenario_id": "scenario-235-coordinated_burst",
    "agent_id": "agent-coordinated_burst-1",
    "order_id": "scenario-235-coordinated_burst-agent-coordinated_burst-1-13",
    "action": "new",
    "side": "sell",
    "price": 65221.953,
    "quantity": 0.04,
    "remaining_quantity": 0.04
  },
  {
    "event_id": "bf841876363a0af6ff860b2ff7504301aefa92bd15208d17da616de35f411acb",
    "schema_version": "1.0.0",
    "event_type": "agent_order",
    "source": "synthetic_agent",
    "symbol": "BTCUSDT",
    "exchange": "binance_usdm",
    "timestamp": "2024-05-01T00:00:00.168000Z",
    "sequence": 14,
    "scenario_id": "scenario-235-coordinated_burst",
    "agent_id": "agent-coordinated_burst-2",
    "order_id": "scenario-235-coordinated_burst-agent-coordinated_burst-2-14",
    "action": "new",
    "side": "sell",
    "price": 65221.953,
    "quantity": 0.04,
    "remaining_quantity": 0.04
  },
  {
    "event_id": "323a86c4611fd31071b26b2125b557470921c41f093e08ef34fce3dee4bfee78",
    "schema_version": "1.0.0",
    "event_type": "agent_order",
    "source": "synthetic_agent",
    "symbol": "BTCUSDT",
    "exchange": "binance_usdm",
    "timestamp": "2024-05-01T00:00:01.800000Z",
    "sequence": 15,
    "scenario_id": "scenario-235-coordinated_burst",
    "agent_id": "agent-coordinated_burst-0",
    "order_id": "scenario-235-coordinated_burst-agent-coordinated_burst-0-15",
    "action": "new",
    "side": "buy",
    "price": 65248.047,
    "quantity": 0.04,
    "remaining_quantity": 0.04
  },
  {
    "event_id": "09368894704830ed4f8cbf92b59496328ab265a1464a3eb5380782068dfed296",
    "schema_version": "1.0.0",
    "event_type": "agent_order",
    "source": "synthetic_agent",
    "symbol": "BTCUSDT",
    "exchange": "binance_usdm",
    "timestamp": "2024-05-01T00:00:00.192000Z",
    "sequence": 16,
    "scenario_id": "scenario-235-coordinated_burst",
    "agent_id": "agent-coordinated_burst-1",
    "order_id": "scenario-235-coordinated_burst-agent-coordinated_burst-1-16",
    "action": "new",
    "side": "sell",
    "price": 65221.953,
    "quantity": 0.04,
    "remaining_quantity": 0.04
  },
  {
    "event_id": "30fa3d5820570671d928d13590d0fa8d4edf746607afee895890606f0011cedb",
    "schema_version": "1.0.0",
    "event_type": "agent_order",
    "source": "synthetic_agent",
    "symbol": "BTCUSDT",
    "exchange": "binance_usdm",
    "timestamp": "2024-05-01T00:00:00.204000Z",
    "sequence": 17,
    "scenario_id": "scenario-235-coordinated_burst",
    "agent_id": "agent-coordinated_burst-2",
    "order_id": "scenario-235-coordinated_burst-agent-coordinated_burst-2-17",
    "action": "new",
    "side": "sell",
    "price": 65221.953,
    "quantity": 0.04,
    "remaining_quantity": 0.04
  },
  {
    "event_id": "89c75890bd7866fce12dfde37f9ba486cc81a2cabc169d4dfc4e82f23932e0c0",
    "schema_version": "1.0.0",
    "event_type": "agent_order",
    "source": "synthetic_agent",
    "symbol": "BTCUSDT",
    "exchange": "binance_usdm",
    "timestamp": "2024-05-01T00:00:00.216000Z",
    "sequence": 18,
    "scenario_id": "scenario-235-coordinated_burst",
    "agent_id": "agent-coordinated_burst-0",
    "order_id": "scenario-235-coordinated_burst-agent-coordinated_burst-0-18",
    "action": "new",
    "side": "buy",
    "price": 65248.047,
    "quantity": 0.04,
    "remaining_quantity": 0.04
  },
  {
    "event_id": "a82f0395f21b2438dd487d29b0edb861586272fbd17da1839a9a17ec4f0c7323",
    "schema_version": "1.0.0",
    "event_type": "agent_order",
    "source": "synthetic_agent",
    "symbol": "BTCUSDT",
    "exchange": "binance_usdm",
    "timestamp": "2024-05-01T00:00:00.228000Z",
    "sequence": 19,
    "scenario_id": "scenario-235-coordinated_burst",
    "agent_id": "agent-coordinated_burst-1",
    "order_id": "scenario-235-coordinated_burst-agent-coordinated_burst-1-19",
    "action": "new",
    "side": "sell",
    "price": 65221.953,
    "quantity": 0.04,
    "remaining_quantity": 0.04
  },
  {
    "event_id": "cfa72709a704f346be83afb9d73d142a4c879dd0414253781abb4c751a73b38f",
    "schema_version": "1.0.0",
    "event_type": "agent_order",
    "source": "synthetic_agent",
    "symbol": "BTCUSDT",
    "exchange": "binance_usdm",
    "timestamp": "2024-05-01T00:00:02.400000Z",
    "sequence": 20,
    "scenario_id": "scenario-235-coordinated_burst",
    "agent_id": "agent-coordinated_burst-2",
    "order_id": "scenario-235-coordinated_burst-agent-coordinated_burst-2-20",
    "action": "new",
    "side": "sell",
    "price": 65221.953,
    "quantity": 0.04,
    "remaining_quantity": 0.04
  },
  {
    "event_id": "cf81e46b0a419489fdc318c77234c840fdb25ac9f928e99ffdaf8f397761addf",
    "schema_version": "1.0.0",
    "event_type": "agent_order",
    "source": "synthetic_agent",
    "symbol": "BTCUSDT",
    "exchange": "binance_usdm",
    "timestamp": "2024-05-01T00:00:00.252000Z",
    "sequence": 21,
    "scenario_id": "scenario-235-coordinated_burst",
    "agent_id": "agent-coordinated_burst-0",
    "order_id": "scenario-235-coordinated_burst-agent-coordinated_burst-0-21",
    "action": "new",
    "side": "buy",
    "price": 65248.047,
    "quantity": 0.04,
    "remaining_quantity": 0.04
  },
  {
    "event_id": "208360a5879718e5487be72366159f4a945f00b05165db69e9d385c76414ea09",
    "schema_version": "1.0.0",
    "event_type": "agent_order",
    "source": "synthetic_agent",
    "symbol": "BTCUSDT",
    "exchange": "binance_usdm",
    "timestamp": "2024-05-01T00:00:00.264000Z",
    "sequence": 22,
    "scenario_id": "scenario-235-coordinated_burst",
    "agent_id": "agent-coordinated_burst-1",
    "order_id": "scenario-235-coordinated_burst-agent-coordinated_burst-1-22",
    "action": "new",
    "side": "sell",
    "price": 65221.953,
    "quantity": 0.04,
    "remaining_quantity": 0.04
  },
  {
    "event_id": "abef5b861846d70388f0e453fb6922492157a744a6b0623c0bda331073222741",
    "schema_version": "1.0.0",
    "event_type": "agent_order",
    "source": "synthetic_agent",
    "symbol": "BTCUSDT",
    "exchange": "binance_usdm",
    "timestamp": "2024-05-01T00:00:00.276000Z",
    "sequence": 23,
    "scenario_id": "scenario-235-coordinated_burst",
    "agent_id": "agent-coordinated_burst-2",
    "order_id": "scenario-235-coordinated_burst-agent-coordinated_burst-2-23",
    "action": "new",
    "side": "sell",
    "price": 65221.953,
    "quantity": 0.04,
    "remaining_quantity": 0.04
  },
  {
    "event_id": "95b687e2e959eb9145b0845ce2b3e6d66df0f9a7a12a6376398e15d6a6298c93",
    "schema_version": "1.0.0",
    "event_type": "agent_order",
    "source": "synthetic_agent",
    "symbol": "BTCUSDT",
    "exchange": "binance_usdm",
    "timestamp": "2024-05-01T00:00:00.288000Z",
    "sequence": 24,
    "scenario_id": "scenario-235-coordinated_burst",
    "agent_id": "agent-coordinated_burst-0",
    "order_id": "scenario-235-coordinated_burst-agent-coordinated_burst-0-24",
    "action": "new",
    "side": "buy",
    "price": 65248.047,
    "quantity": 0.04,
    "remaining_quantity": 0.04
  },
  {
    "event_id": "8a43f30c196d5592218a2848a43fad134c4a6f7828743ad960b7173f2ba8ef68",
    "schema_version": "1.0.0",
    "event_type": "agent_order",
    "source": "synthetic_agent",
    "symbol": "BTCUSDT",
    "exchange": "binance_usdm",
    "timestamp": "2024-05-01T00:00:03Z",
    "sequence": 25,
    "scenario_id": "scenario-235-coordinated_burst",
    "agent_id": "agent-coordinated_burst-1",
    "order_id": "scenario-235-coordinated_burst-agent-coordinated_burst-1-25",
    "action": "new",
    "side": "sell",
    "price": 65221.953,
    "quantity": 0.04,
    "remaining_quantity": 0.04
  },
  {
    "event_id": "efe554f954d488fd9fe5b99c08d3b8af55276eab3c20e00493708d9464689392",
    "schema_version": "1.0.0",
    "event_type": "agent_order",
    "source": "synthetic_agent",
    "symbol": "BTCUSDT",
    "exchange": "binance_usdm",
    "timestamp": "2024-05-01T00:00:00.312000Z",
    "sequence": 26,
    "scenario_id": "scenario-235-coordinated_burst",
    "agent_id": "agent-coordinated_burst-2",
    "order_id": "scenario-235-coordinated_burst-agent-coordinated_burst-2-26",
    "action": "new",
    "side": "sell",
    "price": 65221.953,
    "quantity": 0.04,
    "remaining_quantity": 0.04
  },
  {
    "event_id": "408673ba5e86a152b682acb3ea5c7f062796771eacde505d000958e51e1644b4",
    "schema_version": "1.0.0",
    "event_type": "agent_order",
    "source": "synthetic_agent",
    "symbol": "BTCUSDT",
    "exchange": "binance_usdm",
    "timestamp": "2024-05-01T00:00:00.324000Z",
    "sequence": 27,
    "scenario_id": "scenario-235-coordinated_burst",
    "agent_id": "agent-coordinated_burst-0",
    "order_id": "scenario-235-coordinated_burst-agent-coordinated_burst-0-27",
    "action": "new",
    "side": "buy",
    "price": 65248.047,
    "quantity": 0.04,
    "remaining_quantity": 0.04
  },
  {
    "event_id": "a94503375fa4330eb5a7f91a490a73aef7fc0d8f7ecea5883624c1642a18a0b8",
    "schema_version": "1.0.0",
    "event_type": "agent_order",
    "source": "synthetic_agent",
    "symbol": "BTCUSDT",
    "exchange": "binance_usdm",
    "timestamp": "2024-05-01T00:00:00.336000Z",
    "sequence": 28,
    "scenario_id": "scenario-235-coordinated_burst",
    "agent_id": "agent-coordinated_burst-1",
    "order_id": "scenario-235-coordinated_burst-agent-coordinated_burst-1-28",
    "action": "new",
    "side": "sell",
    "price": 65221.953,
    "quantity": 0.04,
    "remaining_quantity": 0.04
  },
  {
    "event_id": "154eaf4df9c7564f19ed7dd846280445ebcdb460f44b86b97048af08e840aa25",
    "schema_version": "1.0.0",
    "event_type": "agent_order",
    "source": "synthetic_agent",
    "symbol": "BTCUSDT",
    "exchange": "binance_usdm",
    "timestamp": "2024-05-01T00:00:00.348000Z",
    "sequence": 29,
    "scenario_id": "scenario-235-coordinated_burst",
    "agent_id": "agent-coordinated_burst-2",
    "order_id": "scenario-235-coordinated_burst-agent-coordinated_burst-2-29",
    "action": "new",
    "side": "sell",
    "price": 65221.953,
    "quantity": 0.04,
    "remaining_quantity": 0.04
  }
]