[
  {
    "event_id": "3fbb46d402ec9f5b69755485e0dd02ff299da1cef756492a487291218315c106",
    "schema_version": "1.0.0",
    "event_type": "agent_order",
    "source": "synthetic_agent",
    "symbol": "BTCUSDT",
    "exchange": "binance_usdm",
    "timestamp": "2024-05-01T00:00:00Z",
    "sequence": 0,
    "scenario_id": "scenario-359-volatility_feedback",
    "agent_id": "agent-volatility_feedback",
    "order_id": "scenario-359-volatility_feedback-agent-volatility_feedback-0",
    "action": "new",
    "side": "buy",
    "price": 65424.35899999999,
    "quantity": 0.02,
    "remaining_quantity": 0.02
  },
  {
    "event_id": "a2a99618f086db948e12559410526d1eee9bc6943d1ff91382409b57a6e9c6ec",
    "schema_version": "1.0.0",
    "event_type": "agent_order",
    "source": "synthetic_agent",
    "symbol": "BTCUSDT",
    "exchange": "binance_usdm",
    "timestamp": "2024-05-01T00:00:00.020000Z",
    "sequence": 1,
    "scenario_id": "scenario-359-volatility_feedback",
    "agent_id": "agent-volatility_feedback",
    "order_id": "scenario-359-volatility_feedback-agent-volatility_feedback-1",
    "action": "new",
    "side": "sell",
    "price": 65292.33382,
    "quantity": 0.03,
    "remaining_quantity": 0.03
  },
  {
    "event_id": "753fd5dad30e7cb41c6b3cf11967b4bc491f8e98650a7fa2d466843878b03808",
    "schema_version": "1.0.0",
    "event_type": "agent_order",
    "source": "synthetic_agent",
    "symbol": "BTCUSDT",
    "exchange": "binance_usdm",
    "timestamp": "2024-05-01T00:00:00.040000Z",
    "sequence": 2,
    "scenario_id": "scenario-359-volatility_feedback",
    "agent_id": "agent-volatility_feedback",
    "order_id": "scenario-359-volatility_feedback-agent-volatility_feedback-2",
    "action": "new",
    "side": "buy",
    "price": 65426.973359999996,
    "quantity": 0.04,
    "remaining_quantity": 0.04
  },
  {
    "event_id": "775e86be2ba7d677c343397aa7c21e607ebd538e64a90d844447c013f0b7a9cc",
    "schema_version": "1.0.0",
    "event_type": "agent_order",
    "source": "synthetic_agent",
    "symbol": "BTCUSDT",
    "exchange": "binance_usdm",
    "timestamp": "2024-05-01T00:00:00.060000Z",
    "sequence": 3,
    "scenario_id": "scenario-359-volatility_feedback",
    "agent_id": "agent-volatility_feedback",
    "order_id": "scenario-359-volatility_feedback-agent-volatility_feedback-3",
    "action": "new",
    "side": "sell",
    "price": 65289.71946,
    "quantity": 0.05,
    "remaining_quantity": 0.05
  },
  {
    "event_id": "223e94fbffc511a514ed7da23ff471d7d623f4e1a2fd74a437badb0baf0a10cc",
    "schema_version": "1.0.0",
    "event_type": "agent_order",
    "source": "synthetic_agent",
    "symbol": "BTCUSDT",
    "exchange": "binance_usdm",
    "timestamp": "2024-05-01T00:00:00.080000Z",
    "sequence": 4,
    "scenario_id": "scenario-359-volatility_feedback",
    "agent_id": "agent-volatility_feedback",
    "order_id": "scenario-359-volatility_feedback-agent-volatility_feedback-4",
    "action": "new",
    "side": "buy",
    "price": 65429.587719999996,
    "quantity": 0.02,
    "remaining_quantity": 0.02
  },
  {
    "event_id": "4d9624e93e8b07923ff108afc7e8dc37c1d0b9886f1adeb987961b80a4753548",
    "schema_version": "1.0.0",
    "event_type": "agent_order",
    "source": "synthetic_agent",
    "symbol": "BTCUSDT",
    "exchange": "binance_usdm",
    "timestamp": "2024-05-01T00:00:00.100000Z",
    "sequence": 5,
    "scenario_id": "scenario-359-volatility_feedback",
    "agent_id": "agent-volatility_feedback",
    "order_id": "scenario-359-volatility_feedback-agent-volatility_feedback-5",
    "action": "new",
    "side": "sell",
    "price": 65287.1051,
    "quantity": 0.03,
    "remaining_quantity": 0.03
  },
  {
    "event_id": "70ffaadcdc5bcaa462deab6ebb1cc258ba618cf97ec7a5855f5a03180982576b",
    "schema_version": "1.0.0",
    "event_type": "agent_order",
    "source": "synthetic_agent",
    "symbol": "BTCUSDT",
    "exchange": "binance_usdm",
    "timestamp": "2024-05-01T00:00:00.120000Z",
    "sequence": 6,
    "scenario_id": "scenario-359-volatility_feedback",
    "agent_id": "agent-volatility_feedback",
    "order_id": "scenario-359-volatility_feedback-agent-volatility_feedback-6",
    "action": "new",
    "side": "buy",
    "price": 65432.20208,
    "quantity": 0.04,
    "remaining_quantity": 0.04
  },
  {
    "event_id": "e0adb76cfac98be2ba1f88dd61cde7afdec6b576f4c40b0534a87289a24e9c1a",
    "schema_version": "1.0.0",
    "event_type": "agent_order",
    "source": "synthetic_agent",
    "symbol": "BTCUSDT",
    "exchange": "binance_usdm",
    "timestamp": "2024-05-01T00:00:00.140000Z",
    "sequence": 7,
    "scenario_id": "scenario-359-volatility_feedback",
    "agent_id": "agent-volatility_feedback",
    "order_id": "scenario-359-volatility_feedback-agent-volatility_feedback-7",
    "action": "new",
    "side": "sell",
    "price": 65284.49074,
    "quantity": 0.05,
    "remaining_quantity": 0.05
  },
  {
    "event_id": "efc7b8b770051da1e3c0fffa23b1fa018bb5e4f32a5c55e730b143bbe5e10b42",
    "schema_version": "1.0.0",
    "event_type": "agent_order",
    "source": "synthetic_agent",
    "symbol": "BTCUSDT",
    "exchange": "binance_usdm",
    "timestamp": "2024-05-01T00:00:00.160000Z",
    "sequence": 8,
    "scenario_id": "scenario-359-volatility_feedback",
    "agent_id": "agent-volatility_feedback",
    "order_id": "scenario-359-volatility_feedback-agent-volatility_feedback-8",
    "action": "new",
    "side": "buy",
    "price": 65434.81644,
    "quantity": 0.02,
    "remaining_quantity": 0.02
  },
  {
    "event_id": "eae9420d1723de802e813cdd34ba170b146556bb4ed2a15da57d5399acd96046",
    "schema_version": "1.0.0",
    "event_type": "agent_order",
    "source": "synthetic_agent",
    "symbol": "BTCUSDT",
    "exchange": "binance_usdm",
    "timestamp": "2024-05-01T00:00:00.180000Z",
    "sequence": 9,
    "scenario_id": "scenario-359-volatility_feedback",
    "agent_id": "agent-volatility_feedback",
    "order_id": "scenario-359-volatility_feedback-agent-volatility_feedback-9",
    "action": "new",
    "side": "sell",
    "price": 65281.87638,
    "quantity": 0.03,
    "remaining_quantity": 0.03
  },
  {
    "event_id": "b8b5a5a59010dba7263e1ee90ba029f615f4b3b0affc5cb8398ddfb5a0cc9eb2",
    "schema_version": "1.0.0",
    "event_type": "agent_order",
    "source": "synthetic_agent",
    "symbol": "BTCUSDT",
    "exchange": "binance_usdm",
    "timestamp": "2024-05-01T00:00:00.200000Z",
    "sequence": 10,
    "scenario_id": "scenario-359-volatility_feedback",
    "agent_id": "agent-volatility_feedback",
    "order_id": "scenario-359-volatility_feedback-agent-volatility_feedback-10",
    "action": "new",
    "side": "buy",
    "price": 65437.43080000001,
    "quantity": 0.04,
    "remaining_quantity": 0.04
  },
  {
    "event_id": "bb03c37281c5039586fcaeff736185fa16feb173cb713da21166d2a19b95f266",
    "schema_version": "1.0.0",
    "event_type": "agent_order",
    "source": "synthetic_agent",
    "symbol": "BTCUSDT",
    "exchange": "binance_usdm",
    "timestamp": "2024-05-01T00:00:00.220000Z",
    "sequence": 11,
    "scenario_id": "scenario-359-volatility_feedback",
    "agent_id": "agent-volatility_feedback",
    "order_id": "scenario-359-volatility_feedback-agent-volatility_feedback-11",
    "action": "new",
    "side": "sell",
    "price": 65279.26202,
    "quantity": 0.05,
    "remaining_quantity": 0.05
  },
  {
    "event_id": "7adca72b020512e5ac029c7fcd02cb0bde8b9df14075887a47687e7008944a5a",
    "schema_version": "1.0.0",
    "event_type": "agent_order",
    "source": "synthetic_agent",
    "symbol": "BTCUSDT",
    "exchange": "binance_usdm",
    "timestamp": "2024-05-01T00:00:00.240000Z",
    "sequence": 12,
    "scenario_id": "scenario-359-volatility_feedback",
    "agent_id": "agent-volatility_feedback",
    "order_id": "scenario-359-volatility_feedback-agent-volatility_feedback-12",
    "action": "new",
    "side": "buy",
    "price": 65440.045159999994,
    "quantity": 0.02,
    "remaining_quantity": 0.02
  },
  {
    "event_id": "73af173d28913eac2a10f1096ecffb9688860f4bedbdeaad70a770eb184e4a68",
    "schema_version": "1.0.0",
    "event_type": "agent_order",
    "source": "synthetic_agent",
    "symbol": "BTCUSDT",
    "exchange": "binance_usdm",
    "timestamp": "2024-05-01T00:00:00.260000Z",
    "sequence": 13,
    "scenario_id": "scenario-359-volatility_feedback",
    "agent_id": "agent-volatility_feedback",
    "order_id": "scenario-359-volatility_feedback-agent-volatility_feedback-13",
    "action": "new",
    "side": "sell",
    "price": 65276.647659999995,
    "quantity": 0.03,
    "remaining_quantity": 0.03
  },
  {
    "event_id": "d331649c6a5923f65adb3e3780c68ddf5e01b835d693a9468d8cc18a997be993",
    "schema_version": "1.0.0",
    "event_type": "agent_order",
    "source": "synthetic_agent",
    "symbol": "BTCUSDT",
    "exchange": "binance_usdm",
    "timestamp": "2024-05-01T00:00:00.280000Z",
    "sequence": 14,
    "scenario_id": "scenario-359-volatility_feedback",
    "agent_id": "agent-volatility_feedback",
    "order_id": "scenario-359-volatility_feedback-agent-volatility_feedback-14",
    "action": "new",
    "side": "buy",
    "price": 65442.659519999994,
    "quantity": 0.04,
    "remaining_quantity": 0.04
  },
  {
    "event_id": "a7aadc60764561561dfb64531f6ec80a3cd4a03ddf17d40f3ec633b41aaf29d1",
    "schema_version": "1.0.0",
    "event_type": "agent_order",
    "source": "synthetic_agent",
    "symbol": "BTCUSDT",
    "exchange": "binance_usdm",
    "timestamp": "2024-05-01T00:00:00.300000Z",
    "sequence": 15,
    "scenario_id": "scenario-359-volatility_feedback",
    "agent_id": "agent-volatility_feedback",
    "order_id": "scenario-359-volatility_feedback-agent-volatility_feedback-15",
    "action": "new",
    "side": "sell",
    "price": 65274.0333,
    "quantity": 0.05,
    "remaining_quantity": 0.05
  },
  {
    "event_id": "a3ac567fbc82f9007612d1157179661c8c549ebac42b2bb264d83fa34c719cf1",
    "schema_version": "1.0.0",
    "event_type": "agent_order",
    "source": "synthetic_agent",
    "symbol": "BTCUSDT",
    "exchange": "binance_usdm",
    "timestamp": "2024-05-01T00:00:00.320000Z",
    "sequence": 16,
    "scenario_id": "scenario-359-volatility_feedback",
    "agent_id": "agent-volatility_feedback",
    "order_id": "scenario-359-volatility_feedback-agent-volatility_feedback-16",
    "action": "new",
    "side": "buy",
    "price": 65445.27388,
    "quantity": 0.02,
    "remaining_quantity": 0.02
  },
  {
    "event_id": "9fc2e39621e29f675f92221644d1653f4c3b5e3d202f362912dbcf4aba94276b",
    "schema_version": "1.0.0",
    "event_type": "agent_order",
    "source": "synthetic_agent",
    "symbol": "BTCUSDT",
    "exchange": "binance_usdm",
    "timestamp": "2024-05-01T00:00:00.340000Z",
    "sequence": 17,
    "scenario_id": "scenario-359-volatility_feedback",
    "agent_id": "agent-volatility_feedback",
    "order_id": "scenario-359-volatility_feedback-agent-volatility_feedback-17",
    "action": "new",
    "side": "sell",
    "price": 65271.418939999996,
    "quantity": 0.03,
    "remaining_quantity": 0.03
  },
  {
    "event_id": "9ae94fff46df7c6ed59f56905970ba8fcda202669f12c09127ab7834e65fab0b",
    "schema_version": "1.0.0",
    "event_type": "agent_order",
    "source": "synthetic_agent",
    "symbol": "BTCUSDT",
    "exchange": "binance_usdm",
    "timestamp": "2024-05-01T00:00:00.360000Z",
    "sequence": 18,
    "scenario_id": "scenario-359-volatility_feedback",
    "agent_id": "agent-volatility_feedback",
    "order_id": "scenario-359-volatility_feedback-agent-volatility_feedback-18",
    "action": "new",
    "side": "buy",
    "price": 65447.88824,
    "quantity": 0.04,
    "remaining_quantity": 0.04
  },
  {
    "event_id": "6a31086f2c737c98405167b953c85a2a11fd4911ba59aa54ce232becec77f95f",
    "schema_version": "1.0.0",
    "event_type": "agent_order",
    "source": "synthetic_agent",
    "symbol": "BTCUSDT",
    "exchange": "binance_usdm",
    "timestamp": "2024-05-01T00:00:00.380000Z",
    "sequence": 19,
    "scenario_id": "scenario-359-volatility_feedback",
    "agent_id": "agent-volatility_feedback",
    "order_id": "scenario-359-volatility_feedback-agent-volatility_feedback-19",
    "action": "new",
    "side": "sell",
    "price": 65268.804579999996,
    "quantity": 0.05,
    "remaining_quantity": 0.05
  },
  {
    "event_id": "e8b06bd38307d99dfa1b8cb79fa9ed5c0ce59599b6bc88bdc2e68c719b86e9d8",
    "schema_version": "1.0.0",
    "event_type": "agent_order",
    "source": "synthetic_agent",
    "symbol": "BTCUSDT",
    "exchange": "binance_usdm",
    "timestamp": "2024-05-01T00:00:00.400000Z",
    "sequence": 20,
    "scenario_id": "scenario-359-volatility_feedback",
    "agent_id": "agent-volatility_feedback",
    "order_id": "scenario-359-volatility_feedback-agent-volatility_feedback-20",
    "action": "new",
    "side": "buy",
    "price": 65450.50260000001,
    "quantity": 0.02,
    "remaining_quantity": 0.02
  },
  {
    "event_id": "19770504b70ff30bb35154ebdada5413833d944b1a84d6a34e0e2b032bf69f54",
    "schema_version": "1.0.0",
    "event_type": "agent_order",
    "source": "synthetic_agent",
    "symbol": "BTCUSDT",
    "exchange": "binance_usdm",
    "timestamp": "2024-05-01T00:00:00.420000Z",
    "sequence": 21,
    "scenario_id": "scenario-359-volatility_feedback",
    "agent_id": "agent-volatility_feedback",
    "order_id": "scenario-359-volatility_feedback-agent-volatility_feedback-21",
    "action": "new",
    "side": "sell",
    "price": 65266.190220000004,
    "quantity": 0.03,
    "remaining_quantity": 0.03
  },
  {
    "event_id": "921bff89eecf86d1b1bb4d9d0a725927497523e9f59c7ee3f11c3cc6d2020003",
    "schema_version": "1.0.0",
    "event_type": "agent_order",
    "source": "synthetic_agent",
    "symbol": "BTCUSDT",
    "exchange": "binance_usdm",
    "timestamp": "2024-05-01T00:00:00.440000Z",
    "sequence": 22,
    "scenario_id": "scenario-359-volatility_feedback",
    "agent_id": "agent-volatility_feedback",
    "order_id": "scenario-359-volatility_feedback-agent-volatility_feedback-22",
    "action": "new",
    "side": "buy",
    "price": 65453.11696000001,
    "quantity": 0.04,
    "remaining_quantity": 0.04
  },
  {
    "event_id": "ba13d8d266e3c981a4e713c0fe1d58d44904c8ff1ee56524d757527a20caccc9",
    "schema_version": "1.0.0",
    "event_type": "agent_order",
    "source": "synthetic_agent",
    "symbol": "BTCUSDT",
    "exchange": "binance_usdm",
    "timestamp": "2024-05-01T00:00:00.460000Z",
    "sequence": 23,
    "scenario_id": "scenario-359-volatility_feedback",
    "agent_id": "agent-volatility_feedback",
    "order_id": "scenario-359-volatility_feedback-agent-volatility_feedback-23",
    "action": "new",
    "side": "sell",
    "price": 65263.57586,
    "quantity": 0.05,
    "remaining_quantity": 0.05
  },
  {
    "event_id": "998d82d17b1b795b499877504643779a3e0d3f11a125c69e4626dad958f9c6b2",
    "schema_version": "1.0.0",
    "event_type": "agent_order",
    "source": "synthetic_agent",
    "symbol": "BTCUSDT",
    "exchange": "binance_usdm",
    "timestamp": "2024-05-01T00:00:00.480000Z",
    "sequence": 24,
    "scenario_id": "scenario-359-volatility_feedback",
    "agent_id": "agent-volatility_feedback",
    "order_id": "scenario-359-volatility_feedback-agent-volatility_feedback-24",
    "action": "new",
    "side": "buy",
    "price": 65455.73131999999,
    "quantity": 0.02,
    "remaining_quantity": 0.02
  },
  {
    "event_id": "a3334409430727797d8a28ca9436f2fd998b901c8b2927d4351ed010f3bec8db",
    "schema_version": "1.0.0",
    "event_type": "agent_order",
    "source": "synthetic_agent",
    "symbol": "BTCUSDT",
    "exchange": "binance_usdm",
    "timestamp": "2024-05-01T00:00:00.500000Z",
    "sequence": 25,
    "scenario_id": "scenario-359-volatility_feedback",
    "agent_id": "agent-volatility_feedback",
    "order_id": "scenario-359-volatility_feedback-agent-volatility_feedback-25",
    "action": "new",
    "side": "sell",
    "price": 65260.961500000005,
    "quantity": 0.03,
    "remaining_quantity": 0.03
  },
  {
    "event_id": "415144676e9337cd6b7502888f2fb656d17e34cf415da439c5f3a67af7d2fb13",
    "schema_version": "1.0.0",
    "event_type": "agent_order",
    "source": "synthetic_agent",
    "symbol": "BTCUSDT",
    "exchange": "binance_usdm",
    "timestamp": "2024-05-01T00:00:00.520000Z",
    "sequence": 26,
    "scenario_id": "scenario-359-volatility_feedback",
    "agent_id": "agent-volatility_feedback",
    "order_id": "scenario-359-volatility_feedback-agent-volatility_feedback-26",
    "action": "new",
    "side": "buy",
    "price": 65458.34568,
    "quantity": 0.04,
    "remaining_quantity": 0.04
  },
  {
    "event_id": "1e09b794c1d1fccc0e2c24375889ff762c5cb96afa038f8b511e08ce47b38eb4",
    "schema_version": "1.0.0",
    "event_type": "agent_order",
    "source": "synthetic_agent",
    "symbol": "BTCUSDT",
    "exchange": "binance_usdm",
    "timestamp": "2024-05-01T00:00:00.540000Z",
    "sequence": 27,
    "scenario_id": "scenario-359-volatility_feedback",
    "agent_id": "agent-volatility_feedback",
    "order_id": "scenario-359-volatility_feedback-agent-volatility_feedback-27",
    "action": "new",
    "side": "sell",
    "price": 65258.34714,
    "quantity": 0.05,
    "remaining_quantity": 0.05
  },
  {
    "event_id": "6935ccb3b17158e95ed4007223c99b9074ec3cb5238b9a8802570bfffbac66aa",
    "schema_version": "1.0.0",
    "event_type": "agent_order",
    "source": "synthetic_agent",
    "symbol": "BTCUSDT",
    "exchange": "binance_usdm",
    "timestamp": "2024-05-01T00:00:00.560000Z",
    "sequence": 28,
    "scenario_id": "scenario-359-volatility_feedback",
    "agent_id": "agent-volatility_feedback",
    "order_id": "scenario-359-volatility_feedback-agent-volatility_feedback-28",
    "action": "new",
    "side": "buy",
    "price": 65460.96004,
    "quantity": 0.02,
    "remaining_quantity": 0.02
  },
  {
    "event_id": "d03d0f5aa43a2eeb9faf16cfa323467f8fe79f98580492e48143aa721130a2a3",
    "schema_version": "1.0.0",
    "event_type": "agent_order",
    "source": "synthetic_agent",
    "symbol": "BTCUSDT",
    "exchange": "binance_usdm",
    "timestamp": "2024-05-01T00:00:00.580000Z",
    "sequence": 29,
    "scenario_id": "scenario-359-volatility_feedback",
    "agent_id": "agent-volatility_feedback",
    "order_id": "scenario-359-volatility_feedback-agent-volatility_feedback-29",
    "action": "new",
    "side": "sell",
    "price": 65255.73278,
    "quantity": 0.03,
    "remaining_quantity": 0.03
  }
]