[
  {
    "event_id": "0af1d228264a2c6f585aa75b78bb4a9c44680340336d4ec6b8c6086afadb7c99",
    "schema_version": "1.0.0",
    "event_type": "agent_order",
    "source": "synthetic_agent",
    "symbol": "BTCUSDT",
    "exchange": "binance_usdm",
    "timestamp": "2024-05-01T00:00:00Z",
    "sequence": 0,
    "scenario_id": "scenario-059-volatility_feedback",
    "agent_id": "agent-volatility_feedback",
    "order_id": "scenario-059-volatility_feedback-agent-volatility_feedback-0",
    "action": "new",
    "side": "buy",
    "price": 65124.058999999994,
    "quantity": 0.02,
    "remaining_quantity": 0.02
  },
  {
    "event_id": "3106b96adb8cfa0a9b0930e170dc86950df40f61c42a34053bf8e6a88c086d5d",
    "schema_version": "1.0.0",
    "event_type": "agent_order",
    "source": "synthetic_agent",
    "symbol": "BTCUSDT",
    "exchange": "binance_usdm",
    "timestamp": "2024-05-01T00:00:00.020000Z",
    "sequence": 1,
    "scenario_id": "scenario-059-volatility_feedback",
    "agent_id": "agent-volatility_feedback",
    "order_id": "scenario-059-volatility_feedback-agent-volatility_feedback-1",
    "action": "new",
    "side": "sell",
    "price": 64992.63982,
    "quantity": 0.03,
    "remaining_quantity": 0.03
  },
  {
    "event_id": "fcd28c2bae420b74d272812626fd60e4a86ca2ad5f2615462c9b08d01d537060",
    "schema_version": "1.0.0",
    "event_type": "agent_order",
    "source": "synthetic_agent",
    "symbol": "BTCUSDT",
    "exchange": "binance_usdm",
    "timestamp": "2024-05-01T00:00:00.040000Z",
    "sequence": 2,
    "scenario_id": "scenario-059-volatility_feedback",
    "agent_id": "agent-volatility_feedback",
    "order_id": "scenario-059-volatility_feedback-agent-volatility_feedback-2",
    "action": "new",
    "side": "buy",
    "price": 65126.66136,
    "quantity": 0.04,
    "remaining_quantity": 0.04
  },
  {
    "event_id": "d092df0ce66045665f447a1f9e0770af0bd93e414bde7da4018c4c096dbff2ec",
    "schema_version": "1.0.0",
    "event_type": "agent_order",
    "source": "synthetic_agent",
    "symbol": "BTCUSDT",
    "exchange": "binance_usdm",
    "timestamp": "2024-05-01T00:00:00.060000Z",
    "sequence": 3,
    "scenario_id": "scenario-059-volatility_feedback",
    "agent_id": "agent-volatility_feedback",
    "order_id": "scenario-059-volatility_feedback-agent-volatility_feedback-3",
    "action": "new",
    "side": "sell",
    "price": 64990.03746000001,
    "quantity": 0.05,
    "remaining_quantity": 0.05
  },
  {
    "event_id": "d5076f0c5819e37dca79aec3fbe30628064abf57754b0e28903cd93d2dde1c52",
    "schema_version": "1.0.0",
    "event_type": "agent_order",
    "source": "synthetic_agent",
    "symbol": "BTCUSDT",
    "exchange": "binance_usdm",
    "timestamp": "2024-05-01T00:00:00.080000Z",
    "sequence": 4,
    "scenario_id": "scenario-059-volatility_feedback",
    "agent_id": "agent-volatility_feedback",
    "order_id": "scenario-059-volatility_feedback-agent-volatility_feedback-4",
    "action": "new",
    "side": "buy",
    "price": 65129.263719999995,
    "quantity": 0.02,
    "remaining_quantity": 0.02
  },
  {
    "event_id": "35c3f1595b3bb9bcc6b4f49eb0ea28835210542f6fa35b517c42167eca557227",
    "schema_version": "1.0.0",
    "event_type": "agent_order",
    "source": "synthetic_agent",
    "symbol": "BTCUSDT",
    "exchange": "binance_usdm",
    "timestamp": "2024-05-01T00:00:00.100000Z",
    "sequence": 5,
    "scenario_id": "scenario-059-volatility_feedback",
    "agent_id": "agent-volatility_feedback",
    "order_id": "scenario-059-volatility_feedback-agent-volatility_feedback-5",
    "action": "new",
    "side": "sell",
    "price": 64987.4351,
    "quantity": 0.03,
    "remaining_quantity": 0.03
  },
  {
    "event_id": "b4e3a9e40f9d28e5ad25f86a2ce35ce8779e95c5c9c7981e9156b025b1ec8df6",
    "schema_version": "1.0.0",
    "event_type": "agent_order",
    "source": "synthetic_agent",
    "symbol": "BTCUSDT",
    "exchange": "binance_usdm",
    "timestamp": "2024-05-01T00:00:00.120000Z",
    "sequence": 6,
    "scenario_id": "scenario-059-volatility_feedback",
    "agent_id": "agent-volatility_feedback",
    "order_id": "scenario-059-volatility_feedback-agent-volatility_feedback-6",
    "action": "new",
    "side": "buy",
    "price": 65131.86608,
    "quantity": 0.04,
    "remaining_quantity": 0.04
  },
  {
    "event_id": "ab001d93bb540fbde1a0428d2e3e783781a0553950e24c5a407f41a61e2be61e",
    "schema_version": "1.0.0",
    "event_type": "agent_order",
    "source": "synthetic_agent",
    "symbol": "BTCUSDT",
    "exchange": "binance_usdm",
    "timestamp": "2024-05-01T00:00:00.140000Z",
    "sequence": 7,
    "scenario_id": "scenario-059-volatility_feedback",
    "agent_id": "agent-volatility_feedback",
    "order_id": "scenario-059-volatility_feedback-agent-volatility_feedback-7",
    "action": "new",
    "side": "sell",
    "price": 64984.83274,
    "quantity": 0.05,
    "remaining_quantity": 0.05
  },
  {
    "event_id": "2773e4666454cfc3c3ca8bb9cca10373acc48159c708f9d2ba60055108c89e39",
    "schema_version": "1.0.0",
    "event_type": "agent_order",
    "source": "synthetic_agent",
    "symbol": "BTCUSDT",
    "exchange": "binance_usdm",
    "timestamp": "2024-05-01T00:00:00.160000Z",
    "sequence": 8,
    "scenario_id": "scenario-059-volatility_feedback",
    "agent_id": "agent-volatility_feedback",
    "order_id": "scenario-059-volatility_feedback-agent-volatility_feedback-8",
    "action": "new",
    "side": "buy",
    "price": 65134.468440000004,
    "quantity": 0.02,
    "remaining_quantity": 0.02
  },
  {
    "event_id": "b630865bb6f7787af7d05317423000fb89ae49bc8faf820e2d186debcbeebb97",
    "schema_version": "1.0.0",
    "event_type": "agent_order",
    "source": "synthetic_agent",
    "symbol": "BTCUSDT",
    "exchange": "binance_usdm",
    "timestamp": "2024-05-01T00:00:00.180000Z",
    "sequence": 9,
    "scenario_id": "scenario-059-volatility_feedback",
    "agent_id": "agent-volatility_feedback",
    "order_id": "scenario-059-volatility_feedback-agent-volatility_feedback-9",
    "action": "new",
    "side": "sell",
    "price": 64982.23038,
    "quantity": 0.03,
    "remaining_quantity": 0.03
  },
  {
    "event_id": "34c73ea7cc96f302c388e91815b0e5e0c704c7c5ab63b056c624d5daef1c2458",
    "schema_version": "1.0.0",
    "event_type": "agent_order",
    "source": "synthetic_agent",
    "symbol": "BTCUSDT",
    "exchange": "binance_usdm",
    "timestamp": "2024-05-01T00:00:00.200000Z",
    "sequence": 10,
    "scenario_id": "scenario-059-volatility_feedback",
    "agent_id": "agent-volatility_feedback",
    "order_id": "scenario-059-volatility_feedback-agent-volatility_feedback-10",
    "action": "new",
    "side": "buy",
    "price": 65137.07080000001,
    "quantity": 0.04,
    "remaining_quantity": 0.04
  },
  {
    "event_id": "20270d7a358c5c72f6d0753c09dacc9206a46ab777db3b6ec4c84463373eaade",
    "schema_version": "1.0.0",
    "event_type": "agent_order",
    "source": "synthetic_agent",
    "symbol": "BTCUSDT",
    "exchange": "binance_usdm",
    "timestamp": "2024-05-01T00:00:00.220000Z",
    "sequence": 11,
    "scenario_id": "scenario-059-volatility_feedback",
    "agent_id": "agent-volatility_feedback",
    "order_id": "scenario-059-volatility_feedback-agent-volatility_feedback-11",
    "action": "new",
    "side": "sell",
    "price": 64979.62802,
    "quantity": 0.05,
    "remaining_quantity": 0.05
  },
  {
    "event_id": "d2ab4f045f8257a12aed7a2db8ea6dbd7ed36b0b9f41cc08acb3adf14016274e",
    "schema_version": "1.0.0",
    "event_type": "agent_order",
    "source": "synthetic_agent",
    "symbol": "BTCUSDT",
    "exchange": "binance_usdm",
    "timestamp": "2024-05-01T00:00:00.240000Z",
    "sequence": 12,
    "scenario_id": "scenario-059-volatility_feedback",
    "agent_id": "agent-volatility_feedback",
    "order_id": "scenario-059-volatility_feedback-agent-volatility_feedback-12",
    "action": "new",
    "side": "buy",
    "price": 65139.67315999999,
    "quantity": 0.02,
    "remaining_quantity": 0.02
  },
  {
    "event_id": "53e4d898ebbd4bf8804ee5918148f2ab9544eccb93256a38026ce33b5d528c41",
    "schema_version": "1.0.0",
    "event_type": "agent_order",
    "source": "synthetic_agent",
    "symbol": "BTCUSDT",
    "exchange": "binance_usdm",
    "timestamp": "2024-05-01T00:00:00.260000Z",
    "sequence": 13,
    "scenario_id": "scenario-059-volatility_feedback",
    "agent_id": "agent-volatility_feedback",
    "order_id": "scenario-059-volatility_feedback-agent-volatility_feedback-13",
    "action": "new",
    "side": "sell",
    "price": 64977.02566,
    "quantity": 0.03,
    "remaining_quantity": 0.03
  },
  {
    "event_id": "2d8b15fadb25541e014dbb86c02bcc3e774c24c3dfae3a52b5b0117f2e938fd8",
    "schema_version": "1.0.0",
    "event_type": "agent_order",
    "source": "synthetic_agent",
    "symbol": "BTCUSDT",
    "exchange": "binance_usdm",
    "timestamp": "2024-05-01T00:00:00.280000Z",
    "sequence": 14,
    "scenario_id": "scenario-059-volatility_feedback",
    "agent_id": "agent-volatility_feedback",
    "order_id": "scenario-059-volatility_feedback-agent-volatility_feedback-14",
    "action": "new",
    "side": "buy",
    "price": 65142.275519999996,
    "quantity": 0.04,
    "remaining_quantity": 0.04
  },
  {
    "event_id": "c2e82015e129443701a137c7f53e653b7c46abe79c7dab3919779b2484554237",
    "schema_version": "1.0.0",
    "event_type": "agent_order",
    "source": "synthetic_agent",
    "symbol": "BTCUSDT",
    "exchange": "binance_usdm",
    "timestamp": "2024-05-01T00:00:00.300000Z",
    "sequence": 15,
    "scenario_id": "scenario-059-volatility_feedback",
    "agent_id": "agent-volatility_feedback",
    "order_id": "scenario-059-volatility_feedback-agent-volatility_feedback-15",
    "action": "new",
    "side": "sell",
    "price": 64974.4233,
    "quantity": 0.05,
    "remaining_quantity": 0.05
  },
  {
    "event_id": "5693ed81cd70ec61df1c19d0753ca3604d1bf4ce255f2ba1d7c5084539184abf",
    "schema_version": "1.0.0",
    "event_type": "agent_order",
    "source": "synthetic_agent",
    "symbol": "BTCUSDT",
    "exchange": "binance_usdm",
    "timestamp": "2024-05-01T00:00:00.320000Z",
    "sequence": 16,
    "scenario_id": "scenario-059-volatility_feedback",
    "agent_id": "agent-volatility_feedback",
    "order_id": "scenario-059-volatility_feedback-agent-volatility_feedback-16",
    "action": "new",
    "side": "buy",
    "price": 65144.87788,
    "quantity": 0.02,
    "remaining_quantity": 0.02
  },
  {
    "event_id": "bb10fda7b4228ec207afbd48b28b8b3d3e124302985191995f58e59d6f917000",
    "schema_version": "1.0.0",
    "event_type": "agent_order",
    "source": "synthetic_agent",
    "symbol": "BTCUSDT",
    "exchange": "binance_usdm",
    "timestamp": "2024-05-01T00:00:00.340000Z",
    "sequence": 17,
    "scenario_id": "scenario-059-volatility_feedback",
    "agent_id": "agent-volatility_feedback",
    "order_id": "scenario-059-volatility_feedback-agent-volatility_feedback-17",
    "action": "new",
    "side": "sell",
    "price": 64971.82094,
    "quantity": 0.03,
    "remaining_quantity": 0.03
  },
  {
    "event_id": "711ab96fea4114bc01dda72507412b3ea771c6f435172c27bf06cb00e2d4ba1a",
    "schema_version": "1.0.0",
    "event_type": "agent_order",
    "source": "synthetic_agent",
    "symbol": "BTCUSDT",
    "exchange": "binance_usdm",
    "timestamp": "2024-05-01T00:00:00.360000Z",
    "sequence": 18,
    "scenario_id": "scenario-059-volatility_feedback",
    "agent_id": "agent-volatility_feedback",
    "order_id": "scenario-059-volatility_feedback-agent-volatility_feedback-18",
    "action": "new",
    "side": "buy",
    "price": 65147.480240000004,
    "quantity": 0.04,
    "remaining_quantity": 0.04
  },
  {
    "event_id": "9737b7d9813ac27d8f4293726e73cddb06fd92c0fb4df75c6f68fe5747b70ba9",
    "schema_version": "1.0.0",
    "event_type": "agent_order",
    "source": "synthetic_agent",
    "symbol": "BTCUSDT",
    "exchange": "binance_usdm",
    "timestamp": "2024-05-01T00:00:00.380000Z",
    "sequence": 19,
    "scenario_id": "scenario-059-volatility_feedback",
    "agent_id": "agent-volatility_feedback",
    "order_id": "scenario-059-volatility_feedback-agent-volatility_feedback-19",
    "action": "new",
    "side": "sell",
    "price": 64969.21857999999,
    "quantity": 0.05,
    "remaining_quantity": 0.05
  },
  {
    "event_id": "c140e4475f889e86844cf2b6a3b8c5d670231072ffae2c83bb42ba06c735efdb",
    "schema_version": "1.0.0",
    "event_type": "agent_order",
    "source": "synthetic_agent",
    "symbol": "BTCUSDT",
    "exchange": "binance_usdm",
    "timestamp": "2024-05-01T00:00:00.400000Z",
    "sequence": 20,
    "scenario_id": "scenario-059-volatility_feedback",
    "agent_id": "agent-volatility_feedback",
    "order_id": "scenario-059-volatility_feedback-agent-volatility_feedback-20",
    "action": "new",
    "side": "buy",
    "price": 65150.0826,
    "quantity": 0.02,
    "remaining_quantity": 0.02
  },
  {
    "event_id": "65ffbd77d5bf636f4f43c563604a36ac8a3cd8eb703a55f43469c381c4b0c652",
    "schema_version": "1.0.0",
    "event_type": "agent_order",
    "source": "synthetic_agent",
    "symbol": "BTCUSDT",
    "exchange": "binance_usdm",
    "timestamp": "2024-05-01T00:00:00.420000Z",
    "sequence": 21,
    "scenario_id": "scenario-059-volatility_feedback",
    "agent_id": "agent-volatility_feedback",
    "order_id": "scenario-059-volatility_feedback-agent-volatility_feedback-21",
    "action": "new",
    "side": "sell",
    "price": 64966.61622,
    "quantity": 0.03,
    "remaining_quantity": 0.03
  },
  {
    "event_id": "c7365cdda5543b6e3acea1eb2ef4477f652d45046ee9915b74f24dadd1a0233b",
    "schema_version": "1.0.0",
    "event_type": "agent_order",
    "source": "synthetic_agent",
    "symbol": "BTCUSDT",
    "exchange": "binance_usdm",
    "timestamp": "2024-05-01T00:00:00.440000Z",
    "sequence": 22,
    "scenario_id": "scenario-059-volatility_feedback",
    "agent_id": "agent-volatility_feedback",
    "order_id": "scenario-059-volatility_feedback-agent-volatility_feedback-22",
    "action": "new",
    "side": "buy",
    "price": 65152.684960000006,
    "quantity": 0.04,
    "remaining_quantity": 0.04
  },
  {
    "event_id": "e4868592854a077c2d8a64e8e11762a3dc45f371c0664e40b96007fb269a7740",
    "schema_version": "1.0.0",
    "event_type": "agent_order",
    "source": "synthetic_agent",
    "symbol": "BTCUSDT",
    "exchange": "binance_usdm",
    "timestamp": "2024-05-01T00:00:00.460000Z",
    "sequence": 23,
    "scenario_id": "scenario-059-volatility_feedback",
    "agent_id": "agent-volatility_feedback",
    "order_id": "scenario-059-volatility_feedback-agent-volatility_feedback-23",
    "action": "new",
    "side": "sell",
    "price": 64964.01386,
    "quantity": 0.05,
    "remaining_quantity": 0.05
  },
  {
    "event_id": "f5a690a03db2e94a0b87b8f20b4630b3f6c7ed400b5aad71c6833f2af3e5ec3e",
    "schema_version": "1.0.0",
    "event_type": "agent_order",
    "source": "synthetic_agent",
    "symbol": "BTCUSDT",
    "exchange": "binance_usdm",
    "timestamp": "2024-05-01T00:00:00.480000Z",
    "sequence": 24,
    "scenario_id": "scenario-059-volatility_feedback",
    "agent_id": "agent-volatility_feedback",
    "order_id": "scenario-059-volatility_feedback-agent-volatility_feedback-24",
    "action": "new",
    "side": "buy",
    "price": 65155.287319999996,
    "quantity": 0.02,
    "remaining_quantity": 0.02
  },
  {
    "event_id": "861019db781fb6ee364b15a5ba9ce27f96424ed2faf26ba918affd144cecd5b1",
    "schema_version": "1.0.0",
    "event_type": "agent_order",
    "source": "synthetic_agent",
    "symbol": "BTCUSDT",
    "exchange": "binance_usdm",
    "timestamp": "2024-05-01T00:00:00.500000Z",
    "sequence": 25,
    "scenario_id": "scenario-059-volatility_feedback",
    "agent_id": "agent-volatility_feedback",
    "order_id": "scenario-059-volatility_feedback-agent-volatility_feedback-25",
    "action": "new",
    "side": "sell",
    "price": 64961.4115,
    "quantity": 0.03,
    "remaining_quantity": 0.03
  },
  {
    "event_id": "e18bff40552228586f39ae578fed61b8dab6b6f99ad1117a3c7e1c9d0197cbb2",
    "schema_version": "1.0.0",
    "event_type": "agent_order",
    "source": "synthetic_agent",
    "symbol": "BTCUSDT",
    "exchange": "binance_usdm",
    "timestamp": "2024-05-01T00:00:00.520000Z",
    "sequence": 26,
    "scenario_id": "scenario-059-volatility_feedback",
    "agent_id": "agent-volatility_feedback",
    "order_id": "scenario-059-volatility_feedback-agent-volatility_feedback-26",
    "action": "new",
    "side": "buy",
    "price": 65157.88968,
    "quantity": 0.04,
    "remaining_quantity": 0.04
  },
  {
    "event_id": "1beda09ae77e01afaffd0e9fe9cc25181edcf3e58b07ea28b911610539fb93e0",
    "schema_version": "1.0.0",
    "event_type": "agent_order",
    "source": "synthetic_agent",
    "symbol": "BTCUSDT",
    "exchange": "binance_usdm",
    "timestamp": "2024-05-01T00:00:00.540000Z",
    "sequence": 27,
    "scenario_id": "scenario-059-volatility_feedback",
    "agent_id": "agent-volatility_feedback",
    "order_id": "scenario-059-volatility_feedback-agent-volatility_feedback-27",
    "action": "new",
    "side": "sell",
    "price": 64958.80914,
    "quantity": 0.05,
    "remaining_quantity": 0.05
  },
  {
    "event_id": "76c78c32a0632f16592e599155df2cb694efbf266eb58d8bc0963e379f419cf0",
    "schema_version": "1.0.0",
    "event_type": "agent_order",
    "source": "synthetic_agent",
    "symbol": "BTCUSDT",
    "exchange": "binance_usdm",
    "timestamp": "2024-05-01T00:00:00.560000Z",
    "sequence": 28,
    "scenario_id": "scenario-059-volatility_feedback",
    "agent_id": "agent-volatility_feedback",
    "order_id": "scenario-059-volatility_feedback-agent-volatility_feedback-28",
    "action": "new",
    "side": "buy",
    "price": 65160.49204,
    "quantity": 0.02,
    "remaining_quantity": 0.02
  },
  {
    "event_id": "ad663e151c9880fdad3367c5511aba2729c376af5f7d85b2b92cb874df1026b0",
    "schema_version": "1.0.0",
    "event_type": "agent_order",
    "source": "synthetic_agent",
    "symbol": "BTCUSDT",
    "exchange": "binance_usdm",
    "timestamp": "2024-05-01T00:00:00.580000Z",
    "sequence": 29,
    "scenario_id": "scenario-059-volatility_feedback",
    "agent_id": "agent-volatility_feedback",
    "order_id": "scenario-059-volatility_feedback-agent-volatility_feedback-29",
    "action": "new",
    "side": "sell",
    "price": 64956.20678,
    "quantity": 0.03,
    "remaining_quantity": 0.03
  }
]