[
  {
    "event_id": "cd838f8626779bb40ad7711c4e595253779c8a016794478884ff724a3259664e",
    "schema_version": "1.0.0",
    "event_type": "agent_order",
    "source": "synthetic_agent",
    "symbol": "BTCUSDT",
    "exchange": "binance_usdm",
    "timestamp": "2024-05-01T00:00:00Z",
    "sequence": 0,
    "scenario_id": "scenario-437-momentum_ignition",
    "agent_id": "agent-momentum_ignition",
    "order_id": "scenario-437-momentum_ignition-agent-momentum_ignition-0",
    "action": "new",
    "side": "buy",
    "price": 65502.43699999999,
    "quantity": 0.08,
    "remaining_quantity": 0.08
  },
  {
    "event_id": "243e7ad16e390db436196ed2ff3a9ad48a918cb1984e48b5f82e89be36a92d18",
    "schema_version": "1.0.0",
    "event_type": "agent_order",
    "source": "synthetic_agent",
    "symbol": "BTCUSDT",
    "exchange": "binance_usdm",
    "timestamp": "2024-05-01T00:00:00.080000Z",
    "sequence": 1,
    "scenario_id": "scenario-437-momentum_ignition",
    "agent_id": "agent-momentum_ignition",
    "order_id": "scenario-437-momentum_ignition-agent-momentum_ignition-1",
    "action": "new",
    "side": "buy",
    "price": 65503.745739999984,
    "quantity": 0.08,
    "remaining_quantity": 0.08
  },
  {
    "event_id": "6291cf88bbfc82be0e4fcf8c1e775abe5cd7a7d2c5ae10383e4d6ed4f7dd0589",
    "schema_version": "1.0.0",
    "event_type": "agent_order",
    "source": "synthetic_agent",
    "symbol": "BTCUSDT",
    "exchange": "binance_usdm",
    "timestamp": "2024-05-01T00:00:00.160000Z",
    "sequence": 2,
    "scenario_id": "scenario-437-momentum_ignition",
    "agent_id": "agent-momentum_ignition",
    "order_id": "scenario-437-momentum_ignition-agent-momentum_ignition-2",
    "action": "new",
    "side": "buy",
    "price": 65505.05448,
    "quantity": 0.08,
    "remaining_quantity": 0.08
  },
  {
    "event_id": "726f67d36011eecdcd52efff1e0826b28b4669dbd391627d5f56a6c34c9b5420",
    "schema_version": "1.0.0",
    "event_type": "agent_order",
    "source": "synthetic_agent",
    "symbol": "BTCUSDT",
    "exchange": "binance_usdm",
    "timestamp": "2024-05-01T00:00:00.240000Z",
    "sequence": 3,
    "scenario_id": "scenario-437-momentum_ignition",
    "agent_id": "agent-momentum_ignition",
    "order_id": "scenario-437-momentum_ignition-agent-momentum_ignition-3",
    "action": "new",
    "side": "buy",
    "price": 65506.36321999999,
    "quantity": 0.08,
    "remaining_quantity": 0.08
  },
  {
    "event_id": "e03abf9b422bd0877d87e873964123ba08f9180c594517004a003320491b69fa",
    "schema_version": "1.0.0",
    "event_type": "agent_order",
    "source": "synthetic_agent",
    "symbol": "BTCUSDT",
    "exchange": "binance_usdm",
    "timestamp": "2024-05-01T00:00:00.320000Z",
    "sequence": 4,
    "scenario_id": "scenario-437-momentum_ignition",
    "agent_id": "agent-momentum_ignition",
    "order_id": "scenario-437-momentum_ignition-agent-momentum_ignition-4",
    "action": "new",
    "side": "buy",
    "price": 65507.67196,
    "quantity": 0.08,
    "remaining_quantity": 0.08
  },
  {
    "event_id": "cf864fae91bea71b3739d350c5d0883951743bcee3649f89c50cfcfae7741037",
    "schema_version": "1.0.0",
    "event_type": "agent_order",
    "source": "synthetic_agent",
    "symbol": "BTCUSDT",
    "exchange": "binance_usdm",
    "timestamp": "2024-05-01T00:00:00.400000Z",
    "sequence": 5,
    "scenario_id": "scenario-437-momentum_ignition",
    "agent_id": "agent-momentum_ignition",
    "order_id": "scenario-437-momentum_ignition-agent-momentum_ignition-5",
    "action": "new",
    "side": "buy",
    "price": 65508.98069999999,
    "quantity": 0.08,
    "remaining_quantity": 0.08
  },
  {
    "event_id": "9e6a738afe2aa4af1e5cc287ef87bab0c47a72af8096c844e5193d02b8cca666",
    "schema_version": "1.0.0",
    "event_type": "agent_order",
    "source": "synthetic_agent",
    "symbol": "BTCUSDT",
    "exchange": "binance_usdm",
    "timestamp": "2024-05-01T00:00:00.480000Z",
    "sequence": 6,
    "scenario_id": "scenario-437-momentum_ignition",
    "agent_id": "agent-momentum_ignition",
    "order_id": "scenario-437-momentum_ignition-agent-momentum_ignition-6",
    "action": "new",
    "side": "buy",
    "price": 65510.289439999986,
    "quantity": 0.08,
    "remaining_quantity": 0.08
  },
  {
    "event_id": "7cd9787e40fdf003b5e71595d0a077a4feaec651eb8bef77b049fcdcb65fa0f1",
    "schema_version": "1.0.0",
    "event_type": "agent_order",
    "source": "synthetic_agent",
    "symbol": "BTCUSDT",
    "exchange": "binance_usdm",
    "timestamp": "2024-05-01T00:00:00.560000Z",
    "sequence": 7,
    "scenario_id": "scenario-437-momentum_ignition",
    "agent_id": "agent-momentum_ignition",
    "order_id": "scenario-437-momentum_ignition-agent-momentum_ignition-7",
    "action": "new",
    "side": "buy",
    "price": 65511.59817999999,
    "quantity": 0.08,
    "remaining_quantity": 0.08
  },
  {
    "event_id": "28030b1b1b03a922890352fb8d12b820788c6d20e46a6a560dbeb15ff601255e",
    "schema_version": "1.0.0",
    "event_type": "agent_order",
    "source": "synthetic_agent",
    "symbol": "BTCUSDT",
    "exchange": "binance_usdm",
    "timestamp": "2024-05-01T00:00:00.640000Z",
    "sequence": 8,
    "scenario_id": "scenario-437-momentum_ignition",
    "agent_id": "agent-momentum_ignition",
    "order_id": "scenario-437-momentum_ignition-agent-momentum_ignition-8",
    "action": "new",
    "side": "buy",
    "price": 65512.90691999999,
    "quantity": 0.08,
    "remaining_quantity": 0.08
  },
  {
    "event_id": "de6294095dfd5c09d65743723b09e05694d5e296ca03d9d413c4bc0c0d84a14d",
    "schema_version": "1.0.0",
    "event_type": "agent_order",
    "source": "synthetic_agent",
    "symbol": "BTCUSDT",
    "exchange": "binance_usdm",
    "timestamp": "2024-05-01T00:00:00.720000Z",
    "sequence": 9,
    "scenario_id": "scenario-437-momentum_ignition",
    "agent_id": "agent-momentum_ignition",
    "order_id": "scenario-437-momentum_ignition-agent-momentum_ignition-9",
    "action": "new",
    "side": "buy",
    "price": 65514.215659999994,
    "quantity": 0.08,
    "remaining_quantity": 0.08
  },
  {
    "event_id": "62b7dfdec47e0703fcd6dfc404651550d5e6efc2abe137197e1fabc31bd401bd",
    "schema_version": "1.0.0",
    "event_type": "agent_order",
    "source": "synthetic_agent",
    "symbol": "BTCUSDT",
    "exchange": "binance_usdm",
    "timestamp": "2024-05-01T00:00:00.800000Z",
    "sequence": 10,
    "scenario_id": "scenario-437-momentum_ignition",
    "agent_id": "agent-momentum_ignition",
    "order_id": "scenario-437-momentum_ignition-agent-momentum_ignition-10",
    "action": "new",
    "side": "buy",
    "price": 65515.524399999995,
    "quantity": 0.08,
    "remaining_quantity": 0.08
  },
  {
    "event_id": "2443c6f43263483a8cde59cb8f90be3db51d5168eec384a66770a7a83bfc6459",
    "schema_version": "1.0.0",
    "event_type": "agent_order",
    "source": "synthetic_agent",
    "symbol": "BTCUSDT",
    "exchange": "binance_usdm",
    "timestamp": "2024-05-01T00:00:00.880000Z",
    "sequence": 11,
    "scenario_id": "scenario-437-momentum_ignition",
    "agent_id": "agent-momentum_ignition",
    "order_id": "scenario-437-momentum_ignition-agent-momentum_ignition-11",
    "action": "new",
    "side": "buy",
    "price": 65516.83314,
    "quantity": 0.08,
    "remaining_quantity": 0.08
  },
  {
    "event_id": "21194b98cf85ab167704cff16606ade5d64a1b4f1a189b0d46b6c3b23d64e70e",
    "schema_version": "1.0.0",
    "event_type": "agent_order",
    "source": "synthetic_agent",
    "symbol": "BTCUSDT",
    "exchange": "binance_usdm",
    "timestamp": "2024-05-01T00:00:00.960000Z",
    "sequence": 12,
    "scenario_id": "scenario-437-momentum_ignition",
    "agent_id": "agent-momentum_ignition",
    "order_id": "scenario-437-momentum_ignition-agent-momentum_ignition-12",
    "action": "new",
    "side": "buy",
    "price": 65518.141879999996,
    "quantity": 0.08,
    "remaining_quantity": 0.08
  },
  {
    "event_id": "4a39b1aa3d34b1ee944b65388b6e1b602eba94f69146a880ed2e076654a72bf1",
    "schema_version": "1.0.0",
    "event_type": "agent_order",
    "source": "synthetic_agent",
    "symbol": "BTCUSDT",
    "exchange": "binance_usdm",
    "timestamp": "2024-05-01T00:00:01.040000Z",
    "sequence": 13,
    "scenario_id": "scenario-437-momentum_ignition",
    "agent_id": "agent-momentum_ignition",
    "order_id": "scenario-437-momentum_ignition-agent-momentum_ignition-13",
    "action": "new",
    "side": "buy",
    "price": 65519.45061999999,
    "quantity": 0.08,
    "remaining_quantity": 0.08
  },
  {
    "event_id": "b4e6bae0375aa06f32ca46a12a1b18e91f62682f7b83ef0bec05a48cc2e8186f",
    "schema_version": "1.0.0",
    "event_type": "agent_order",
    "source": "synthetic_agent",
    "symbol": "BTCUSDT",
    "exchange": "binance_usdm",
    "timestamp": "2024-05-01T00:00:01.120000Z",
    "sequence": 14,
    "scenario_id": "scenario-437-momentum_ignition",
    "agent_id": "agent-momentum_ignition",
    "order_id": "scenario-437-momentum_ignition-agent-momentum_ignition-14",
    "action": "new",
    "side": "buy",
    "price": 65520.75936,
    "quantity": 0.08,
    "remaining_quantity": 0.08
  },
  {
    "event_id": "cba0cafaa7c5e6bd445b45b58ac3cdab3e937622e4281af913544c006c470dee",
    "schema_version": "1.0.0",
    "event_type": "agent_order",
    "source": "synthetic_agent",
    "symbol": "BTCUSDT",
    "exchange": "binance_usdm",
    "timestamp": "2024-05-01T00:00:01.200000Z",
    "sequence": 15,
    "scenario_id": "scenario-437-momentum_ignition",
    "agent_id": "agent-momentum_ignition",
    "order_id": "scenario-437-momentum_ignition-agent-momentum_ignition-15",
    "action": "new",
    "side": "buy",
    "price": 65522.06809999999,
    "quantity": 0.08,
    "remaining_quantity": 0.08
  },
  {
    "event_id": "47266a72c8d64b4a95c03a02620cd947a3145ce57f9f38aad0962312cb0ef740",
    "schema_version": "1.0.0",
    "event_type": "agent_order",
    "source": "synthetic_agent",
    "symbol": "BTCUSDT",
    "exchange": "binance_usdm",
    "timestamp": "2024-05-01T00:00:01.280000Z",
    "sequence": 16,
    "scenario_id": "scenario-437-momentum_ignition",
    "agent_id": "agent-momentum_ignition",
    "order_id": "scenario-437-momentum_ignition-agent-momentum_ignition-16",
    "action": "new",
    "side": "buy",
    "price": 65523.37684,
    "quantity": 0.08,
    "remaining_quantity": 0.08
  },
  {
    "event_id": "06623555f2087aec8fad0aa33fa5779c6bf36797fa70d7bf076e80f66baf0667",
    "schema_version": "1.0.0",
    "event_type": "agent_order",
    "source": "synthetic_agent",
    "symbol": "BTCUSDT",
    "exchange": "binance_usdm",
    "timestamp": "2024-05-01T00:00:01.360000Z",
    "sequence": 17,
    "scenario_id": "scenario-437-momentum_ignition",
    "agent_id": "agent-momentum_ignition",
    "order_id": "scenario-437-momentum_ignition-agent-momentum_ignition-17",
    "action": "new",
    "side": "buy",
    "price": 65524.68557999999,
    "quantity": 0.08,
    "remaining_quantity": 0.08
  },
  {
    "event_id": "37d267f42e1910a6eed33d3efddae264ddc10436bf6b44d6ed27585c4cb0d600",
    "schema_version": "1.0.0",
    "event_type": "agent_order",
    "source": "synthetic_agent",
    "symbol": "BTCUSDT",
    "exchange": "binance_usdm",
    "timestamp": "2024-05-01T00:00:01.440000Z",
    "sequence": 18,
    "scenario_id": "scenario-437-momentum_ignition",
    "agent_id": "agent-momentum_ignition",
    "order_id": "scenario-437-momentum_ignition-agent-momentum_ignition-18",
    "action": "new",
    "side": "buy",
    "price": 65525.99431999999,
    "quantity": 0.08,
    "remaining_quantity": 0.08
  },
  {
    "event_id": "9377e05b95ac7201250a33cd8deb826b996cc74b609a62c38ba147237e915cb3",
    "schema_version": "1.0.0",
    "event_type": "agent_order",
    "source": "synthetic_agent",
    "symbol": "BTCUSDT",
    "exchange": "binance_usdm",
    "timestamp": "2024-05-01T00:00:01.520000Z",
    "sequence": 19,
    "scenario_id": "scenario-437-momentum_ignition",
    "agent_id": "agent-momentum_ignition",
    "order_id": "scenario-437-momentum_ignition-agent-momentum_ignition-19",
    "action": "new",
    "side": "buy",
    "price": 65527.30306,
    "quantity": 0.08,
    "remaining_quantity": 0.08
  },
  {
    "event_id": "9e93de649e7cad82749c077fd37848ae8d7b8dbbd57da5d3182aaefb3cf84ce5",
    "schema_version": "1.0.0",
    "event_type": "agent_order",
    "source": "synthetic_agent",
    "symbol": "BTCUSDT",
    "exchange": "binance_usdm",
    "timestamp": "2024-05-01T00:00:01.600000Z",
    "sequence": 20,
    "scenario_id": "scenario-437-momentum_ignition",
    "agent_id": "agent-momentum_ignition",
    "order_id": "scenario-437-momentum_ignition-agent-momentum_ignition-20",
    "action": "new",
    "side": "buy",
    "price": 65528.61179999999,
    "quantity": 0.08,
    "remaining_quantity": 0.08
  },
  {
    "event_id": "71418c251e7be92bcb5b4a8018eb37a502649f35b373d4f87f36ce391048a74a",
    "schema_version": "1.0.0",
    "event_type": "agent_order",
    "source": "synthetic_agent",
    "symbol": "BTCUSDT",
    "exchange": "binance_usdm",
    "timestamp": "2024-05-01T00:00:01.680000Z",
    "sequence": 21,
    "scenario_id": "scenario-437-momentum_ignition",
    "agent_id": "agent-momentum_ignition",
    "order_id": "scenario-437-momentum_ignition-agent-momentum_ignition-21",
    "action": "new",
    "side": "buy",
    "price": 65529.92054,
    "quantity": 0.08,
    "remaining_quantity": 0.08
  },
  {
    "event_id": "e2f642bc0f3073280375356eb6d4da5f62e4d96f48f71468bdb33571b0e230ab",
    "schema_version": "1.0.0",
    "event_type": "agent_order",
    "source": "synthetic_agent",
    "symbol": "BTCUSDT",
    "exchange": "binance_usdm",
    "timestamp": "2024-05-01T00:00:01.760000Z",
    "sequence": 22,
    "scenario_id": "scenario-437-momentum_ignition",
    "agent_id": "agent-momentum_ignition",
    "order_id": "scenario-437-momentum_ignition-agent-momentum_ignition-22",
    "action": "new",
    "side": "buy",
    "price": 65531.22927999999,
    "quantity": 0.08,
    "remaining_quantity": 0.08
  },
  {
    "event_id": "24027e5846cfea97519d7ff84c543d8cc057ce0ccda43886f557a6e632efaf29",
    "schema_version": "1.0.0",
    "event_type": "agent_order",
    "source": "synthetic_agent",
    "symbol": "BTCUSDT",
    "exchange": "binance_usdm",
    "timestamp": "2024-05-01T00:00:01.840000Z",
    "sequence": 23,
    "scenario_id": "scenario-437-momentum_ignition",
    "agent_id": "agent-momentum_ignition",
    "order_id": "scenario-437-momentum_ignition-agent-momentum_ignition-23",
    "action": "new",
    "side": "buy",
    "price": 65532.538019999985,
    "quantity": 0.08,
    "remaining_quantity": 0.08
  },
  {
    "event_id": "17f6c28c261a2a42602ce234c1b97f61d0dfb02fdbf11814429529156b9c4202",
    "schema_version": "1.0.0",
    "event_type": "agent_order",
    "source": "synthetic_agent",
    "symbol": "BTCUSDT",
    "exchange": "binance_usdm",
    "timestamp": "2024-05-01T00:00:01.920000Z",
    "sequence": 24,
    "scenario_id": "scenario-437-momentum_ignition",
    "agent_id": "agent-momentum_ignition",
    "order_id": "scenario-437-momentum_ignition-agent-momentum_ignition-24",
    "action": "new",
    "side": "buy",
    "price": 65533.84675999999,
    "quantity": 0.08,
    "remaining_quantity": 0.08
  },
  {
    "event_id": "9623947f92f89fdd9b6d93e4ea74150e2eb3a0a305d041cec85219a5ae2c4507",
    "schema_version": "1.0.0",
    "event_type": "agent_order",
    "source": "synthetic_agent",
    "symbol": "BTCUSDT",
    "exchange": "binance_usdm",
    "timestamp": "2024-05-01T00:00:02Z",
    "sequence": 25,
    "scenario_id": "scenario-437-momentum_ignition",
    "agent_id": "agent-momentum_ignition",
    "order_id": "scenario-437-momentum_ignition-agent-momentum_ignition-25",
    "action": "new",
    "side": "buy",
    "price": 65535.155499999986,
    "quantity": 0.08,
    "remaining_quantity": 0.08
  },
  {
    "event_id": "376bb7a3ff7c681fd9062d0780a742eb087569a42e5116abd07b6a289e8940dd",
    "schema_version": "1.0.0",
    "event_type": "agent_order",
    "source": "synthetic_agent",
    "symbol": "BTCUSDT",
    "exchange": "binance_usdm",
    "timestamp": "2024-05-01T00:00:02.080000Z",
    "sequence": 26,
    "scenario_id": "scenario-437-momentum_ignition",
    "agent_id": "agent-momentum_ignition",
    "order_id": "scenario-437-momentum_ignition-agent-momentum_ignition-26",
    "action": "new",
    "side": "buy",
    "price": 65536.46424,
    "quantity": 0.08,
    "remaining_quantity": 0.08
  },
  {
    "event_id": "2cc4057c80f41a34724554b64563be9a2af78a846d9e3fecd29817ac1d028032",
    "schema_version": "1.0.0",
    "event_type": "agent_order",
    "source": "synthetic_agent",
    "symbol": "BTCUSDT",
    "exchange": "binance_usdm",
    "timestamp": "2024-05-01T00:00:02.160000Z",
    "sequence": 27,
    "scenario_id": "scenario-437-momentum_ignition",
    "agent_id": "agent-momentum_ignition",
    "order_id": "scenario-437-momentum_ignition-agent-momentum_ignition-27",
    "action": "new",
    "side": "buy",
    "price": 65537.77298,
    "quantity": 0.08,
    "remaining_quantity": 0.08
  },
  {
    "event_id": "398da5dbeb1013d608e9dd48137767c9a34de54fe58ed5c2899d9209d69c21b9",
    "schema_version": "1.0.0",
    "event_type": "agent_order",
    "source": "synthetic_agent",
    "symbol": "BTCUSDT",
    "exchange": "binance_usdm",
    "timestamp": "2024-05-01T00:00:02.240000Z",
    "sequence": 28,
    "scenario_id": "scenario-437-momentum_ignition",
    "agent_id": "agent-momentum_ignition",
    "order_id": "scenario-437-momentum_ignition-agent-momentum_ignition-28",
    "action": "new",
    "side": "buy",
    "price": 65539.08171999999,
    "quantity": 0.08,
    "remaining_quantity": 0.08
  },
  {
    "event_id": "4536995184101d1394c3e3248c88c59463bf4ed8bcf4845ae0eea247690ae97f",
    "schema_version": "1.0.0",
    "event_type": "agent_order",
    "source": "synthetic_agent",
    "symbol": "BTCUSDT",
    "exchange": "binance_usdm",
    "timestamp": "2024-05-01T00:00:02.320000Z",
    "sequence": 29,
    "scenario_id": "scenario-437-momentum_ignition",
    "agent_id": "agent-momentum_ignition",
    "order_id": "scenario-437-momentum_ignition-agent-momentum_ignition-29",
    "action": "new",
    "side": "buy",
    "price": 65540.39046,
    "quantity": 0.08,
    "remaining_quantity": 0.08
  }
]