[
  {
    "event_id": "5f32a92240cfaae54f7fa9c57024465057d51064f1b20a33bc4d1d9d22b60bba",
    "schema_version": "1.0.0",
    "event_type": "agent_order",
    "source": "synthetic_agent",
    "symbol": "BTCUSDT",
    "exchange": "binance_usdm",
    "timestamp": "2024-05-01T00:00:00Z",
    "sequence": 0,
    "scenario_id": "scenario-425-momentum_ignition",
    "agent_id": "agent-momentum_ignition",
    "order_id": "scenario-425-momentum_ignition-agent-momentum_ignition-0",
    "action": "new",
    "side": "buy",
    "price": 65490.424999999996,
    "quantity": 0.08,
    "remaining_quantity": 0.08
  },
  {
    "event_id": "cfbd6d2a268dfe1d6ac4a5be0cb367da5771377acdc0ed201e3cb9146f9925d2",
    "schema_version": "1.0.0",
    "event_type": "agent_order",
    "source": "synthetic_agent",
    "symbol": "BTCUSDT",
    "exchange": "binance_usdm",
    "timestamp": "2024-05-01T00:00:00.080000Z",
    "sequence": 1,
    "scenario_id": "scenario-425-momentum_ignition",
    "agent_id": "agent-momentum_ignition",
    "order_id": "scenario-425-momentum_ignition-agent-momentum_ignition-1",
    "action": "new",
    "side": "buy",
    "price": 65491.73349999999,
    "quantity": 0.08,
    "remaining_quantity": 0.08
  },
  {
    "event_id": "730964202d6048af8caedbac5ef5c496b9a4d00e316bbd5965d392c08d19ee6c",
    "schema_version": "1.0.0",
    "event_type": "agent_order",
    "source": "synthetic_agent",
    "symbol": "BTCUSDT",
    "exchange": "binance_usdm",
    "timestamp": "2024-05-01T00:00:00.160000Z",
    "sequence": 2,
    "scenario_id": "scenario-425-momentum_ignition",
    "agent_id": "agent-momentum_ignition",
    "order_id": "scenario-425-momentum_ignition-agent-momentum_ignition-2",
    "action": "new",
    "side": "buy",
    "price": 65493.041999999994,
    "quantity": 0.08,
    "remaining_quantity": 0.08
  },
  {
    "event_id": "6242f4937a16debd03c193b4d0bd2a61a5887f4eb474e383a390af2324807115",
    "schema_version": "1.0.0",
    "event_type": "agent_order",
    "source": "synthetic_agent",
    "symbol": "BTCUSDT",
    "exchange": "binance_usdm",
    "timestamp": "2024-05-01T00:00:00.240000Z",
    "sequence": 3,
    "scenario_id": "scenario-425-momentum_ignition",
    "agent_id": "agent-momentum_ignition",
    "order_id": "scenario-425-momentum_ignition-agent-momentum_ignition-3",
    "action": "new",
    "side": "buy",
    "price": 65494.350499999986,
    "quantity": 0.08,
    "remaining_quantity": 0.08
  },
  {
    "event_id": "67bc6716610943673c491d55ea566705e72d225cab37228d8fb112185afe5e1c",
    "schema_version": "1.0.0",
    "event_type": "agent_order",
    "source": "synthetic_agent",
    "symbol": "BTCUSDT",
    "exchange": "binance_usdm",
    "timestamp": "2024-05-01T00:00:00.320000Z",
    "sequence": 4,
    "scenario_id": "scenario-425-momentum_ignition",
    "agent_id": "agent-momentum_ignition",
    "order_id": "scenario-425-momentum_ignition-agent-momentum_ignition-4",
    "action": "new",
    "side": "buy",
    "price": 65495.659,
    "quantity": 0.08,
    "remaining_quantity": 0.08
  },
  {
    "event_id": "e24644f5dec1da1a37c43d9df105e76f5ec44285cf51f21457fe0997f93e138c",
    "schema_version": "1.0.0",
    "event_type": "agent_order",
    "source": "synthetic_agent",
    "symbol": "BTCUSDT",
    "exchange": "binance_usdm",
    "timestamp": "2024-05-01T00:00:00.400000Z",
    "sequence": 5,
    "scenario_id": "scenario-425-momentum_ignition",
    "agent_id": "agent-momentum_ignition",
    "order_id": "scenario-425-momentum_ignition-agent-momentum_ignition-5",
    "action": "new",
    "side": "buy",
    "price": 65496.96749999999,
    "quantity": 0.08,
    "remaining_quantity": 0.08
  },
  {
    "event_id": "f2cbb0535b7024e9c81c7623d4db5fe5fd8c0b54f6180985e0a3b3c312b87f5b",
    "schema_version": "1.0.0",
    "event_type": "agent_order",
    "source": "synthetic_agent",
    "symbol": "BTCUSDT",
    "exchange": "binance_usdm",
    "timestamp": "2024-05-01T00:00:00.480000Z",
    "sequence": 6,
    "scenario_id": "scenario-425-momentum_ignition",
    "agent_id": "agent-momentum_ignition",
    "order_id": "scenario-425-momentum_ignition-agent-momentum_ignition-6",
    "action": "new",
    "side": "buy",
    "price": 65498.27599999998,
    "quantity": 0.08,
    "remaining_quantity": 0.08
  },
  {
    "event_id": "29b2a3e29f7f13997746a4af89a4e627ee79f3e0d5da8362df6d5e9a231da1de",
    "schema_version": "1.0.0",
    "event_type": "agent_order",
    "source": "synthetic_agent",
    "symbol": "BTCUSDT",
    "exchange": "binance_usdm",
    "timestamp": "2024-05-01T00:00:00.560000Z",
    "sequence": 7,
    "scenario_id": "scenario-425-momentum_ignition",
    "agent_id": "agent-momentum_ignition",
    "order_id": "scenario-425-momentum_ignition-agent-momentum_ignition-7",
    "action": "new",
    "side": "buy",
    "price": 65499.5845,
    "quantity": 0.08,
    "remaining_quantity": 0.08
  },
  {
    "event_id": "f1a2a3a6bcc56d7d0f9c7cf538ef51c80103d509640341e20acf6852b7b4c8da",
    "schema_version": "1.0.0",
    "event_type": "agent_order",
    "source": "synthetic_agent",
    "symbol": "BTCUSDT",
    "exchange": "binance_usdm",
    "timestamp": "2024-05-01T00:00:00.640000Z",
    "sequence": 8,
    "scenario_id": "scenario-425-momentum_ignition",
    "agent_id": "agent-momentum_ignition",
    "order_id": "scenario-425-momentum_ignition-agent-momentum_ignition-8",
    "action": "new",
    "side": "buy",
    "price": 65500.89299999999,
    "quantity": 0.08,
    "remaining_quantity": 0.08
  },
  {
    "event_id": "aec82aa5badea3bf0022d007ed442071e91f0c6e9360f928b049679284432c62",
    "schema_version": "1.0.0",
    "event_type": "agent_order",
    "source": "synthetic_agent",
    "symbol": "BTCUSDT",
    "exchange": "binance_usdm",
    "timestamp": "2024-05-01T00:00:00.720000Z",
    "sequence": 9,
    "scenario_id": "scenario-425-momentum_ignition",
    "agent_id": "agent-momentum_ignition",
    "order_id": "scenario-425-momentum_ignition-agent-momentum_ignition-9",
    "action": "new",
    "side": "buy",
    "price": 65502.201499999996,
    "quantity": 0.08,
    "remaining_quantity": 0.08
  },
  {
    "event_id": "67b0e8122dc711bd03199a1b9533545f7a1648955073304d42c74bca5ec51060",
    "schema_version": "1.0.0",
    "event_type": "agent_order",
    "source": "synthetic_agent",
    "symbol": "BTCUSDT",
    "exchange": "binance_usdm",
    "timestamp": "2024-05-01T00:00:00.800000Z",
    "sequence": 10,
    "scenario_id": "scenario-425-momentum_ignition",
    "agent_id": "agent-momentum_ignition",
    "order_id": "scenario-425-momentum_ignition-agent-momentum_ignition-10",
    "action": "new",
    "side": "buy",
    "price": 65503.509999999995,
    "quantity": 0.08,
    "remaining_quantity": 0.08
  },
  {
    "event_id": "b5e23feb74fb19c666aa70c1a953e0ab5552bd2bce728743eccd0445852e8b58",
    "schema_version": "1.0.0",
    "event_type": "agent_order",
    "source": "synthetic_agent",
    "symbol": "BTCUSDT",
    "exchange": "binance_usdm",
    "timestamp": "2024-05-01T00:00:00.880000Z",
    "sequence": 11,
    "scenario_id": "scenario-425-momentum_ignition",
    "agent_id": "agent-momentum_ignition",
    "order_id": "scenario-425-momentum_ignition-agent-momentum_ignition-11",
    "action": "new",
    "side": "buy",
    "price": 65504.8185,
    "quantity": 0.08,
    "remaining_quantity": 0.08
  },
  {
    "event_id": "21cec639d3665a0c6ad06c8a2324f3b0a3cc4f8b9b8dcb60b25b9f1944c663af",
    "schema_version": "1.0.0",
    "event_type": "agent_order",
    "source": "synthetic_agent",
    "symbol": "BTCUSDT",
    "exchange": "binance_usdm",
    "timestamp": "2024-05-01T00:00:00.960000Z",
    "sequence": 12,
    "scenario_id": "scenario-425-momentum_ignition",
    "agent_id": "agent-momentum_ignition",
    "order_id": "scenario-425-momentum_ignition-agent-momentum_ignition-12",
    "action": "new",
    "side": "buy",
    "price": 65506.12699999999,
    "quantity": 0.08,
    "remaining_quantity": 0.08
  },
  {
    "event_id": "860ffb273a6db0c1e640934f0c42648ca25d6110936f9de7912cd2ae7efe41eb",
    "schema_version": "1.0.0",
    "event_type": "agent_order",
    "source": "synthetic_agent",
    "symbol": "BTCUSDT",
    "exchange": "binance_usdm",
    "timestamp": "2024-05-01T00:00:01.040000Z",
    "sequence": 13,
    "scenario_id": "scenario-425-momentum_ignition",
    "agent_id": "agent-momentum_ignition",
    "order_id": "scenario-425-momentum_ignition-agent-momentum_ignition-13",
    "action": "new",
    "side": "buy",
    "price": 65507.435499999985,
    "quantity": 0.08,
    "remaining_quantity": 0.08
  },
  {
    "event_id": "5fe3875dd53b9f4fbdd1360c537876735951b9df39bbc0c8b724757248a67f74",
    "schema_version": "1.0.0",
    "event_type": "agent_order",
    "source": "synthetic_agent",
    "symbol": "BTCUSDT",
    "exchange": "binance_usdm",
    "timestamp": "2024-05-01T00:00:01.120000Z",
    "sequence": 14,
    "scenario_id": "scenario-425-momentum_ignition",
    "agent_id": "agent-momentum_ignition",
    "order_id": "scenario-425-momentum_ignition-agent-momentum_ignition-14",
    "action": "new",
    "side": "buy",
    "price": 65508.744,
    "quantity": 0.08,
    "remaining_quantity": 0.08
  },
  {
    "event_id": "6ba44ad7434da8e6999af38fcf52384b8ba706ca831c52995fbae2ea3a95121b",
    "schema_version": "1.0.0",
    "event_type": "agent_order",
    "source": "synthetic_agent",
    "symbol": "BTCUSDT",
    "exchange": "binance_usdm",
    "timestamp": "2024-05-01T00:00:01.200000Z",
    "sequence": 15,
    "scenario_id": "scenario-425-momentum_ignition",
    "agent_id": "agent-momentum_ignition",
    "order_id": "scenario-425-momentum_ignition-agent-momentum_ignition-15",
    "action": "new",
    "side": "buy",
    "price": 65510.05249999999,
    "quantity": 0.08,
    "remaining_quantity": 0.08
  },
  {
    "event_id": "6cd8469f5739d9f93660ca05c218121c5570f0b31a35dafd870de7117218f8e4",
    "schema_version": "1.0.0",
    "event_type": "agent_order",
    "source": "synthetic_agent",
    "symbol": "BTCUSDT",
    "exchange": "binance_usdm",
    "timestamp": "2024-05-01T00:00:01.280000Z",
    "sequence": 16,
    "scenario_id": "scenario-425-momentum_ignition",
    "agent_id": "agent-momentum_ignition",
    "order_id": "scenario-425-momentum_ignition-agent-momentum_ignition-16",
    "action": "new",
    "side": "buy",
    "price": 65511.361,
    "quantity": 0.08,
    "remaining_quantity": 0.08
  },
  {
    "event_id": "bebec41353ab92f1dcb96443c0093a7d37fc738be168be0e5ab398b37b2ff554",
    "schema_version": "1.0.0",
    "event_type": "agent_order",
    "source": "synthetic_agent",
    "symbol": "BTCUSDT",
    "exchange": "binance_usdm",
    "timestamp": "2024-05-01T00:00:01.360000Z",
    "sequence": 17,
    "scenario_id": "scenario-425-momentum_ignition",
    "agent_id": "agent-momentum_ignition",
    "order_id": "scenario-425-momentum_ignition-agent-momentum_ignition-17",
    "action": "new",
    "side": "buy",
    "price": 65512.669499999996,
    "quantity": 0.08,
    "remaining_quantity": 0.08
  },
  {
    "event_id": "55a7ecc3f0d14ce34bd05aab25ae96d5f537d11d5e8506acbbe78e374d7581e1",
    "schema_version": "1.0.0",
    "event_type": "agent_order",
    "source": "synthetic_agent",
    "symbol": "BTCUSDT",
    "exchange": "binance_usdm",
    "timestamp": "2024-05-01T00:00:01.440000Z",
    "sequence": 18,
    "scenario_id": "scenario-425-momentum_ignition",
    "agent_id": "agent-momentum_ignition",
    "order_id": "scenario-425-momentum_ignition-agent-momentum_ignition-18",
    "action": "new",
    "side": "buy",
    "price": 65513.97799999999,
    "quantity": 0.08,
    "remaining_quantity": 0.08
  },
  {
    "event_id": "b25fd73be682f9d7925b60d76e76da899d3c18303c8cfcf96bd5da7fcff1b985",
    "schema_version": "1.0.0",
    "event_type": "agent_order",
    "source": "synthetic_agent",
    "symbol": "BTCUSDT",
    "exchange": "binance_usdm",
    "timestamp": "2024-05-01T00:00:01.520000Z",
    "sequence": 19,
    "scenario_id": "scenario-425-momentum_ignition",
    "agent_id": "agent-momentum_ignition",
    "order_id": "scenario-425-momentum_ignition-agent-momentum_ignition-19",
    "action": "new",
    "side": "buy",
    "price": 65515.286499999995,
    "quantity": 0.08,
    "remaining_quantity": 0.08
  },
  {
    "event_id": "5cc9d49f776b3c6270ef69feef94ac056feb3d9b01b74f058942f5220395766f",
    "schema_version": "1.0.0",
    "event_type": "agent_order",
    "source": "synthetic_agent",
    "symbol": "BTCUSDT",
    "exchange": "binance_usdm",
    "timestamp": "2024-05-01T00:00:01.600000Z",
    "sequence": 20,
    "scenario_id": "scenario-425-momentum_ignition",
    "agent_id": "agent-momentum_ignition",
    "order_id": "scenario-425-momentum_ignition-agent-momentum_ignition-20",
    "action": "new",
    "side": "buy",
    "price": 65516.59499999999,
    "quantity": 0.08,
    "remaining_quantity": 0.08
  },
  {
    "event_id": "d1cd4224ee7fbb698fe9864d95a3c591708b98fe60ae6ec8f1622c370aca38c9",
    "schema_version": "1.0.0",
    "event_type": "agent_order",
    "source": "synthetic_agent",
    "symbol": "BTCUSDT",
    "exchange": "binance_usdm",
    "timestamp": "2024-05-01T00:00:01.680000Z",
    "sequence": 21,
    "scenario_id": "scenario-425-momentum_ignition",
    "agent_id": "agent-momentum_ignition",
    "order_id": "scenario-425-momentum_ignition-agent-momentum_ignition-21",
    "action": "new",
    "side": "buy",
    "price": 65517.9035,
    "quantity": 0.08,
    "remaining_quantity": 0.08
  },
  {
    "event_id": "783b638ba24c5184c9eea512bbdc47e110fadd24a56a469f0f86a8fc63b0974f",
    "schema_version": "1.0.0",
    "event_type": "agent_order",
    "source": "synthetic_agent",
    "symbol": "BTCUSDT",
    "exchange": "binance_usdm",
    "timestamp": "2024-05-01T00:00:01.760000Z",
    "sequence": 22,
    "scenario_id": "scenario-425-momentum_ignition",
    "agent_id": "agent-momentum_ignition",
    "order_id": "scenario-425-momentum_ignition-agent-momentum_ignition-22",
    "action": "new",
    "side": "buy",
    "price": 65519.21199999999,
    "quantity": 0.08,
    "remaining_quantity": 0.08
  },
  {
    "event_id": "c7a09c16e0af6a5db760421225b15a65fbfac0fea66fdcae581d431e651027d3",
    "schema_version": "1.0.0",
    "event_type": "agent_order",
    "source": "synthetic_agent",
    "symbol": "BTCUSDT",
    "exchange": "binance_usdm",
    "timestamp": "2024-05-01T00:00:01.840000Z",
    "sequence": 23,
    "scenario_id": "scenario-425-momentum_ignition",
    "agent_id": "agent-momentum_ignition",
    "order_id": "scenario-425-momentum_ignition-agent-momentum_ignition-23",
    "action": "new",
    "side": "buy",
    "price": 65520.520499999984,
    "quantity": 0.08,
    "remaining_quantity": 0.08
  },
  {
    "event_id": "4ec02268380c9c5e5169bedb13bb97577358286f67a787da89cc60fd7b2f2c7c",
    "schema_version": "1.0.0",
    "event_type": "agent_order",
    "source": "synthetic_agent",
    "symbol": "BTCUSDT",
    "exchange": "binance_usdm",
    "timestamp": "2024-05-01T00:00:01.920000Z",
    "sequence": 24,
    "scenario_id": "scenario-425-momentum_ignition",
    "agent_id": "agent-momentum_ignition",
    "order_id": "scenario-425-momentum_ignition-agent-momentum_ignition-24",
    "action": "new",
    "side": "buy",
    "price": 65521.829,
    "quantity": 0.08,
    "remaining_quantity": 0.08
  },
  {
    "event_id": "af6063b664fca772f02b032912f8c0f26f80ecbfb8a039dd7058a776bd7a6acd",
    "schema_version": "1.0.0",
    "event_type": "agent_order",
    "source": "synthetic_agent",
    "symbol": "BTCUSDT",
    "exchange": "binance_usdm",
    "timestamp": "2024-05-01T00:00:02Z",
    "sequence": 25,
    "scenario_id": "scenario-425-momentum_ignition",
    "agent_id": "agent-momentum_ignition",
    "order_id": "scenario-425-momentum_ignition-agent-momentum_ignition-25",
    "action": "new",
    "side": "buy",
    "price": 65523.13749999999,
    "quantity": 0.08,
    "remaining_quantity": 0.08
  },
  {
    "event_id": "d8ce0e03293e11f410267ca07a77b6a3dee24459f9bb95f73efed8c25cf806e2",
    "schema_version": "1.0.0",
    "event_type": "agent_order",
    "source": "synthetic_agent",
    "symbol": "BTCUSDT",
    "exchange": "binance_usdm",
    "timestamp": "2024-05-01T00:00:02.080000Z",
    "sequence": 26,
    "scenario_id": "scenario-425-momentum_ignition",
    "agent_id": "agent-momentum_ignition",
    "order_id": "scenario-425-momentum_ignition-agent-momentum_ignition-26",
    "action": "new",
    "side": "buy",
    "price": 65524.445999999996,
    "quantity": 0.08,
    "remaining_quantity": 0.08
  },
  {
    "event_id": "8382e461f5bbff133d447c7bbcc22554f53b3becbb2e17d2159627bfcb86a18a",
    "schema_version": "1.0.0",
    "event_type": "agent_order",
    "source": "synthetic_agent",
    "symbol": "BTCUSDT",
    "exchange": "binance_usdm",
    "timestamp": "2024-05-01T00:00:02.160000Z",
    "sequence": 27,
    "scenario_id": "scenario-425-momentum_ignition",
    "agent_id": "agent-momentum_ignition",
    "order_id": "scenario-425-momentum_ignition-agent-momentum_ignition-27",
    "action": "new",
    "side": "buy",
    "price": 65525.75449999999,
    "quantity": 0.08,
    "remaining_quantity": 0.08
  },
  {
    "event_id": "c022b77fa8897552de2c2257c5aed513ae4f707accaa5eee45b4686299283ca6",
    "schema_version": "1.0.0",
    "event_type": "agent_order",
    "source": "synthetic_agent",
    "symbol": "BTCUSDT",
    "exchange": "binance_usdm",
    "timestamp": "2024-05-01T00:00:02.240000Z",
    "sequence": 28,
    "scenario_id": "scenario-425-momentum_ignition",
    "agent_id": "agent-momentum_ignition",
    "order_id": "scenario-425-momentum_ignition-agent-momentum_ignition-28",
    "action": "new",
    "side": "buy",
    "price": 65527.06299999999,
    "quantity": 0.08,
    "remaining_quantity": 0.08
  },
  {
    "event_id": "df37ef2b144cbf85e3e34892e6531438c5b369665b03706be1f2d083af6a2f32",
    "schema_version": "1.0.0",
    "event_type": "agent_order",
    "source": "synthetic_agent",
    "symbol": "BTCUSDT",
    "exchange": "binance_usdm",
    "timestamp": "2024-05-01T00:00:02.320000Z",
    "sequence": 29,
    "scenario_id": "scenario-425-momentum_ignition",
    "agent_id": "agent-momentum_ignition",
    "order_id": "scenario-425-momentum_ignition-agent-momentum_ignition-29",
    "action": "new",
    "side": "buy",
    "price": 65528.371499999994,
    "quantity": 0.08,
    "remaining_quantity": 0.08
  }
]