[
  {
    "event_id": "989d57d409e282e8a15a5b72074043488ea95d16126fd12066e0ad710dce233b",
    "schema_version": "1.0.0",
    "event_type": "agent_order",
    "source": "synthetic_agent",
    "symbol": "BTCUSDT",
    "exchange": "binance_usdm",
    "timestamp": "2024-05-01T00:00:00Z",
    "sequence": 0,
    "scenario_id": "scenario-588-passive_market_maker",
    "agent_id": "agent-passive_market_maker",
    "order_id": "scenario-588-passive_market_maker-agent-passive_market_maker-0",
    "action": "new",
    "side": "buy",
    "price": 65522.412,
    "quantity": 0.01,
    "remaining_quantity": 0.01
  },
  {
    "event_id": "935275a4ec49ce5a00fb4430cfc226fdf4791c4beeab8b6b9e317ff6ad1af331",
    "schema_version": "1.0.0",
    "event_type": "agent_order",
    "source": "synthetic_agent",
    "symbol": "BTCUSDT",
    "exchange": "binance_usdm",
    "timestamp": "2024-05-01T00:00:00.100000Z",
    "sequence": 1,
    "scenario_id": "scenario-588-passive_market_maker",
    "agent_id": "agent-passive_market_maker",
    "order_id": "scenario-588-passive_market_maker-agent-passive_market_maker-1",
    "action": "new",
    "side": "sell",
    "price": 65653.58799999999,
    "quantity": 0.01,
    "remaining_quantity": 0.01
  },
  {
    "event_id": "28399693e524569ff06f024fced9065a79d9e88ea2aeba92c46a2927570041ad",
    "schema_version": "1.0.0",
    "event_type": "agent_order",
    "source": "synthetic_agent",
    "symbol": "BTCUSDT",
    "exchange": "binance_usdm",
    "timestamp": "2024-05-01T00:00:00.200000Z",
    "sequence": 2,
    "scenario_id": "scenario-588-passive_market_maker",
    "agent_id": "agent-passive_market_maker",
    "order_id": "scenario-588-passive_market_maker-agent-passive_market_maker-2",
    "action": "new",
    "side": "buy",
    "price": 65522.412,
    "quantity": 0.01,
    "remaining_quantity": 0.01
  },
  {
    "event_id": "dcb4b7bd8445ec24a920b945532534f1efd98b72cc2ea87b6733ea0f9658a0b7",
    "schema_version": "1.0.0",
    "event_type": "agent_order",
    "source": "synthetic_agent",
    "symbol": "BTCUSDT",
    "exchange": "binance_usdm",
    "timestamp": "2024-05-01T00:00:00.300000Z",
    "sequence": 3,
    "scenario_id": "scenario-588-passive_market_maker",
    "agent_id": "agent-passive_market_maker",
    "order_id": "scenario-588-passive_market_maker-agent-passive_market_maker-3",
    "action": "new",
    "side": "sell",
    "price": 65653.58799999999,
    "quantity": 0.01,
    "remaining_quantity": 0.01
  },
  {
    "event_id": "2f60c9f968ab86a6102e0c3e1cf3cc6de832641b63fb8ec8ccf3af58c6573245",
    "schema_version": "1.0.0",
    "event_type": "agent_order",
    "source": "synthetic_agent",
    "symbol": "BTCUSDT",
    "exchange": "binance_usdm",
    "timestamp": "2024-05-01T00:00:00.400000Z",
    "sequence": 4,
    "scenario_id": "scenario-588-passive_market_maker",
    "agent_id": "agent-passive_market_maker",
    "order_id": "scenario-588-passive_market_maker-agent-passive_market_maker-4",
    "action": "new",
    "side": "buy",
    "price": 65522.412,
    "quantity": 0.01,
    "remaining_quantity": 0.01
  },
  {
    "event_id": "5ee625c6f2b029604ddeea97ebbb11087864f9c76037c4c692b9fd6c8d970fbf",
    "schema_version": "1.0.0",
    "event_type": "agent_order",
    "source": "synthetic_agent",
    "symbol": "BTCUSDT",
    "exchange": "binance_usdm",
    "timestamp": "2024-05-01T00:00:00.500000Z",
    "sequence": 5,
    "scenario_id": "scenario-588-passive_market_maker",
    "agent_id": "agent-passive_market_maker",
    "order_id": "scenario-588-passive_market_maker-agent-passive_market_maker-5",
    "action": "new",
    "side": "sell",
    "price": 65653.58799999999,
    "quantity": 0.01,
    "remaining_quantity": 0.01
  },
  {
    "event_id": "05c8a0959f0f43229f68e4ee6e8cf12cd0c3fb620facbd54bf5356aa9cc91dbe",
    "schema_version": "1.0.0",
    "event_type": "agent_order",
    "source": "synthetic_agent",
    "symbol": "BTCUSDT",
    "exchange": "binance_usdm",
    "timestamp": "2024-05-01T00:00:00.600000Z",
    "sequence": 6,
    "scenario_id": "scenario-588-passive_market_maker",
    "agent_id": "agent-passive_market_maker",
    "order_id": "scenario-588-passive_market_maker-agent-passive_market_maker-6",
    "action": "new",
    "side": "buy",
    "price": 65522.412,
    "quantity": 0.01,
    "remaining_quantity": 0.01
  },
  {
    "event_id": "d8b0cba2b0569ab79c4abbac7c03b797c055c2edc59b3b45ab6bb871937982e3",
    "schema_version": "1.0.0",
    "event_type": "agent_order",
    "source": "synthetic_agent",
    "symbol": "BTCUSDT",
    "exchange": "binance_usdm",
    "timestamp": "2024-05-01T00:00:00.700000Z",
    "sequence": 7,
    "scenario_id": "scenario-588-passive_market_maker",
    "agent_id": "agent-passive_market_maker",
    "order_id": "scenario-588-passive_market_maker-agent-passive_market_maker-7",
    "action": "new",
    "side": "sell",
    "price": 65653.58799999999,
    "quantity": 0.01,
    "remaining_quantity": 0.01
  },
  {
    "event_id": "13b98a0d37cc35e9f711f200830a967d6078b6f578c6fc96f0072b462ef73721",
    "schema_version": "1.0.0",
    "event_type": "agent_order",
    "source": "synthetic_agent",
    "symbol": "BTCUSDT",
    "exchange": "binance_usdm",
    "timestamp": "2024-05-01T00:00:00.800000Z",
    "sequence": 8,
    "scenario_id": "scenario-588-passive_market_maker",
    "agent_id": "agent-passive_market_maker",
    "order_id": "scenario-588-passive_market_maker-agent-passive_market_maker-8",
    "action": "new",
    "side": "buy",
    "price": 65522.412,
    "quantity": 0.01,
    "remaining_quantity": 0.01
  },
  {
    "event_id": "5c51e0bd71d2cf21e56141d6417814aab83429d539fb87e3603dfec52060e76d",
    "schema_version": "1.0.0",
    "event_type": "agent_order",
    "source": "synthetic_agent",
    "symbol": "BTCUSDT",
    "exchange": "binance_usdm",
    "timestamp": "2024-05-01T00:00:00.900000Z",
    "sequence": 9,
    "scenario_id": "scenario-588-passive_market_maker",
    "agent_id": "agent-passive_market_maker",
    "order_id": "scenario-588-passive_market_maker-agent-passive_market_maker-9",
    "action": "new",
    "side": "sell",
    "price": 65653.58799999999,
    "quantity": 0.01,
    "remaining_quantity": 0.01
  },
  {
    "event_id": "6bc44884a453bea99ff29cf80746761dd865ea203a53e2e4181597d7e80d58ef",
    "schema_version": "1.0.0",
    "event_type": "agent_order",
    "source": "synthetic_agent",
    "symbol": "BTCUSDT",
    "exchange": "binance_usdm",
    "timestamp": "2024-05-01T00:00:01Z",
    "sequence": 10,
    "scenario_id": "scenario-588-passive_market_maker",
    "agent_id": "agent-passive_market_maker",
    "order_id": "scenario-588-passive_market_maker-agent-passive_market_maker-10",
    "action": "new",
    "side": "buy",
    "price": 65522.412,
    "quantity": 0.01,
    "remaining_quantity": 0.01
  },
  {
    "event_id": "98d90091d7b15d5b5c5f6c93f6d2699937e2eb5246b4a8b756d92afe438c2870",
    "schema_version": "1.0.0",
    "event_type": "agent_order",
    "source": "synthetic_agent",
    "symbol": "BTCUSDT",
    "exchange": "binance_usdm",
    "timestamp": "2024-05-01T00:00:01.100000Z",
    "sequence": 11,
    "scenario_id": "scenario-588-passive_market_maker",
    "agent_id": "agent-passive_market_maker",
    "order_id": "scenario-588-passive_market_maker-agent-passive_market_maker-11",
    "action": "new",
    "side": "sell",
    "price": 65653.58799999999,
    "quantity": 0.01,
    "remaining_quantity": 0.01
  },
  {
    "event_id": "35c2ca55817364da811a37a1f156eca86da0c0f70db4661c0a0604f0152f527d",
    "schema_version": "1.0.0",
    "event_type": "agent_order",
    "source": "synthetic_agent",
    "symbol": "BTCUSDT",
    "exchange": "binance_usdm",
    "timestamp": "2024-05-01T00:00:01.200000Z",
    "sequence": 12,
    "scenario_id": "scenario-588-passive_market_maker",
    "agent_id": "agent-passive_market_maker",
    "order_id": "scenario-588-passive_market_maker-agent-passive_market_maker-12",
    "action": "new",
    "side": "buy",
    "price": 65522.412,
    "quantity": 0.01,
    "remaining_quantity": 0.01
  },
  {
    "event_id": "8f2bc72de3860cee0f6f0b53f1c7981b027985e9f950e993b5ceb827bd755249",
    "schema_version": "1.0.0",
    "event_type": "agent_order",
    "source": "synthetic_agent",
    "symbol": "BTCUSDT",
    "exchange": "binance_usdm",
    "timestamp": "2024-05-01T00:00:01.300000Z",
    "sequence": 13,
    "scenario_id": "scenario-588-passive_market_maker",
    "agent_id": "agent-passive_market_maker",
    "order_id": "scenario-588-passive_market_maker-agent-passive_market_maker-13",
    "action": "new",
    "side": "sell",
    "price": 65653.58799999999,
    "quantity": 0.01,
    "remaining_quantity": 0.01
  },
  {
    "event_id": "da82df8764490518ffd2f86f4ab331e69240b16a4d8d61a7aa33a484d8209916",
    "schema_version": "1.0.0",
    "event_type": "agent_order",
    "source": "synthetic_agent",
    "symbol": "BTCUSDT",
    "exchange": "binance_usdm",
    "timestamp": "2024-05-01T00:00:01.400000Z",
    "sequence": 14,
    "scenario_id": "scenario-588-passive_market_maker",
    "agent_id": "agent-passive_market_maker",
    "order_id": "scenario-588-passive_market_maker-agent-passive_market_maker-14",
    "action": "new",
    "side": "buy",
    "price": 65522.412,
    "quantity": 0.01,
    "remaining_quantity": 0.01
  },
  {
    "event_id": "167cdafa0bd0e59ac691a9af6745eb5d598b82115918321d3a200092dfb5cb0e",
    "schema_version": "1.0.0",
    "event_type": "agent_order",
    "source": "synthetic_agent",
    "symbol": "BTCUSDT",
    "exchange": "binance_usdm",
    "timestamp": "2024-05-01T00:00:01.500000Z",
    "sequence": 15,
    "scenario_id": "scenario-588-passive_market_maker",
    "agent_id": "agent-passive_market_maker",
    "order_id": "scenario-588-passive_market_maker-agent-passive_market_maker-15",
    "action": "new",
    "side": "sell",
    "price": 65653.58799999999,
    "quantity": 0.01,
    "remaining_quantity": 0.01
  },
  {
    "event_id": "b4092135ce8c96cde44dc3e0170fcb2e631ff0135ce6c3f3b79ffa76e88cda7f",
    "schema_version": "1.0.0",
    "event_type": "agent_order",
    "source": "synthetic_agent",
    "symbol": "BTCUSDT",
    "exchange": "binance_usdm",
    "timestamp": "2024-05-01T00:00:01.600000Z",
    "sequence": 16,
    "scenario_id": "scenario-588-passive_market_maker",
    "agent_id": "agent-passive_market_maker",
    "order_id": "scenario-588-passive_market_maker-agent-passive_market_maker-16",
    "action": "new",
    "side": "buy",
    "price": 65522.412,
    "quantity": 0.01,
    "remaining_quantity": 0.01
  },
  {
    "event_id": "e7f35db36d275a10d6937c9ba90c1b717e1d17925bc00fe231f7d4f7a09b8513",
    "schema_version": "1.0.0",
    "event_type": "agent_order",
    "source": "synthetic_agent",
    "symbol": "BTCUSDT",
    "exchange": "binance_usdm",
    "timestamp": "2024-05-01T00:00:01.700000Z",
    "sequence": 17,
    "scenario_id": "scenario-588-passive_market_maker",
    "agent_id": "agent-passive_market_maker",
    "order_id": "scenario-588-passive_market_maker-agent-passive_market_maker-17",
    "action": "new",
    "side": "sell",
    "price": 65653.58799999999,
    "quantity": 0.01,
    "remaining_quantity": 0.01
  },
  {
    "event_id": "2508fe00ac217c9f4a289d57582cc28350802645ae77b74b75a0e81a96b14037",
    "schema_version": "1.0.0",
    "event_type": "agent_order",
    "source": "synthetic_agent",
    "symbol": "BTCUSDT",
    "exchange": "binance_usdm",
    "timestamp": "2024-05-01T00:00:01.800000Z",
    "sequence": 18,
    "scenario_id": "scenario-588-passive_market_maker",
    "agent_id": "agent-passive_market_maker",
    "order_id": "scenario-588-passive_market_maker-agent-passive_market_maker-18",
    "action": "new",
    "side": "buy",
    "price": 65522.412,
    "quantity": 0.01,
    "remaining_quantity": 0.01
  },
  {
    "event_id": "1bd22a96e1f912e3833c9f3d3740c4a3c86f0fe8baa8b98149ff94d6f87f3d9e",
    "schema_version": "1.0.0",
    "event_type": "agent_order",
    "source": "synthetic_agent",
    "symbol": "BTCUSDT",
    "exchange": "binance_usdm",
    "timestamp": "2024-05-01T00:00:01.900000Z",
    "sequence": 19,
    "scenario_id": "scenario-588-passive_market_maker",
    "agent_id": "agent-passive_market_maker",
    "order_id": "scenario-588-passive_market_maker-agent-passive_market_maker-19",
    "action": "new",
    "side": "sell",
    "price": 65653.58799999999,
    "quantity": 0.01,
    "remaining_quantity": 0.01
  },
  {
    "event_id": "90229160da82436d8eb13127829213cf0a535935b5b559a5e85d037731e42a29",
    "schema_version": "1.0.0",
    "event_type": "agent_order",
    "source": "synthetic_agent",
    "symbol": "BTCUSDT",
    "exchange": "binance_usdm",
    "timestamp": "2024-05-01T00:00:02Z",
    "sequence": 20,
    "scenario_id": "scenario-588-passive_market_maker",
    "agent_id": "agent-passive_market_maker",
    "order_id": "scenario-588-passive_market_maker-agent-passive_market_maker-20",
    "action": "new",
    "side": "buy",
    "price": 65522.412,
    "quantity": 0.01,
    "remaining_quantity": 0.01
  },
  {
    "event_id": "e797a8d369344615dfff765f48afd235812c8e172bd096458b4e3c3b77a5dbe4",
    "schema_version": "1.0.0",
    "event_type": "agent_order",
    "source": "synthetic_agent",
    "symbol": "BTCUSDT",
    "exchange": "binance_usdm",
    "timestamp": "2024-05-01T00:00:02.100000Z",
    "sequence": 21,
    "scenario_id": "scenario-588-passive_market_maker",
    "agent_id": "agent-passive_market_maker",
    "order_id": "scenario-588-passive_market_maker-agent-passive_market_maker-21",
    "action": "new",
    "side": "sell",
    "price": 65653.58799999999,
    "quantity": 0.01,
    "remaining_quantity": 0.01
  },
  {
    "event_id": "95fad1f6e99a29c14b079c3fe6c9217a33d1413bb7d052761836e4f0bc689f2d",
    "schema_version": "1.0.0",
    "event_type": "agent_order",
    "source": "synthetic_agent",
    "symbol": "BTCUSDT",
    "exchange": "binance_usdm",
    "timestamp": "2024-05-01T00:00:02.200000Z",
    "sequence": 22,
    "scenario_id": "scenario-588-passive_market_maker",
    "agent_id": "agent-passive_market_maker",
    "order_id": "scenario-588-passive_market_maker-agent-passive_market_maker-22",
    "action": "new",
    "side": "buy",
    "price": 65522.412,
    "quantity": 0.01,
    "remaining_quantity": 0.01
  },
  {
    "event_id": "c1135c17c52b8a6ae1b5c5e2f6d85b2c6ab68a90799f429f7e8162ab6a1d9cc0",
    "schema_version": "1.0.0",
    "event_type": "agent_order",
    "source": "synthetic_agent",
    "symbol": "BTCUSDT",
    "exchange": "binance_usdm",
    "timestamp": "2024-05-01T00:00:02.300000Z",
    "sequence": 23,
    "scenario_id": "scenario-588-passive_market_maker",
    "agent_id": "agent-passive_market_maker",
    "order_id": "scenario-588-passive_market_maker-agent-passive_market_maker-23",
    "action": "new",
    "side": "sell",
    "price": 65653.58799999999,
    "quantity": 0.01,
    "remaining_quantity": 0.01
  },
  {
    "event_id": "4d39962560b41caef3572b6f3b468d8ee8974cf0d9fb0d2a6bf3a73d2add8376",
    "schema_version": "1.0.0",
    "event_type": "agent_order",
    "source": "synthetic_agent",
    "symbol": "BTCUSDT",
    "exchange": "binance_usdm",
    "timestamp": "2024-05-01T00:00:02.400000Z",
    "sequence": 24,
    "scenario_id": "scenario-588-passive_market_maker",
    "agent_id": "agent-passive_market_maker",
    "order_id": "scenario-588-passive_market_maker-agent-passive_market_maker-24",
    "action": "new",
    "side": "buy",
    "price": 65522.412,
    "quantity": 0.01,
    "remaining_quantity": 0.01
  },
  {
    "event_id": "ef2e4b015164a14d61416eafc690b89eb570f2f1ce2c804fdf9d962b8a6c4363",
    "schema_version": "1.0.0",
    "event_type": "agent_order",
    "source": "synthetic_agent",
    "symbol": "BTCUSDT",
    "exchange": "binance_usdm",
    "timestamp": "2024-05-01T00:00:02.500000Z",
    "sequence": 25,
    "scenario_id": "scenario-588-passive_market_maker",
    "agent_id": "agent-passive_market_maker",
    "order_id": "scenario-588-passive_market_maker-agent-passive_market_maker-25",
    "action": "new",
    "side": "sell",
    "price": 65653.58799999999,
    "quantity": 0.01,
    "remaining_quantity": 0.01
  },
  {
    "event_id": "017cbf1138451c5306e3f35d504cfd00701d919e098402ed29637402d82a44f7",
    "schema_version": "1.0.0",
    "event_type": "agent_order",
    "source": "synthetic_agent",
    "symbol": "BTCUSDT",
    "exchange": "binance_usdm",
    "timestamp": "2024-05-01T00:00:02.600000Z",
    "sequence": 26,
    "scenario_id": "scenario-588-passive_market_maker",
    "agent_id": "agent-passive_market_maker",
    "order_id": "scenario-588-passive_market_maker-agent-passive_market_maker-26",
    "action": "new",
    "side": "buy",
    "price": 65522.412,
    "quantity": 0.01,
    "remaining_quantity": 0.01
  },
  {
    "event_id": "d716a7c2567e40db3debe415b6a2c1cfe809facb0e054d1d4d08de6c89be405b",
    "schema_version": "1.0.0",
    "event_type": "agent_order",
    "source": "synthetic_agent",
    "symbol": "BTCUSDT",
    "exchange": "binance_usdm",
    "timestamp": "2024-05-01T00:00:02.700000Z",
    "sequence": 27,
    "scenario_id": "scenario-588-passive_market_maker",
    "agent_id": "agent-passive_market_maker",
    "order_id": "scenario-588-passive_market_maker-agent-passive_market_maker-27",
    "action": "new",
    "side": "sell",
    "price": 65653.58799999999,
    "quantity": 0.01,
    "remaining_quantity": 0.01
  },
  {
    "event_id": "9aeb5153ca0b6736450d6c3d308f3a5bf1e38c663bba230b4076e939bae5cb1f",
    "schema_version": "1.0.0",
    "event_type": "agent_order",
    "source": "synthetic_agent",
    "symbol": "BTCUSDT",
    "exchange": "binance_usdm",
    "timestamp": "2024-05-01T00:00:02.800000Z",
    "sequence": 28,
    "scenario_id": "scenario-588-passive_market_maker",
    "agent_id": "agent-passive_market_maker",
    "order_id": "scenario-588-passive_market_maker-agent-passive_market_maker-28",
    "action": "new",
    "side": "buy",
    "price": 65522.412,
    "quantity": 0.01,
    "remaining_quantity": 0.01
  },
  {
    "event_id": "9e4d88abb8ede41f1b30ed200ace2c8961bb912896242b837e4d39847d68619a",
    "schema_version": "1.0.0",
    "event_type": "agent_order",
    "source": "synthetic_agent",
    "symbol": "BTCUSDT",
    "exchange": "binance_usdm",
    "timestamp": "2024-05-01T00:00:02.900000Z",
    "sequence": 29,
    "scenario_id": "scenario-588-passive_market_maker",
    "agent_id": "agent-passive_market_maker",
    "order_id": "scenario-588-passive_market_maker-agent-passive_market_maker-29",
    "action": "new",
    "side": "sell",
    "price": 65653.58799999999,
    "quantity": 0.01,
    "remaining_quantity": 0.01
  }
]