[
  {
    "event_id": "39e6e70be29785a120e3c99746e1a75dd5484f78f0b86d75c1081de7ab4c3a75",
    "schema_version": "1.0.0",
    "event_type": "agent_order",
    "source": "synthetic_agent",
    "symbol": "BTCUSDT",
    "exchange": "binance_usdm",
    "timestamp": "2024-05-01T00:00:00Z",
    "sequence": 0,
    "scenario_id": "scenario-595-coordinated_burst",
    "agent_id": "agent-coordinated_burst-0",
    "order_id": "scenario-595-coordinated_burst-agent-coordinated_burst-0-0",
    "action": "new",
    "side": "buy",
    "price": 65608.11899999999,
    "quantity": 0.04,
    "remaining_quantity": 0.04
  },
  {
    "event_id": "2e5a831fb39de06fca75a8a9d77539bb007943d43415e67932440ab5aec50e9f",
    "schema_version": "1.0.0",
    "event_type": "agent_order",
    "source": "synthetic_agent",
    "symbol": "BTCUSDT",
    "exchange": "binance_usdm",
    "timestamp": "2024-05-01T00:00:00.012000Z",
    "sequence": 1,
    "scenario_id": "scenario-595-coordinated_burst",
    "agent_id": "agent-coordinated_burst-1",
    "order_id": "scenario-595-coordinated_burst-agent-coordinated_burst-1-1",
    "action": "new",
    "side": "sell",
    "price": 65581.88100000001,
    "quantity": 0.04,
    "remaining_quantity": 0.04
  },
  {
    "event_id": "5b2f0666316062c050fb67b3e91722b3f238ad07a85d722689bf15c0d7492459",
    "schema_version": "1.0.0",
    "event_type": "agent_order",
    "source": "synthetic_agent",
    "symbol": "BTCUSDT",
    "exchange": "binance_usdm",
    "timestamp": "2024-05-01T00:00:00.024000Z",
    "sequence": 2,
    "scenario_id": "scenario-595-coordinated_burst",
    "agent_id": "agent-coordinated_burst-2",
    "order_id": "scenario-595-coordinated_burst-agent-coordinated_burst-2-2",
    "action": "new",
    "side": "sell",
    "price": 65581.88100000001,
    "quantity": 0.04,
    "remaining_quantity": 0.04
  },
  {
    "event_id": "03e4ce9dba0994a3eb7805419340215cecd9370bd5297c847fe108710fadbdde",
    "schema_version": "1.0.0",
    "event_type": "agent_order",
    "source": "synthetic_agent",
    "symbol": "BTCUSDT",
    "exchange": "binance_usdm",
    "timestamp": "2024-05-01T00:00:00.036000Z",
    "sequence": 3,
    "scenario_id": "scenario-595-coordinated_burst",
    "agent_id": "agent-coordinated_burst-0",
    "order_id": "scenario-595-coordinated_burst-agent-coordinated_burst-0-3",
    "action": "new",
    "side": "buy",
    "price": 65608.11899999999,
    "quantity": 0.04,
    "remaining_quantity": 0.04
  },
  {
    "event_id": "12ad92536d03cd4e23c0b6c477302fdd6db5a3fb99d853e57e65b2977edc0534",
    "schema_version": "1.0.0",
    "event_type": "agent_order",
    "source": "synthetic_agent",
    "symbol": "BTCUSDT",
    "exchange": "binance_usdm",
    "timestamp": "2024-05-01T00:00:00.048000Z",
    "sequence": 4,
    "scenario_id": "scenario-595-coordinated_burst",
    "agent_id": "agent-coordinated_burst-1",
    "order_id": "scenario-595-coordinated_burst-agent-coordinated_burst-1-4",
    "action": "new",
    "side": "sell",
    "price": 65581.88100000001,
    "quantity": 0.04,
    "remaining_quantity": 0.04
  },
  {
    "event_id": "01e69139d7ea0b0b329ba4e9e7bc5f929c39a58f706b6f7e395cf2215e1bd639",
    "schema_version": "1.0.0",
    "event_type": "agent_order",
    "source": "synthetic_agent",
    "symbol": "BTCUSDT",
    "exchange": "binance_usdm",
    "timestamp": "2024-05-01T00:00:00.600000Z",
    "sequence": 5,
    "scenario_id": "scenario-595-coordinated_burst",
    "agent_id": "agent-coordinated_burst-2",
    "order_id": "scenario-595-coordinated_burst-agent-coordinated_burst-2-5",
    "action": "new",
    "side": "sell",
    "price": 65581.88100000001,
    "quantity": 0.04,
    "remaining_quantity": 0.04
  },
  {
    "event_id": "3b81fc6a7c21151da2a538fbecf6fadec389fd9f33e8bec91673288ba32e1a55",
    "schema_version": "1.0.0",
    "event_type": "agent_order",
    "source": "synthetic_agent",
    "symbol": "BTCUSDT",
    "exchange": "binance_usdm",
    "timestamp": "2024-05-01T00:00:00.072000Z",
    "sequence": 6,
    "scenario_id": "scenario-595-coordinated_burst",
    "agent_id": "agent-coordinated_burst-0",
    "order_id": "scenario-595-coordinated_burst-agent-coordinated_burst-0-6",
    "action": "new",
    "side": "buy",
    "price": 65608.11899999999,
    "quantity": 0.04,
    "remaining_quantity": 0.04
  },
  {
    "event_id": "70b2f56ab6dd568df7c68ad0e307a0cb3f523ba9caa32408d7261f88ed681059",
    "schema_version": "1.0.0",
    "event_type": "agent_order",
    "source": "synthetic_agent",
    "symbol": "BTCUSDT",
    "exchange": "binance_usdm",
    "timestamp": "2024-05-01T00:00:00.084000Z",
    "sequence": 7,
    "scenario_id": "scenario-595-coordinated_burst",
    "agent_id": "agent-coordinated_burst-1",
    "order_id": "scenario-595-coordinated_burst-agent-coordinated_burst-1-7",
    "action": "new",
    "side": "sell",
    "price": 65581.88100000001,
    "quantity": 0.04,
    "remaining_quantity": 0.04
  },
  {
    "event_id": "6e175ac9334cf47323f27540b17992e329d2d3006480be28e34bb6df5989adb0",
    "schema_version": "1.0.0",
    "event_type": "agent_order",
    "source": "synthetic_agent",
    "symbol": "BTCUSDT",
    "exchange": "binance_usdm",
    "timestamp": "2024-05-01T00:00:00.096000Z",
    "sequence": 8,
    "scenario_id": "scenario-595-coordinated_burst",
    "agent_id": "agent-coordinated_burst-2",
    "order_id": "scenario-595-coordinated_burst-agent-coordinated_burst-2-8",
    "action": "new",
    "side": "sell",
    "price": 65581.88100000001,
    "quantity": 0.04,
    "remaining_quantity": 0.04
  },
  {
    "event_id": "389711723071a9097f62c78805037ee35d38b8b321b2fa6e02c5d44b6f286a7c",
    "schema_version": "1.0.0",
    "event_type": "agent_order",
    "source": "synthetic_agent",
    "symbol": "BTCUSDT",
    "exchange": "binance_usdm",
    "timestamp": "2024-05-01T00:00:00.108000Z",
    "sequence": 9,
    "scenario_id": "scenario-595-coordinated_burst",
    "agent_id": "agent-coordinated_burst-0",
    "order_id": "scenario-595-coordinated_burst-agent-coordinated_burst-0-9",
    "action": "new",
    "side": "buy",
    "price": 65608.11899999999,
    "quantity": 0.04,
    "remaining_quantity": 0.04
  },
  {
    "event_id": "ddf67cafc1f70a5144e82767d73fbbe0cc6c46ec4c03ac16f2b9d45204c78c3d",
    "schema_version": "1.0.0",
    "event_type": "agent_order",
    "source": "synthetic_agent",
    "symbol": "BTCUSDT",
    "exchange": "binance_usdm",
    "timestamp": "2024-05-01T00:00:01.200000Z",
    "sequence": 10,
    "scenario_id": "scenario-595-coordinated_burst",
    "agent_id": "agent-coordinated_burst-1",
    "order_id": "scenario-595-coordinated_burst-agent-coordinated_burst-1-10",
    "action": "new",
    "side": "sell",
    "price": 65581.88100000001,
    "quantity": 0.04,
    "remaining_quantity": 0.04
  },
  {
    "event_id": "d5eb35787208c4cc8f05969e2fe7abd31c263136b95203cde363e16d9f55a65a",
    "schema_version": "1.0.0",
    "event_type": "agent_order",
    "source": "synthetic_agent",
    "symbol": "BTCUSDT",
    "exchange": "binance_usdm",
    "timestamp": "2024-05-01T00:00:00.132000Z",
    "sequence": 11,
    "scenario_id": "scenario-595-coordinated_burst",
    "agent_id": "agent-coordinated_burst-2",
    "order_id": "scenario-595-coordinated_burst-agent-coordinated_burst-2-11",
    "action": "new",
    "side": "sell",
    "price": 65581.88100000001,
    "quantity": 0.04,
    "remaining_quantity": 0.04
  },
  {
    "event_id": "89fff4f4837631ffb4b5c4d99c2b438d178215ee2a33bfff71d45dcafd286ebc",
    "schema_version": "1.0.0",
    "event_type": "agent_order",
    "source": "synthetic_agent",
    "symbol": "BTCUSDT",
    "exchange": "binance_usdm",
    "timestamp": "2024-05-01T00:00:00.144000Z",
    "sequence": 12,
    "scenario_id": "scenario-595-coordinated_burst",
    "agent_id": "agent-coordinated_burst-0",
    "order_id": "scenario-595-coordinated_burst-agent-coordinated_burst-0-12",
    "action": "new",
    "side": "buy",
    "price": 65608.11899999999,
    "quantity": 0.04,
    "remaining_quantity": 0.04
  },
  {
    "event_id": "92491fb011f7256b55a6d9f4173409f65dac8c54ec24d1538d0d3ef1715477fc",
    "schema_version": "1.0.0",
    "event_type": "agent_order",
    "source": "synthetic_agent",
    "symbol": "BTCUSDT",
    "exchange": "binance_usdm",
    "timestamp": "2024-05-01T00:00:00.156000Z",
    "sequence": 13,
    "scenario_id": "scenario-595-coordinated_burst",
    "agent_id": "agent-coordinated_burst-1",
    "order_id": "scenario-595-coordinated_burst-agent-coordinated_burst-1-13",
    "action": "new",
    "side": "sell",
    "price": 65581.88100000001,
    "quantity": 0.04,
    "remaining_quantity": 0.04
  },
  {
    "event_id": "9b0cfd5e4453f66fd23f22f8b7f110163aa3dacc619573859fec467318b655a8",
    "schema_version": "1.0.0",
    "event_type": "agent_order",
    "source": "synthetic_agent",
    "symbol": "BTCUSDT",
    "exchange": "binance_usdm",
    "timestamp": "2024-05-01T00:00:00.168000Z",
    "sequence": 14,
    "scenario_id": "scenario-595-coordinated_burst",
    "agent_id": "agent-coordinated_burst-2",
    "order_id": "scenario-595-coordinated_burst-agent-coordinated_burst-2-14",
    "action": "new",
    "side": "sell",
    "price": 65581.88100000001,
    "quantity": 0.04,
    "remaining_quantity": 0.04
  },
  {
    "event_id": "75fdf0e1c62155def12d18410a0ef0e8db5f9101de1903a78de785e310869f8d",
    "schema_version": "1.0.0",
    "event_type": "agent_order",
    "source": "synthetic_agent",
    "symbol": "BTCUSDT",
    "exchange": "binance_usdm",
    "timestamp": "2024-05-01T00:00:01.800000Z",
    "sequence": 15,
    "scenario_id": "scenario-595-coordinated_burst",
    "agent_id": "agent-coordinated_burst-0",
    "order_id": "scenario-595-coordinated_burst-agent-coordinated_burst-0-15",
    "action": "new",
    "side": "buy",
    "price": 65608.11899999999,
    "quantity": 0.04,
    "remaining_quantity": 0.04
  },
  {
    "event_id": "2cc4943e9148921ff9e0fc259b7c19fff93cee1256b5fa443bd672809f098696",
    "schema_version": "1.0.0",
    "event_type": "agent_order",
    "source": "synthetic_agent",
    "symbol": "BTCUSDT",
    "exchange": "binance_usdm",
    "timestamp": "2024-05-01T00:00:00.192000Z",
    "sequence": 16,
    "scenario_id": "scenario-595-coordinated_burst",
    "agent_id": "agent-coordinated_burst-1",
    "order_id": "scenario-595-coordinated_burst-agent-coordinated_burst-1-16",
    "action": "new",
    "side": "sell",
    "price": 65581.88100000001,
    "quantity": 0.04,
    "remaining_quantity": 0.04
  },
  {
    "event_id": "e1327213b233f5f3ed75291e1bc0f4479503886e76e5c77ce1399bf15793475e",
    "schema_version": "1.0.0",
    "event_type": "agent_order",
    "source": "synthetic_agent",
    "symbol": "BTCUSDT",
    "exchange": "binance_usdm",
    "timestamp": "2024-05-01T00:00:00.204000Z",
    "sequence": 17,
    "scenario_id": "scenario-595-coordinated_burst",
    "agent_id": "agent-coordinated_burst-2",
    "order_id": "scenario-595-coordinated_burst-agent-coordinated_burst-2-17",
    "action": "new",
    "side": "sell",
    "price": 65581.88100000001,
    "quantity": 0.04,
    "remaining_quantity": 0.04
  },
  {
    "event_id": "1579e7eeb9f164578883bca4366c200f8a3237b55d21fb12b71fd38d26240c31",
    "schema_version": "1.0.0",
    "event_type": "agent_order",
    "source": "synthetic_agent",
    "symbol": "BTCUSDT",
    "exchange": "binance_usdm",
    "timestamp": "2024-05-01T00:00:00.216000Z",
    "sequence": 18,
    "scenario_id": "scenario-595-coordinated_burst",
    "agent_id": "agent-coordinated_burst-0",
    "order_id": "scenario-595-coordinated_burst-agent-coordinated_burst-0-18",
    "action": "new",
    "side": "buy",
    "price": 65608.11899999999,
    "quantity": 0.04,
    "remaining_quantity": 0.04
  },
  {
    "event_id": "2c24fb809100f88917b4a47c2b29f1d29775f56cc55c24e36ac89eb1a6066117",
    "schema_version": "1.0.0",
    "event_type": "agent_order",
    "source": "synthetic_agent",
    "symbol": "BTCUSDT",
    "exchange": "binance_usdm",
    "timestamp": "2024-05-01T00:00:00.228000Z",
    "sequence": 19,
    "scenario_id": "scenario-595-coordinated_burst",
    "agent_id": "agent-coordinated_burst-1",
    "order_id": "scenario-595-coordinated_burst-agent-coordinated_burst-1-19",
    "action": "new",
    "side": "sell",
    "price": 65581.88100000001,
    "quantity": 0.04,
    "remaining_quantity": 0.04
  },
  {
    "event_id": "67cfa4733e4d178ea46e1a0c90a49f7119cbc6c8c627af4fa66349581802877b",
    "schema_version": "1.0.0",
    "event_type": "agent_order",
    "source": "synthetic_agent",
    "symbol": "BTCUSDT",
    "exchange": "binance_usdm",
    "timestamp": "2024-05-01T00:00:02.400000Z",
    "sequence": 20,
    "scenario_id": "scenario-595-coordinated_burst",
    "agent_id": "agent-coordinated_burst-2",
    "order_id": "scenario-595-coordinated_burst-agent-coordinated_burst-2-20",
    "action": "new",
    "side": "sell",
    "price": 65581.88100000001,
    "quantity": 0.04,
    "remaining_quantity": 0.04
  },
  {
    "event_id": "f23ca9e6ee41c68a612c49b189b5fec71bb6e4538a76924d4a4ddf826e03552f",
    "schema_version": "1.0.0",
    "event_type": "agent_order",
    "source": "synthetic_agent",
    "symbol": "BTCUSDT",
    "exchange": "binance_usdm",
    "timestamp": "2024-05-01T00:00:00.252000Z",
    "sequence": 21,
    "scenario_id": "scenario-595-coordinated_burst",
    "agent_id": "agent-coordinated_burst-0",
    "order_id": "scenario-595-coordinated_burst-agent-coordinated_burst-0-21",
    "action": "new",
    "side": "buy",
    "price": 65608.11899999999,
    "quantity": 0.04,
    "remaining_quantity": 0.04
  },
  {
    "event_id": "53eb0eb915d983b795803731d01d6e870b7ecbf92de57c52643c16c56983bc0a",
    "schema_version": "1.0.0",
    "event_type": "agent_order",
    "source": "synthetic_agent",
    "symbol": "BTCUSDT",
    "exchange": "binance_usdm",
    "timestamp": "2024-05-01T00:00:00.264000Z",
    "sequence": 22,
    "scenario_id": "scenario-595-coordinated_burst",
    "agent_id": "agent-coordinated_burst-1",
    "order_id": "scenario-595-coordinated_burst-agent-coordinated_burst-1-22",
    "action": "new",
    "side": "sell",
    "price": 65581.88100000001,
    "quantity": 0.04,
    "remaining_quantity": 0.04
  },
  {
    "event_id": "0af30d37ed6f1b2e259213a1a2749e0f9394658438be0d62d04c3923b0ea7c9a",
    "schema_version": "1.0.0",
    "event_type": "agent_order",
    "source": "synthetic_agent",
    "symbol": "BTCUSDT",
    "exchange": "binance_usdm",
    "timestamp": "2024-05-01T00:00:00.276000Z",
    "sequence": 23,
    "scenario_id": "scenario-595-coordinated_burst",
    "agent_id": "agent-coordinated_burst-2",
    "order_id": "scenario-595-coordinated_burst-agent-coordinated_burst-2-23",
    "action": "new",
    "side": "sell",
    "price": 65581.88100000001,
    "quantity": 0.04,
    "remaining_quantity": 0.04
  },
  {
    "event_id": "87ed0cf6f3ad1dc1cda567506af1cdc75fb998fdc4f426ee165684e0a9d361a3",
    "schema_version": "1.0.0",
    "event_type": "agent_order",
    "source": "synthetic_agent",
    "symbol": "BTCUSDT",
    "exchange": "binance_usdm",
    "timestamp": "2024-05-01T00:00:00.288000Z",
    "sequence": 24,
    "scenario_id": "scenario-595-coordinated_burst",
    "agent_id": "agent-coordinated_burst-0",
    "order_id": "scenario-595-coordinated_burst-agent-coordinated_burst-0-24",
    "action": "new",
    "side": "buy",
    "price": 65608.11899999999,
    "quantity": 0.04,
    "remaining_quantity": 0.04
  },
  {
    "event_id": "4421aaf4eb74bc8d79194e6f9946a5fafc4d787e49907b2478955a1ad6507441",
    "schema_version": "1.0.0",
    "event_type": "agent_order",
    "source": "synthetic_agent",
    "symbol": "BTCUSDT",
    "exchange": "binance_usdm",
    "timestamp": "2024-05-01T00:00:03Z",
    "sequence": 25,
    "scenario_id": "scenario-595-coordinated_burst",
    "agent_id": "agent-coordinated_burst-1",
    "order_id": "scenario-595-coordinated_burst-agent-coordinated_burst-1-25",
    "action": "new",
    "side": "sell",
    "price": 65581.88100000001,
    "quantity": 0.04,
    "remaining_quantity": 0.04
  },
  {
    "event_id": "89fe08b1001e935f43d86d5e3628ba1898a601cb67467f75c7c2e73028f9e9a3",
    "schema_version": "1.0.0",
    "event_type": "agent_order",
    "source": "synthetic_agent",
    "symbol": "BTCUSDT",
    "exchange": "binance_usdm",
    "timestamp": "2024-05-01T00:00:00.312000Z",
    "sequence": 26,
    "scenario_id": "scenario-595-coordinated_burst",
    "agent_id": "agent-coordinated_burst-2",
    "order_id": "scenario-595-coordinated_burst-agent-coordinated_burst-2-26",
    "action": "new",
    "side": "sell",
    "price": 65581.88100000001,
    "quantity": 0.04,
    "remaining_quantity": 0.04
  },
  {
    "event_id": "5960bdecfc7b68576cd8a2ae5692c101440ef133bb91c8281af060f3acc43668",
    "schema_version": "1.0.0",
    "event_type": "agent_order",
    "source": "synthetic_agent",
    "symbol": "BTCUSDT",
    "exchange": "binance_usdm",
    "timestamp": "2024-05-01T00:00:00.324000Z",
    "sequence": 27,
    "scenario_id": "scenario-595-coordinated_burst",
    "agent_id": "agent-coordinated_burst-0",
    "order_id": "scenario-595-coordinated_burst-agent-coordinated_burst-0-27",
    "action": "new",
    "side": "buy",
    "price": 65608.11899999999,
    "quantity": 0.04,
    "remaining_quantity": 0.04
  },
  {
    "event_id": "317281cdfb9a620e63f3e798066491d1eb0c4b343a8398c7090f62f02f52d904",
    "schema_version": "1.0.0",
    "event_type": "agent_order",
    "source": "synthetic_agent",
    "symbol": "BTCUSDT",
    "exchange": "binance_usdm",
    "timestamp": "2024-05-01T00:00:00.336000Z",
    "sequence": 28,
    "scenario_id": "scenario-595-coordinated_burst",
    "agent_id": "agent-coordinated_burst-1",
    "order_id": "scenario-595-coordinated_burst-agent-coordinated_burst-1-28",
    "action": "new",
    "side": "sell",
    "price": 65581.88100000001,
    "quantity": 0.04,
    "remaining_quantity": 0.04
  },
  {
    "event_id": "f3df7b8be5b6d51a0a02ee965f1f87d8a7763fe87a581fa6a839cc76d414533e",
    "schema_version": "1.0.0",
    "event_type": "agent_order",
    "source": "synthetic_agent",
    "symbol": "BTCUSDT",
    "exchange": "binance_usdm",
    "timestamp": "2024-05-01T00:00:00.348000Z",
    "sequence": 29,
    "scenario_id": "scenario-595-coordinated_burst",
    "agent_id": "agent-coordinated_burst-2",
    "order_id": "scenario-595-coordinated_burst-agent-coordinated_burst-2-29",
    "action": "new",
    "side": "sell",
    "price": 65581.88100000001,
    "quantity": 0.04,
    "remaining_quantity": 0.04
  }
]