[
  {
    "event_id": "fb586382479ff6a5571c942b851075b74668cbeb80612d3137419e37a27c4738",
    "schema_version": "1.0.0",
    "event_type": "agent_order",
    "source": "synthetic_agent",
    "symbol": "BTCUSDT",
    "exchange": "binance_usdm",
    "timestamp": "2024-05-01T00:00:00Z",
    "sequence": 0,
    "scenario_id": "scenario-106-runaway_inventory",
    "agent_id": "agent-runaway_inventory",
    "order_id": "scenario-106-runaway_inventory-agent-runaway_inventory-0",
    "action": "new",
    "side": "buy",
    "price": 65106.0,
    "quantity": 0.01,
    "remaining_quantity": 0.01
  },
  {
    "event_id": "2a44975d0d2d143dd9731d9798622de9482f2aa560895480e5138ffe9804380b",
    "schema_version": "1.0.0",
    "event_type": "agent_order",
    "source": "synthetic_agent",
    "symbol": "BTCUSDT",
    "exchange": "binance_usdm",
    "timestamp": "2024-05-01T00:00:00.070000Z",
    "sequence": 1,
    "scenario_id": "scenario-106-runaway_inventory",
    "agent_id": "agent-runaway_inventory",
    "order_id": "scenario-106-runaway_inventory-agent-runaway_inventory-1",
    "action": "new",
    "side": "buy",
    "price": 65107.95318,
    "quantity": 0.012,
    "remaining_quantity": 0.012
  },
  {
    "event_id": "2ab14d239647a88b63cdb74f64f871dbd483f2546e68fb9a920a28d630962365",
    "schema_version": "1.0.0",
    "event_type": "agent_order",
    "source": "synthetic_agent",
    "symbol": "BTCUSDT",
    "exchange": "binance_usdm",
    "timestamp": "2024-05-01T00:00:00.140000Z",
    "sequence": 2,
    "scenario_id": "scenario-106-runaway_inventory",
    "agent_id": "agent-runaway_inventory",
    "order_id": "scenario-106-runaway_inventory-agent-runaway_inventory-2",
    "action": "new",
    "side": "buy",
    "price": 65109.90635999999,
    "quantity": 0.014,
    "remaining_quantity": 0.014
  },
  {
    "event_id": "2776404583733ec112f082b2ca5548f0b0b2afe9699b6132b665ca3c863f10bc",
    "schema_version": "1.0.0",
    "event_type": "agent_order",
    "source": "synthetic_agent",
    "symbol": "BTCUSDT",
    "exchange": "binance_usdm",
    "timestamp": "2024-05-01T00:00:00.210000Z",
    "sequence": 3,
    "scenario_id": "scenario-106-runaway_inventory",
    "agent_id": "agent-runaway_inventory",
    "order_id": "scenario-106-runaway_inventory-agent-runaway_inventory-3",
    "action": "new",
    "side": "buy",
    "price": 65111.85954,
    "quantity": 0.016,
    "remaining_quantity": 0.016
  },
  {
    "event_id": "f1b9cc648f1e67a27d016238f0e2a0d36e2c2ed53948ad544155a78903b1f99e",
    "schema_version": "1.0.0",
    "event_type": "agent_order",
    "source": "synthetic_agent",
    "symbol": "BTCUSDT",
    "exchange": "binance_usdm",
    "timestamp": "2024-05-01T00:00:00.280000Z",
    "sequence": 4,
    "scenario_id": "scenario-106-runaway_inventory",
    "agent_id": "agent-runaway_inventory",
    "order_id": "scenario-106-runaway_inventory-agent-runaway_inventory-4",
    "action": "new",
    "side": "buy",
    "price": 65113.812719999994,
    "quantity": 0.018000000000000002,
    "remaining_quantity": 0.018000000000000002
  },
  {
    "event_id": "a4fdca06f77cba5006926e7d990dae35f85a34d95eb7a0cc1b5bc17f045c4b0e",
    "schema_version": "1.0.0",
    "event_type": "agent_order",
    "source": "synthetic_agent",
    "symbol": "BTCUSDT",
    "exchange": "binance_usdm",
    "timestamp": "2024-05-01T00:00:00.350000Z",
    "sequence": 5,
    "scenario_id": "scenario-106-runaway_inventory",
    "agent_id": "agent-runaway_inventory",
    "order_id": "scenario-106-runaway_inventory-agent-runaway_inventory-5",
    "action": "new",
    "side": "buy",
    "price": 65115.765900000006,
    "quantity": 0.02,
    "remaining_quantity": 0.02
  },
  {
    "event_id": "6f391c6ac2da15598bfae286ceff0379dbce249b2e721aed52ca1dc0ffacf694",
    "schema_version": "1.0.0",
    "event_type": "agent_order",
    "source": "synthetic_agent",
    "symbol": "BTCUSDT",
    "exchange": "binance_usdm",
    "timestamp": "2024-05-01T00:00:00.420000Z",
    "sequence": 6,
    "scenario_id": "scenario-106-runaway_inventory",
    "agent_id": "agent-runaway_inventory",
    "order_id": "scenario-106-runaway_inventory-agent-runaway_inventory-6",
    "action": "new",
    "side": "buy",
    "price": 65117.71908,
    "quantity": 0.022,
    "remaining_quantity": 0.022
  },
  {
    "event_id": "2dec668d12d40608d76349b35c16374520bbe6a79a8094300c6c230356a08004",
    "schema_version": "1.0.0",
    "event_type": "agent_order",
    "source": "synthetic_agent",
    "symbol": "BTCUSDT",
    "exchange": "binance_usdm",
    "timestamp": "2024-05-01T00:00:00.490000Z",
    "sequence": 7,
    "scenario_id": "scenario-106-runaway_inventory",
    "agent_id": "agent-runaway_inventory",
    "order_id": "scenario-106-runaway_inventory-agent-runaway_inventory-7",
    "action": "new",
    "side": "buy",
    "price": 65119.67226,
    "quantity": 0.024,
    "remaining_quantity": 0.024
  },
  {
    "event_id": "64261a364d89920df8913410d48f1790c224e532504855ce63b136e16c1c9e8a",
    "schema_version": "1.0.0",
    "event_type": "agent_order",
    "source": "synthetic_agent",
    "symbol": "BTCUSDT",
    "exchange": "binance_usdm",
    "timestamp": "2024-05-01T00:00:00.560000Z",
    "sequence": 8,
    "scenario_id": "scenario-106-runaway_inventory",
    "agent_id": "agent-runaway_inventory",
    "order_id": "scenario-106-runaway_inventory-agent-runaway_inventory-8",
    "action": "new",
    "side": "buy",
    "price": 65121.62544,
    "quantity": 0.026000000000000002,
    "remaining_quantity": 0.026000000000000002
  },
  {
    "event_id": "51b57c564734e4e546322053f1ace22e74bd8f80e13ab3761ab82596aa41e0e9",
    "schema_version": "1.0.0",
    "event_type": "agent_order",
    "source": "synthetic_agent",
    "symbol": "BTCUSDT",
    "exchange": "binance_usdm",
    "timestamp": "2024-05-01T00:00:00.630000Z",
    "sequence": 9,
    "scenario_id": "scenario-106-runaway_inventory",
    "agent_id": "agent-runaway_inventory",
    "order_id": "scenario-106-runaway_inventory-agent-runaway_inventory-9",
    "action": "new",
    "side": "buy",
    "price": 65123.57862,
    "quantity": 0.028000000000000004,
    "remaining_quantity": 0.028000000000000004
  },
  {
    "event_id": "940f154338395fc43c771a25817e4cf2b6a3ce4b6fcb5f91c92a3bea4e9044e8",
    "schema_version": "1.0.0",
    "event_type": "agent_order",
    "source": "synthetic_agent",
    "symbol": "BTCUSDT",
    "exchange": "binance_usdm",
    "timestamp": "2024-05-01T00:00:00.700000Z",
    "sequence": 10,
    "scenario_id": "scenario-106-runaway_inventory",
    "agent_id": "agent-runaway_inventory",
    "order_id": "scenario-106-runaway_inventory-agent-runaway_inventory-10",
    "action": "new",
    "side": "buy",
    "price": 65125.5318,
    "quantity": 0.03,
    "remaining_quantity": 0.03
  },
  {
    "event_id": "bb16ba678c81e3aabad367844e5a6c1a37dac1ea2dc0f8229236a63dea8bfbb5",
    "schema_version": "1.0.0",
    "event_type": "agent_order",
    "source": "synthetic_agent",
    "symbol": "BTCUSDT",
    "exchange": "binance_usdm",
    "timestamp": "2024-05-01T00:00:00.770000Z",
    "sequence": 11,
    "scenario_id": "scenario-106-runaway_inventory",
    "agent_id": "agent-runaway_inventory",
    "order_id": "scenario-106-runaway_inventory-agent-runaway_inventory-11",
    "action": "new",
    "side": "buy",
    "price": 65127.484979999994,
    "quantity": 0.032,
    "remaining_quantity": 0.032
  },
  {
    "event_id": "045e4416bc8e7e9b834b10e5f23a2bf75bbfad071d9c66f328a7be2e6319ae14",
    "schema_version": "1.0.0",
    "event_type": "agent_order",
    "source": "synthetic_agent",
    "symbol": "BTCUSDT",
    "exchange": "binance_usdm",
    "timestamp": "2024-05-01T00:00:00.840000Z",
    "sequence": 12,
    "scenario_id": "scenario-106-runaway_inventory",
    "agent_id": "agent-runaway_inventory",
    "order_id": "scenario-106-runaway_inventory-agent-runaway_inventory-12",
    "action": "new",
    "side": "buy",
    "price": 65129.43816,
    "quantity": 0.034,
    "remaining_quantity": 0.034
  },
  {
    "event_id": "379a9f220ed8af6a4510d8bb96e1891e9f69338f0dffcea4afb2bd302f64735c",
    "schema_version": "1.0.0",
    "event_type": "agent_order",
    "source": "synthetic_agent",
    "symbol": "BTCUSDT",
    "exchange": "binance_usdm",
    "timestamp": "2024-05-01T00:00:00.910000Z",
    "sequence": 13,
    "scenario_id": "scenario-106-runaway_inventory",
    "agent_id": "agent-runaway_inventory",
    "order_id": "scenario-106-runaway_inventory-agent-runaway_inventory-13",
    "action": "new",
    "side": "buy",
    "price": 65131.391339999995,
    "quantity": 0.036000000000000004,
    "remaining_quantity": 0.036000000000000004
  },
  {
    "event_id": "9ca8fa4b896de162a428a5fb6f2d8aeafd0ca9243dc280dfd04f4358266e4e29",
    "schema_version": "1.0.0",
    "event_type": "agent_order",
    "source": "synthetic_agent",
    "symbol": "BTCUSDT",
    "exchange": "binance_usdm",
    "timestamp": "2024-05-01T00:00:00.980000Z",
    "sequence": 14,
    "scenario_id": "scenario-106-runaway_inventory",
    "agent_id": "agent-runaway_inventory",
    "order_id": "scenario-106-runaway_inventory-agent-runaway_inventory-14",
    "action": "new",
    "side": "buy",
    "price": 65133.344520000006,
    "quantity": 0.038,
    "remaining_quantity": 0.038
  },
  {
    "event_id": "314045838b37feea9bb2754a1436dfcd759717e9e1c8bb2be0c0dfb623c95ddc",
    "schema_version": "1.0.0",
    "event_type": "agent_order",
    "source": "synthetic_agent",
    "symbol": "BTCUSDT",
    "exchange": "binance_usdm",
    "timestamp": "2024-05-01T00:00:01.050000Z",
    "sequence": 15,
    "scenario_id": "scenario-106-runaway_inventory",
    "agent_id": "agent-runaway_inventory",
    "order_id": "scenario-106-runaway_inventory-agent-runaway_inventory-15",
    "action": "new",
    "side": "buy",
    "price": 65135.2977,
    "quantity": 0.04,
    "remaining_quantity": 0.04
  },
  {
    "event_id": "58d605c2c1543a42c1dbf540f688ce6f35d7b965d6e1283f08a95655997dde87",
    "schema_version": "1.0.0",
    "event_type": "agent_order",
    "source": "synthetic_agent",
    "symbol": "BTCUSDT",
    "exchange": "binance_usdm",
    "timestamp": "2024-05-01T00:00:01.120000Z",
    "sequence": 16,
    "scenario_id": "scenario-106-runaway_inventory",
    "agent_id": "agent-runaway_inventory",
    "order_id": "scenario-106-runaway_inventory-agent-runaway_inventory-16",
    "action": "new",
    "side": "buy",
    "price": 65137.25088,
    "quantity": 0.042,
    "remaining_quantity": 0.042
  },
  {
    "event_id": "92aa1061c4371ec63ca653f406d5a65672b15e094a2f891add13d00090748ad9",
    "schema_version": "1.0.0",
    "event_type": "agent_order",
    "source": "synthetic_agent",
    "symbol": "BTCUSDT",
    "exchange": "binance_usdm",
    "timestamp": "2024-05-01T00:00:01.190000Z",
    "sequence": 17,
    "scenario_id": "scenario-106-runaway_inventory",
    "agent_id": "agent-runaway_inventory",
    "order_id": "scenario-106-runaway_inventory-agent-runaway_inventory-17",
    "action": "new",
    "side": "buy",
    "price": 65139.204060000004,
    "quantity": 0.044000000000000004,
    "remaining_quantity": 0.044000000000000004
  },
  {
    "event_id": "5399d07d2fee05c2e822425f3c1e7bf985d68ffa7b637eddfe667029852eb9bc",
    "schema_version": "1.0.0",
    "event_type": "agent_order",
    "source": "synthetic_agent",
    "symbol": "BTCUSDT",
    "exchange": "binance_usdm",
    "timestamp": "2024-05-01T00:00:01.260000Z",
    "sequence": 18,
    "scenario_id": "scenario-106-runaway_inventory",
    "agent_id": "agent-runaway_inventory",
    "order_id": "scenario-106-runaway_inventory-agent-runaway_inventory-18",
    "action": "new",
    "side": "buy",
    "price": 65141.15724,
    "quantity": 0.046000000000000006,
    "remaining_quantity": 0.046000000000000006
  },
  {
    "event_id": "f8dbb5aa68d2bffb3043148083df363d668e3f1d249865f571e07122e42d8d85",
    "schema_version": "1.0.0",
    "event_type": "agent_order",
    "source": "synthetic_agent",
    "symbol": "BTCUSDT",
    "exchange": "binance_usdm",
    "timestamp": "2024-05-01T00:00:01.330000Z",
    "sequence": 19,
    "scenario_id": "scenario-106-runaway_inventory",
    "agent_id": "agent-runaway_inventory",
    "order_id": "scenario-106-runaway_inventory-agent-runaway_inventory-19",
    "action": "new",
    "side": "buy",
    "price": 65143.11042,
    "quantity": 0.048,
    "remaining_quantity": 0.048
  },
  {
    "event_id": "d3fb1d5ac23d1d9c20e8fb16e5bbe9b7f08ae1792a1f09bcccfaa41b582289c6",
    "schema_version": "1.0.0",
    "event_type": "agent_order",
    "source": "synthetic_agent",
    "symbol": "BTCUSDT",
    "exchange": "binance_usdm",
    "timestamp": "2024-05-01T00:00:01.400000Z",
    "sequence": 20,
    "scenario_id": "scenario-106-runaway_inventory",
    "agent_id": "agent-runaway_inventory",
    "order_id": "scenario-106-runaway_inventory-agent-runaway_inventory-20",
    "action": "new",
    "side": "buy",
    "price": 65145.063599999994,
    "quantity": 0.05,
    "remaining_quantity": 0.05
  },
  {
    "event_id": "8b8151cadc71a966aba06a596682439f5efff3c5599a9267acdb14a3db6ff777",
    "schema_version": "1.0.0",
    "event_type": "agent_order",
    "source": "synthetic_agent",
    "symbol": "BTCUSDT",
    "exchange": "binance_usdm",
    "timestamp": "2024-05-01T00:00:01.470000Z",
    "sequence": 21,
    "scenario_id": "scenario-106-runaway_inventory",
    "agent_id": "agent-runaway_inventory",
    "order_id": "scenario-106-runaway_inventory-agent-runaway_inventory-21",
    "action": "new",
    "side": "buy",
    "price": 65147.01677999999,
    "quantity": 0.052000000000000005,
    "remaining_quantity": 0.052000000000000005
  },
  {
    "event_id": "f0dd032c02245a7da6be12541607304497df707b47b8b326630eae59b148c651",
    "schema_version": "1.0.0",
    "event_type": "agent_order",
    "source": "synthetic_agent",
    "symbol": "BTCUSDT",
    "exchange": "binance_usdm",
    "timestamp": "2024-05-01T00:00:01.540000Z",
    "sequence": 22,
    "scenario_id": "scenario-106-runaway_inventory",
    "agent_id": "agent-runaway_inventory",
    "order_id": "scenario-106-runaway_inventory-agent-runaway_inventory-22",
    "action": "new",
    "side": "buy",
    "price": 65148.96996000001,
    "quantity": 0.054,
    "remaining_quantity": 0.054
  },
  {
    "event_id": "99c324ada4f76cbb251c23aa97910aac1ad463cd7d1e3fd5979fef864cfbc6ae",
    "schema_version": "1.0.0",
    "event_type": "agent_order",
    "source": "synthetic_agent",
    "symbol": "BTCUSDT",
    "exchange": "binance_usdm",
    "timestamp": "2024-05-01T00:00:01.610000Z",
    "sequence": 23,
    "scenario_id": "scenario-106-runaway_inventory",
    "agent_id": "agent-runaway_inventory",
    "order_id": "scenario-106-runaway_inventory-agent-runaway_inventory-23",
    "action": "new",
    "side": "buy",
    "price": 65150.923140000006,
    "quantity": 0.056,
    "remaining_quantity": 0.056
  },
  {
    "event_id": "1fc4a39814e7de71a722751d5490115338a9a1d6023055e53caf9f3493115b37",
    "schema_version": "1.0.0",
    "event_type": "agent_order",
    "source": "synthetic_agent",
    "symbol": "BTCUSDT",
    "exchange": "binance_usdm",
    "timestamp": "2024-05-01T00:00:01.680000Z",
    "sequence": 24,
    "scenario_id": "scenario-106-runaway_inventory",
    "agent_id": "agent-runaway_inventory",
    "order_id": "scenario-106-runaway_inventory-agent-runaway_inventory-24",
    "action": "new",
    "side": "buy",
    "price": 65152.87632,
    "quantity": 0.058,
    "remaining_quantity": 0.058
  },
  {
    "event_id": "2ff50cc705bc67d5a5e09479fac25ebea03e602818cddb1961778450066170c0",
    "schema_version": "1.0.0",
    "event_type": "agent_order",
    "source": "synthetic_agent",
    "symbol": "BTCUSDT",
    "exchange": "binance_usdm",
    "timestamp": "2024-05-01T00:00:01.750000Z",
    "sequence": 25,
    "scenario_id": "scenario-106-runaway_inventory",
    "agent_id": "agent-runaway_inventory",
    "order_id": "scenario-106-runaway_inventory-agent-runaway_inventory-25",
    "action": "new",
    "side": "buy",
    "price": 65154.8295,
    "quantity": 0.060000000000000005,
    "remaining_quantity": 0.060000000000000005
  },
  {
    "event_id": "8ca2826fccd45e174115d3526d0dc7fc9c5497ef7a925ee2a349d19604cab2bc",
    "schema_version": "1.0.0",
    "event_type": "agent_order",
    "source": "synthetic_agent",
    "symbol": "BTCUSDT",
    "exchange": "binance_usdm",
    "timestamp": "2024-05-01T00:00:01.820000Z",
    "sequence": 26,
    "scenario_id": "scenario-106-runaway_inventory",
    "agent_id": "agent-runaway_inventory",
    "order_id": "scenario-106-runaway_inventory-agent-runaway_inventory-26",
    "action": "new",
    "side": "buy",
    "price": 65156.78268,
    "quantity": 0.062000000000000006,
    "remaining_quantity": 0.062000000000000006
  },
  {
    "event_id": "dcbebe96988af8b71aa7103072df3b06b4d0ac821a0396a01eebb7e4f0824256",
    "schema_version": "1.0.0",
    "event_type": "agent_order",
    "source": "synthetic_agent",
    "symbol": "BTCUSDT",
    "exchange": "binance_usdm",
    "timestamp": "2024-05-01T00:00:01.890000Z",
    "sequence": 27,
    "scenario_id": "scenario-106-runaway_inventory",
    "agent_id": "agent-runaway_inventory",
    "order_id": "scenario-106-runaway_inventory-agent-runaway_inventory-27",
    "action": "new",
    "side": "buy",
    "price": 65158.73586,
    "quantity": 0.064,
    "remaining_quantity": 0.064
  },
  {
    "event_id": "adc6d083595bb44ef8e86d16b12ce219e5ceb8993ab5a1ef6938052c87dbf4ea",
    "schema_version": "1.0.0",
    "event_type": "agent_order",
    "source": "synthetic_agent",
    "symbol": "BTCUSDT",
    "exchange": "binance_usdm",
    "timestamp": "2024-05-01T00:00:01.960000Z",
    "sequence": 28,
    "scenario_id": "scenario-106-runaway_inventory",
    "agent_id": "agent-runaway_inventory",
    "order_id": "scenario-106-runaway_inventory-agent-runaway_inventory-28",
    "action": "new",
    "side": "buy",
    "price": 65160.68904,
    "quantity": 0.066,
    "remaining_quantity": 0.066
  },
  {
    "event_id": "6279b90ac46dd98cc93d34a185def73a21c01d34010bffe16f777447c21fb80e",
    "schema_version": "1.0.0",
    "event_type": "agent_order",
    "source": "synthetic_agent",
    "symbol": "BTCUSDT",
    "exchange": "binance_usdm",
    "timestamp": "2024-05-01T00:00:02.030000Z",
    "sequence": 29,
    "scenario_id": "scenario-106-runaway_inventory",
    "agent_id": "agent-runaway_inventory",
    "order_id": "scenario-106-runaway_inventory-agent-runaway_inventory-29",
    "action": "new",
    "side": "buy",
    "price": 65162.642219999994,
    "quantity": 0.068,
    "remaining_quantity": 0.068
  }
]