[
  {
    "event_id": "d218b89afed2b5d5f50240a80c028a4930b7db637b9b9ecd12e43b85285b511f",
    "schema_version": "1.0.0",
    "event_type": "agent_order",
    "source": "synthetic_agent",
    "symbol": "BTCUSDT",
    "exchange": "binance_usdm",
    "timestamp": "2024-05-01T00:00:00Z",
    "sequence": 0,
    "scenario_id": "scenario-334-runaway_inventory",
    "agent_id": "agent-runaway_inventory",
    "order_id": "scenario-334-runaway_inventory-agent-runaway_inventory-0",
    "action": "new",
    "side": "buy",
    "price": 65334.0,
    "quantity": 0.01,
    "remaining_quantity": 0.01
  },
  {
    "event_id": "a512fe46b213c8d33dbbcf0547641a7dcb38f0fa99f01a7c9d04f18e651a2c55",
    "schema_version": "1.0.0",
    "event_type": "agent_order",
    "source": "synthetic_agent",
    "symbol": "BTCUSDT",
    "exchange": "binance_usdm",
    "timestamp": "2024-05-01T00:00:00.070000Z",
    "sequence": 1,
    "scenario_id": "scenario-334-runaway_inventory",
    "agent_id": "agent-runaway_inventory",
    "order_id": "scenario-334-runaway_inventory-agent-runaway_inventory-1",
    "action": "new",
    "side": "buy",
    "price": 65335.96002,
    "quantity": 0.012,
    "remaining_quantity": 0.012
  },
  {
    "event_id": "3cc28791c08ee40db3698a52ec840cb84908ba9982126503f68cd5b95490d73d",
    "schema_version": "1.0.0",
    "event_type": "agent_order",
    "source": "synthetic_agent",
    "symbol": "BTCUSDT",
    "exchange": "binance_usdm",
    "timestamp": "2024-05-01T00:00:00.140000Z",
    "sequence": 2,
    "scenario_id": "scenario-334-runaway_inventory",
    "agent_id": "agent-runaway_inventory",
    "order_id": "scenario-334-runaway_inventory-agent-runaway_inventory-2",
    "action": "new",
    "side": "buy",
    "price": 65337.92004,
    "quantity": 0.014,
    "remaining_quantity": 0.014
  },
  {
    "event_id": "046083115d7d1652ad2301d9364340d62165427a279d30de3e418154982398c1",
    "schema_version": "1.0.0",
    "event_type": "agent_order",
    "source": "synthetic_agent",
    "symbol": "BTCUSDT",
    "exchange": "binance_usdm",
    "timestamp": "2024-05-01T00:00:00.210000Z",
    "sequence": 3,
    "scenario_id": "scenario-334-runaway_inventory",
    "agent_id": "agent-runaway_inventory",
    "order_id": "scenario-334-runaway_inventory-agent-runaway_inventory-3",
    "action": "new",
    "side": "buy",
    "price": 65339.880059999996,
    "quantity": 0.016,
    "remaining_quantity": 0.016
  },
  {
    "event_id": "5b2c3d6f6b2cb74d04203943616cb81dd25b6eb7ed026374d372c8a5d5993bb9",
    "schema_version": "1.0.0",
    "event_type": "agent_order",
    "source": "synthetic_agent",
    "symbol": "BTCUSDT",
    "exchange": "binance_usdm",
    "timestamp": "2024-05-01T00:00:00.280000Z",
    "sequence": 4,
    "scenario_id": "scenario-334-runaway_inventory",
    "agent_id": "agent-runaway_inventory",
    "order_id": "scenario-334-runaway_inventory-agent-runaway_inventory-4",
    "action": "new",
    "side": "buy",
    "price": 65341.840079999994,
    "quantity": 0.018000000000000002,
    "remaining_quantity": 0.018000000000000002
  },
  {
    "event_id": "fee19eaab07580571e2fdbd4ebe0e079e5983a24a577d588f958878fb8ff169c",
    "schema_version": "1.0.0",
    "event_type": "agent_order",
    "source": "synthetic_agent",
    "symbol": "BTCUSDT",
    "exchange": "binance_usdm",
    "timestamp": "2024-05-01T00:00:00.350000Z",
    "sequence": 5,
    "scenario_id": "scenario-334-runaway_inventory",
    "agent_id": "agent-runaway_inventory",
    "order_id": "scenario-334-runaway_inventory-agent-runaway_inventory-5",
    "action": "new",
    "side": "buy",
    "price": 65343.80010000001,
    "quantity": 0.02,
    "remaining_quantity": 0.02
  },
  {
    "event_id": "8df4b92a19bea5d75c04f3b7e337a613f65d8bfd4ef32426f7484a9e3ee76946",
    "schema_version": "1.0.0",
    "event_type": "agent_order",
    "source": "synthetic_agent",
    "symbol": "BTCUSDT",
    "exchange": "binance_usdm",
    "timestamp": "2024-05-01T00:00:00.420000Z",
    "sequence": 6,
    "scenario_id": "scenario-334-runaway_inventory",
    "agent_id": "agent-runaway_inventory",
    "order_id": "scenario-334-runaway_inventory-agent-runaway_inventory-6",
    "action": "new",
    "side": "buy",
    "price": 65345.760120000006,
    "quantity": 0.022,
    "remaining_quantity": 0.022
  },
  {
    "event_id": "f929739c4b9ef1fb492ef4df8076872dcb77d7c4be759ee4748f9a45ef706f5b",
    "schema_version": "1.0.0",
    "event_type": "agent_order",
    "source": "synthetic_agent",
    "symbol": "BTCUSDT",
    "exchange": "binance_usdm",
    "timestamp": "2024-05-01T00:00:00.490000Z",
    "sequence": 7,
    "scenario_id": "scenario-334-runaway_inventory",
    "agent_id": "agent-runaway_inventory",
    "order_id": "scenario-334-runaway_inventory-agent-runaway_inventory-7",
    "action": "new",
    "side": "buy",
    "price": 65347.720140000005,
    "quantity": 0.024,
    "remaining_quantity": 0.024
  },
  {
    "event_id": "3ba55645c8de66774c82fa3df3b58ec14af8d35c0c774d8653ec2af5afab127e",
    "schema_version": "1.0.0",
    "event_type": "agent_order",
    "source": "synthetic_agent",
    "symbol": "BTCUSDT",
    "exchange": "binance_usdm",
    "timestamp": "2024-05-01T00:00:00.560000Z",
    "sequence": 8,
    "scenario_id": "scenario-334-runaway_inventory",
    "agent_id": "agent-runaway_inventory",
    "order_id": "scenario-334-runaway_inventory-agent-runaway_inventory-8",
    "action": "new",
    "side": "buy",
    "price": 65349.68016,
    "quantity": 0.026000000000000002,
    "remaining_quantity": 0.026000000000000002
  },
  {
    "event_id": "b3f7364363fb8e34c6e337696a165a2c7c3f1d386df00b9d90cfe2e297e8b867",
    "schema_version": "1.0.0",
    "event_type": "agent_order",
    "source": "synthetic_agent",
    "symbol": "BTCUSDT",
    "exchange": "binance_usdm",
    "timestamp": "2024-05-01T00:00:00.630000Z",
    "sequence": 9,
    "scenario_id": "scenario-334-runaway_inventory",
    "agent_id": "agent-runaway_inventory",
    "order_id": "scenario-334-runaway_inventory-agent-runaway_inventory-9",
    "action": "new",
    "side": "buy",
    "price": 65351.64018,
    "quantity": 0.028000000000000004,
    "remaining_quantity": 0.028000000000000004
  },
  {
    "event_id": "8f2c9727c2384068fef19e8bc9eadbbbce393f6118b369cf00556ca42d5880a1",
    "schema_version": "1.0.0",
    "event_type": "agent_order",
    "source": "synthetic_agent",
    "symbol": "BTCUSDT",
    "exchange": "binance_usdm",
    "timestamp": "2024-05-01T00:00:00.700000Z",
    "sequence": 10,
    "scenario_id": "scenario-334-runaway_inventory",
    "agent_id": "agent-runaway_inventory",
    "order_id": "scenario-334-runaway_inventory-agent-runaway_inventory-10",
    "action": "new",
    "side": "buy",
    "price": 65353.6002,
    "quantity": 0.03,
    "remaining_quantity": 0.03
  },
  {
    "event_id": "a92ae65c515027d3a9c80e2e3aa3f888c23aa5c8a01d6159ee8a92949b17bdc0",
    "schema_version": "1.0.0",
    "event_type": "agent_order",
    "source": "synthetic_agent",
    "symbol": "BTCUSDT",
    "exchange": "binance_usdm",
    "timestamp": "2024-05-01T00:00:00.770000Z",
    "sequence": 11,
    "scenario_id": "scenario-334-runaway_inventory",
    "agent_id": "agent-runaway_inventory",
    "order_id": "scenario-334-runaway_inventory-agent-runaway_inventory-11",
    "action": "new",
    "side": "buy",
    "price": 65355.56022,
    "quantity": 0.032,
    "remaining_quantity": 0.032
  },
  {
    "event_id": "5572af35c790a6ba9699e056171b6adfa755ef1c744f224bb1cb5614be20f541",
    "schema_version": "1.0.0",
    "event_type": "agent_order",
    "source": "synthetic_agent",
    "symbol": "BTCUSDT",
    "exchange": "binance_usdm",
    "timestamp": "2024-05-01T00:00:00.840000Z",
    "sequence": 12,
    "scenario_id": "scenario-334-runaway_inventory",
    "agent_id": "agent-runaway_inventory",
    "order_id": "scenario-334-runaway_inventory-agent-runaway_inventory-12",
    "action": "new",
    "side": "buy",
    "price": 65357.52024,
    "quantity": 0.034,
    "remaining_quantity": 0.034
  },
  {
    "event_id": "1ee3300c34f92fec96a76af513aae251cefe60f7cc37eb86673bba979ae5f30a",
    "schema_version": "1.0.0",
    "event_type": "agent_order",
    "source": "synthetic_agent",
    "symbol": "BTCUSDT",
    "exchange": "binance_usdm",
    "timestamp": "2024-05-01T00:00:00.910000Z",
    "sequence": 13,
    "scenario_id": "scenario-334-runaway_inventory",
    "agent_id": "agent-runaway_inventory",
    "order_id": "scenario-334-runaway_inventory-agent-runaway_inventory-13",
    "action": "new",
    "side": "buy",
    "price": 65359.48025999999,
    "quantity": 0.036000000000000004,
    "remaining_quantity": 0.036000000000000004
  },
  {
    "event_id": "612afbf3a7d9af1d26e051fdaa4d43a9e7e39fd7ce931909cc3fa67279cfeeb4",
    "schema_version": "1.0.0",
    "event_type": "agent_order",
    "source": "synthetic_agent",
    "symbol": "BTCUSDT",
    "exchange": "binance_usdm",
    "timestamp": "2024-05-01T00:00:00.980000Z",
    "sequence": 14,
    "scenario_id": "scenario-334-runaway_inventory",
    "agent_id": "agent-runaway_inventory",
    "order_id": "scenario-334-runaway_inventory-agent-runaway_inventory-14",
    "action": "new",
    "side": "buy",
    "price": 65361.44028,
    "quantity": 0.038,
    "remaining_quantity": 0.038
  },
  {
    "event_id": "ec9e8ce47e30c2feb664ae51b80b0f81f76c21d45f2a7689ca2ad69b7afa4607",
    "schema_version": "1.0.0",
    "event_type": "agent_order",
    "source": "synthetic_agent",
    "symbol": "BTCUSDT",
    "exchange": "binance_usdm",
    "timestamp": "2024-05-01T00:00:01.050000Z",
    "sequence": 15,
    "scenario_id": "scenario-334-runaway_inventory",
    "agent_id": "agent-runaway_inventory",
    "order_id": "scenario-334-runaway_inventory-agent-runaway_inventory-15",
    "action": "new",
    "side": "buy",
    "price": 65363.4003,
    "quantity": 0.04,
    "remaining_quantity": 0.04
  },
  {
    "event_id": "6cb7aa6c66c40a70786f5f2463c733cbe44c40adaeef25197b5748de2c4cec1c",
    "schema_version": "1.0.0",
    "event_type": "agent_order",
    "source": "synthetic_agent",
    "symbol": "BTCUSDT",
    "exchange": "binance_usdm",
    "timestamp": "2024-05-01T00:00:01.120000Z",
    "sequence": 16,
    "scenario_id": "scenario-334-runaway_inventory",
    "agent_id": "agent-runaway_inventory",
    "order_id": "scenario-334-runaway_inventory-agent-runaway_inventory-16",
    "action": "new",
    "side": "buy",
    "price": 65365.36032,
    "quantity": 0.042,
    "remaining_quantity": 0.042
  },
  {
    "event_id": "71d9ec03d3ebefd3269a5865c47e349cd10731f9cafc4dac3d2b172698a41e0a",
    "schema_version": "1.0.0",
    "event_type": "agent_order",
    "source": "synthetic_agent",
    "symbol": "BTCUSDT",
    "exchange": "binance_usdm",
    "timestamp": "2024-05-01T00:00:01.190000Z",
    "sequence": 17,
    "scenario_id": "scenario-334-runaway_inventory",
    "agent_id": "agent-runaway_inventory",
    "order_id": "scenario-334-runaway_inventory-agent-runaway_inventory-17",
    "action": "new",
    "side": "buy",
    "price": 65367.32034,
    "quantity": 0.044000000000000004,
    "remaining_quantity": 0.044000000000000004
  },
  {
    "event_id": "46c502a11a9745b6aab801950c575c7c6c3a19de397eac3ef4348d42d4c15d00",
    "schema_version": "1.0.0",
    "event_type": "agent_order",
    "source": "synthetic_agent",
    "symbol": "BTCUSDT",
    "exchange": "binance_usdm",
    "timestamp": "2024-05-01T00:00:01.260000Z",
    "sequence": 18,
    "scenario_id": "scenario-334-runaway_inventory",
    "agent_id": "agent-runaway_inventory",
    "order_id": "scenario-334-runaway_inventory-agent-runaway_inventory-18",
    "action": "new",
    "side": "buy",
    "price": 65369.28036,
    "quantity": 0.046000000000000006,
    "remaining_quantity": 0.046000000000000006
  },
  {
    "event_id": "c5fb2d3220c5424ba07f6eae3355edc7e090687ddd578505b050713989b6d33a",
    "schema_version": "1.0.0",
    "event_type": "agent_order",
    "source": "synthetic_agent",
    "symbol": "BTCUSDT",
    "exchange": "binance_usdm",
    "timestamp": "2024-05-01T00:00:01.330000Z",
    "sequence": 19,
    "scenario_id": "scenario-334-runaway_inventory",
    "agent_id": "agent-runaway_inventory",
    "order_id": "scenario-334-runaway_inventory-agent-runaway_inventory-19",
    "action": "new",
    "side": "buy",
    "price": 65371.240379999996,
    "quantity": 0.048,
    "remaining_quantity": 0.048
  },
  {
    "event_id": "7dcf77fe1ef3b60877208bb08b8391cc9b4b1eb4a01d696b6dcdf944d6cc63e9",
    "schema_version": "1.0.0",
    "event_type": "agent_order",
    "source": "synthetic_agent",
    "symbol": "BTCUSDT",
    "exchange": "binance_usdm",
    "timestamp": "2024-05-01T00:00:01.400000Z",
    "sequence": 20,
    "scenario_id": "scenario-334-runaway_inventory",
    "agent_id": "agent-runaway_inventory",
    "order_id": "scenario-334-runaway_inventory-agent-runaway_inventory-20",
    "action": "new",
    "side": "buy",
    "price": 65373.200399999994,
    "quantity": 0.05,
    "remaining_quantity": 0.05
  },
  {
    "event_id": "5e48558d341ffd99e13ce480c2de0ee66c00941f1ead42e3e05ce1f89990368e",
    "schema_version": "1.0.0",
    "event_type": "agent_order",
    "source": "synthetic_agent",
    "symbol": "BTCUSDT",
    "exchange": "binance_usdm",
    "timestamp": "2024-05-01T00:00:01.470000Z",
    "sequence": 21,
    "scenario_id": "scenario-334-runaway_inventory",
    "agent_id": "agent-runaway_inventory",
    "order_id": "scenario-334-runaway_inventory-agent-runaway_inventory-21",
    "action": "new",
    "side": "buy",
    "price": 65375.16041999999,
    "quantity": 0.052000000000000005,
    "remaining_quantity": 0.052000000000000005
  },
  {
    "event_id": "a150f7fe2ee14496eae69500574816dc9609472d5b1324940f116483aeb32911",
    "schema_version": "1.0.0",
    "event_type": "agent_order",
    "source": "synthetic_agent",
    "symbol": "BTCUSDT",
    "exchange": "binance_usdm",
    "timestamp": "2024-05-01T00:00:01.540000Z",
    "sequence": 22,
    "scenario_id": "scenario-334-runaway_inventory",
    "agent_id": "agent-runaway_inventory",
    "order_id": "scenario-334-runaway_inventory-agent-runaway_inventory-22",
    "action": "new",
    "side": "buy",
    "price": 65377.120440000006,
    "quantity": 0.054,
    "remaining_quantity": 0.054
  },
  {
    "event_id": "4bab8b0ac7c767a4ed99e69610ddc18a3407cdef80ad3607e930e4201a8b21b8",
    "schema_version": "1.0.0",
    "event_type": "agent_order",
    "source": "synthetic_agent",
    "symbol": "BTCUSDT",
    "exchange": "binance_usdm",
    "timestamp": "2024-05-01T00:00:01.610000Z",
    "sequence": 23,
    "scenario_id": "scenario-334-runaway_inventory",
    "agent_id": "agent-runaway_inventory",
    "order_id": "scenario-334-runaway_inventory-agent-runaway_inventory-23",
    "action": "new",
    "side": "buy",
    "price": 65379.080460000005,
    "quantity": 0.056,
    "remaining_quantity": 0.056
  },
  {
    "event_id": "aed47c1f687e317a4076515bf7d2bc84b3ba508b65d20a5665e62a35b6f5f4df",
    "schema_version": "1.0.0",
    "event_type": "agent_order",
    "source": "synthetic_agent",
    "symbol": "BTCUSDT",
    "exchange": "binance_usdm",
    "timestamp": "2024-05-01T00:00:01.680000Z",
    "sequence": 24,
    "scenario_id": "scenario-334-runaway_inventory",
    "agent_id": "agent-runaway_inventory",
    "order_id": "scenario-334-runaway_inventory-agent-runaway_inventory-24",
    "action": "new",
    "side": "buy",
    "price": 65381.04048,
    "quantity": 0.058,
    "remaining_quantity": 0.058
  },
  {
    "event_id": "6e088aab61a2941ccea92bd278dec2727a7c62abed6d746b4250691359ebfdba",
    "schema_version": "1.0.0",
    "event_type": "agent_order",
    "source": "synthetic_agent",
    "symbol": "BTCUSDT",
    "exchange": "binance_usdm",
    "timestamp": "2024-05-01T00:00:01.750000Z",
    "sequence": 25,
    "scenario_id": "scenario-334-runaway_inventory",
    "agent_id": "agent-runaway_inventory",
    "order_id": "scenario-334-runaway_inventory-agent-runaway_inventory-25",
    "action": "new",
    "side": "buy",
    "price": 65383.0005,
    "quantity": 0.060000000000000005,
    "remaining_quantity": 0.060000000000000005
  },
  {
    "event_id": "430812eade61b014b4cbb72c592b9d54a32005fb3a5b476f38ee56d6c3335bbc",
    "schema_version": "1.0.0",
    "event_type": "agent_order",
    "source": "synthetic_agent",
    "symbol": "BTCUSDT",
    "exchange": "binance_usdm",
    "timestamp": "2024-05-01T00:00:01.820000Z",
    "sequence": 26,
    "scenario_id": "scenario-334-runaway_inventory",
    "agent_id": "agent-runaway_inventory",
    "order_id": "scenario-334-runaway_inventory-agent-runaway_inventory-26",
    "action": "new",
    "side": "buy",
    "price": 65384.96052,
    "quantity": 0.062000000000000006,
    "remaining_quantity": 0.062000000000000006
  },
  {
    "event_id": "0c3a64fb2ea2a35ef06e03c58f95325f23d813b580660bf25aa2a35d9b322e36",
    "schema_version": "1.0.0",
    "event_type": "agent_order",
    "source": "synthetic_agent",
    "symbol": "BTCUSDT",
    "exchange": "binance_usdm",
    "timestamp": "2024-05-01T00:00:01.890000Z",
    "sequence": 27,
    "scenario_id": "scenario-334-runaway_inventory",
    "agent_id": "agent-runaway_inventory",
    "order_id": "scenario-334-runaway_inventory-agent-runaway_inventory-27",
    "action": "new",
    "side": "buy",
    "price": 65386.92054,
    "quantity": 0.064,
    "remaining_quantity": 0.064
  },
  {
    "event_id": "9077b7c5e31cdbd5232d7b4b465a84935f11099404da679c50545b7cea5eb2e0",
    "schema_version": "1.0.0",
    "event_type": "agent_order",
    "source": "synthetic_agent",
    "symbol": "BTCUSDT",
    "exchange": "binance_usdm",
    "timestamp": "2024-05-01T00:00:01.960000Z",
    "sequence": 28,
    "scenario_id": "scenario-334-runaway_inventory",
    "agent_id": "agent-runaway_inventory",
    "order_id": "scenario-334-runaway_inventory-agent-runaway_inventory-28",
    "action": "new",
    "side": "buy",
    "price": 65388.88056,
    "quantity": 0.066,
    "remaining_quantity": 0.066
  },
  {
    "event_id": "6e93d510c711c884f185000f0b3f0ae1de097d540b6426fc29085018888c906b",
    "schema_version": "1.0.0",
    "event_type": "agent_order",
    "source": "synthetic_agent",
    "symbol": "BTCUSDT",
    "exchange": "binance_usdm",
    "timestamp": "2024-05-01T00:00:02.030000Z",
    "sequence": 29,
    "scenario_id": "scenario-334-runaway_inventory",
    "agent_id": "agent-runaway_inventory",
    "order_id": "scenario-334-runaway_inventory-agent-runaway_inventory-29",
    "action": "new",
    "side": "buy",
    "price": 65390.84058,
    "quantity": 0.068,
    "remaining_quantity": 0.068
  }
]