[
  {
    "event_id": "6b2e26ad472872e563c4b1cf76734c4c07b1990704aebf8988fc80478e355814",
    "schema_version": "1.0.0",
    "event_type": "agent_order",
    "source": "synthetic_agent",
    "symbol": "BTCUSDT",
    "exchange": "binance_usdm",
    "timestamp": "2024-05-01T00:00:00Z",
    "sequence": 0,
    "scenario_id": "scenario-072-passive_market_maker",
    "agent_id": "agent-passive_market_maker",
    "order_id": "scenario-072-passive_market_maker-agent-passive_market_maker-0",
    "action": "new",
    "side": "buy",
    "price": 65006.928,
    "quantity": 0.01,
    "remaining_quantity": 0.01
  },
  {
    "event_id": "355bdbac4fbfa49083231391009e495724258f328d62fe8765b56b0c320fac72",
    "schema_version": "1.0.0",
    "event_type": "agent_order",
    "source": "synthetic_agent",
    "symbol": "BTCUSDT",
    "exchange": "binance_usdm",
    "timestamp": "2024-05-01T00:00:00.100000Z",
    "sequence": 1,
    "scenario_id": "scenario-072-passive_market_maker",
    "agent_id": "agent-passive_market_maker",
    "order_id": "scenario-072-passive_market_maker-agent-passive_market_maker-1",
    "action": "new",
    "side": "sell",
    "price": 65137.07199999999,
    "quantity": 0.01,
    "remaining_quantity": 0.01
  },
  {
    "event_id": "f44f85cbfe41b7ddb5ec852fad24b9200fc0c778677b9579eb345ca8dfb36d5d",
    "schema_version": "1.0.0",
    "event_type": "agent_order",
    "source": "synthetic_agent",
    "symbol": "BTCUSDT",
    "exchange": "binance_usdm",
    "timestamp": "2024-05-01T00:00:00.200000Z",
    "sequence": 2,
    "scenario_id": "scenario-072-passive_market_maker",
    "agent_id": "agent-passive_market_maker",
    "order_id": "scenario-072-passive_market_maker-agent-passive_market_maker-2",
    "action": "new",
    "side": "buy",
    "price": 65006.928,
    "quantity": 0.01,
    "remaining_quantity": 0.01
  },
  {
    "event_id": "d1dca96f257872cbe99cb89937672119b72d9d07cd44913810530d890625d923",
    "schema_version": "1.0.0",
    "event_type": "agent_order",
    "source": "synthetic_agent",
    "symbol": "BTCUSDT",
    "exchange": "binance_usdm",
    "timestamp": "2024-05-01T00:00:00.300000Z",
    "sequence": 3,
    "scenario_id": "scenario-072-passive_market_maker",
    "agent_id": "agent-passive_market_maker",
    "order_id": "scenario-072-passive_market_maker-agent-passive_market_maker-3",
    "action": "new",
    "side": "sell",
    "price": 65137.07199999999,
    "quantity": 0.01,
    "remaining_quantity": 0.01
  },
  {
    "event_id": "fc2057fa5a075bd37717b938bcfcc3434205707d2acec6190b4e9131d1e0a26c",
    "schema_version": "1.0.0",
    "event_type": "agent_order",
    "source": "synthetic_agent",
    "symbol": "BTCUSDT",
    "exchange": "binance_usdm",
    "timestamp": "2024-05-01T00:00:00.400000Z",
    "sequence": 4,
    "scenario_id": "scenario-072-passive_market_maker",
    "agent_id": "agent-passive_market_maker",
    "order_id": "scenario-072-passive_market_maker-agent-passive_market_maker-4",
    "action": "new",
    "side": "buy",
    "price": 65006.928,
    "quantity": 0.01,
    "remaining_quantity": 0.01
  },
  {
    "event_id": "772b6598925e1718dcdbfaa31ab10359a18461af8f6edad8c88c7806b997ad5c",
    "schema_version": "1.0.0",
    "event_type": "agent_order",
    "source": "synthetic_agent",
    "symbol": "BTCUSDT",
    "exchange": "binance_usdm",
    "timestamp": "2024-05-01T00:00:00.500000Z",
    "sequence": 5,
    "scenario_id": "scenario-072-passive_market_maker",
    "agent_id": "agent-passive_market_maker",
    "order_id": "scenario-072-passive_market_maker-agent-passive_market_maker-5",
    "action": "new",
    "side": "sell",
    "price": 65137.07199999999,
    "quantity": 0.01,
    "remaining_quantity": 0.01
  },
  {
    "event_id": "52cd9af4443f756e7b0da09351c9f55f9dd633a0d1d9bddcb09617e23592eb68",
    "schema_version": "1.0.0",
    "event_type": "agent_order",
    "source": "synthetic_agent",
    "symbol": "BTCUSDT",
    "exchange": "binance_usdm",
    "timestamp": "2024-05-01T00:00:00.600000Z",
    "sequence": 6,
    "scenario_id": "scenario-072-passive_market_maker",
    "agent_id": "agent-passive_market_maker",
    "order_id": "scenario-072-passive_market_maker-agent-passive_market_maker-6",
    "action": "new",
    "side": "buy",
    "price": 65006.928,
    "quantity": 0.01,
    "remaining_quantity": 0.01
  },
  {
    "event_id": "d3be0bb3347946cdc5a3b5bbb3592424de7434848c5f5d4f44581e0c6b54f74f",
    "schema_version": "1.0.0",
    "event_type": "agent_order",
    "source": "synthetic_agent",
    "symbol": "BTCUSDT",
    "exchange": "binance_usdm",
    "timestamp": "2024-05-01T00:00:00.700000Z",
    "sequence": 7,
    "scenario_id": "scenario-072-passive_market_maker",
    "agent_id": "agent-passive_market_maker",
    "order_id": "scenario-072-passive_market_maker-agent-passive_market_maker-7",
    "action": "new",
    "side": "sell",
    "price": 65137.07199999999,
    "quantity": 0.01,
    "remaining_quantity": 0.01
  },
  {
    "event_id": "a716e897f7178085cff9e0a5deb81b3888a50bbe1df28634e3b652837efb813d",
    "schema_version": "1.0.0",
    "event_type": "agent_order",
    "source": "synthetic_agent",
    "symbol": "BTCUSDT",
    "exchange": "binance_usdm",
    "timestamp": "2024-05-01T00:00:00.800000Z",
    "sequence": 8,
    "scenario_id": "scenario-072-passive_market_maker",
    "agent_id": "agent-passive_market_maker",
    "order_id": "scenario-072-passive_market_maker-agent-passive_market_maker-8",
    "action": "new",
    "side": "buy",
    "price": 65006.928,
    "quantity": 0.01,
    "remaining_quantity": 0.01
  },
  {
    "event_id": "0b7a7ba5eb8a614edc7f8f44edd996b86ab15758a82271db99243a35e19b951e",
    "schema_version": "1.0.0",
    "event_type": "agent_order",
    "source": "synthetic_agent",
    "symbol": "BTCUSDT",
    "exchange": "binance_usdm",
    "timestamp": "2024-05-01T00:00:00.900000Z",
    "sequence": 9,
    "scenario_id": "scenario-072-passive_market_maker",
    "agent_id": "agent-passive_market_maker",
    "order_id": "scenario-072-passive_market_maker-agent-passive_market_maker-9",
    "action": "new",
    "side": "sell",
    "price": 65137.07199999999,
    "quantity": 0.01,
    "remaining_quantity": 0.01
  },
  {
    "event_id": "221dd3e6d7e5de9f46109a2511bdc65f081312ffeb6a28d3401f0a8e598a9215",
    "schema_version": "1.0.0",
    "event_type": "agent_order",
    "source": "synthetic_agent",
    "symbol": "BTCUSDT",
    "exchange": "binance_usdm",
    "timestamp": "2024-05-01T00:00:01Z",
    "sequence": 10,
    "scenario_id": "scenario-072-passive_market_maker",
    "agent_id": "agent-passive_market_maker",
    "order_id": "scenario-072-passive_market_maker-agent-passive_market_maker-10",
    "action": "new",
    "side": "buy",
    "price": 65006.928,
    "quantity": 0.01,
    "remaining_quantity": 0.01
  },
  {
    "event_id": "6c9d267a985fc4b81ba002f5281610056fe1a305635a1565b6e94a5e3cc41cd5",
    "schema_version": "1.0.0",
    "event_type": "agent_order",
    "source": "synthetic_agent",
    "symbol": "BTCUSDT",
    "exchange": "binance_usdm",
    "timestamp": "2024-05-01T00:00:01.100000Z",
    "sequence": 11,
    "scenario_id": "scenario-072-passive_market_maker",
    "agent_id": "agent-passive_market_maker",
    "order_id": "scenario-072-passive_market_maker-agent-passive_market_maker-11",
    "action": "new",
    "side": "sell",
    "price": 65137.07199999999,
    "quantity": 0.01,
    "remaining_quantity": 0.01
  },
  {
    "event_id": "368045d5bd088fd0a6251d856dfd7b1b7602070754dfeca745f156bf4484d71d",
    "schema_version": "1.0.0",
    "event_type": "agent_order",
    "source": "synthetic_agent",
    "symbol": "BTCUSDT",
    "exchange": "binance_usdm",
    "timestamp": "2024-05-01T00:00:01.200000Z",
    "sequence": 12,
    "scenario_id": "scenario-072-passive_market_maker",
    "agent_id": "agent-passive_market_maker",
    "order_id": "scenario-072-passive_market_maker-agent-passive_market_maker-12",
    "action": "new",
    "side": "buy",
    "price": 65006.928,
    "quantity": 0.01,
    "remaining_quantity": 0.01
  },
  {
    "event_id": "1a4c188249639d3e2be629747c64bb555435153ef5c7b7d4b006d63f3c7b4458",
    "schema_version": "1.0.0",
    "event_type": "agent_order",
    "source": "synthetic_agent",
    "symbol": "BTCUSDT",
    "exchange": "binance_usdm",
    "timestamp": "2024-05-01T00:00:01.300000Z",
    "sequence": 13,
    "scenario_id": "scenario-072-passive_market_maker",
    "agent_id": "agent-passive_market_maker",
    "order_id": "scenario-072-passive_market_maker-agent-passive_market_maker-13",
    "action": "new",
    "side": "sell",
    "price": 65137.07199999999,
    "quantity": 0.01,
    "remaining_quantity": 0.01
  },
  {
    "event_id": "5620ac06bcfdaad76516e960cdcdf3101ece22254f6874d824e073222ccd40d3",
    "schema_version": "1.0.0",
    "event_type": "agent_order",
    "source": "synthetic_agent",
    "symbol": "BTCUSDT",
    "exchange": "binance_usdm",
    "timestamp": "2024-05-01T00:00:01.400000Z",
    "sequence": 14,
    "scenario_id": "scenario-072-passive_market_maker",
    "agent_id": "agent-passive_market_maker",
    "order_id": "scenario-072-passive_market_maker-agent-passive_market_maker-14",
    "action": "new",
    "side": "buy",
    "price": 65006.928,
    "quantity": 0.01,
    "remaining_quantity": 0.01
  },
  {
    "event_id": "34adfbb8ca1a460da461b7c382469770166aa0d10c44154bc84e23c92b530640",
    "schema_version": "1.0.0",
    "event_type": "agent_order",
    "source": "synthetic_agent",
    "symbol": "BTCUSDT",
    "exchange": "binance_usdm",
    "timestamp": "2024-05-01T00:00:01.500000Z",
    "sequence": 15,
    "scenario_id": "scenario-072-passive_market_maker",
    "agent_id": "agent-passive_market_maker",
    "order_id": "scenario-072-passive_market_maker-agent-passive_market_maker-15",
    "action": "new",
    "side": "sell",
    "price": 65137.07199999999,
    "quantity": 0.01,
    "remaining_quantity": 0.01
  },
  {
    "event_id": "d3d5e4e8e0e13aea6c60e18c71738bd9b3d107ee7ad4253cde455be94a38abba",
    "schema_version": "1.0.0",
    "event_type": "agent_order",
    "source": "synthetic_agent",
    "symbol": "BTCUSDT",
    "exchange": "binance_usdm",
    "timestamp": "2024-05-01T00:00:01.600000Z",
    "sequence": 16,
    "scenario_id": "scenario-072-passive_market_maker",
    "agent_id": "agent-passive_market_maker",
    "order_id": "scenario-072-passive_market_maker-agent-passive_market_maker-16",
    "action": "new",
    "side": "buy",
    "price": 65006.928,
    "quantity": 0.01,
    "remaining_quantity": 0.01
  },
  {
    "event_id": "1e7c427620ea585deddac6c4954957eb3dfa88f38d98b72f7cb86666e602060b",
    "schema_version": "1.0.0",
    "event_type": "agent_order",
    "source": "synthetic_agent",
    "symbol": "BTCUSDT",
    "exchange": "binance_usdm",
    "timestamp": "2024-05-01T00:00:01.700000Z",
    "sequence": 17,
    "scenario_id": "scenario-072-passive_market_maker",
    "agent_id": "agent-passive_market_maker",
    "order_id": "scenario-072-passive_market_maker-agent-passive_market_maker-17",
    "action": "new",
    "side": "sell",
    "price": 65137.07199999999,
    "quantity": 0.01,
    "remaining_quantity": 0.01
  },
  {
    "event_id": "5340d01a9e9a8f439621658a21890a68e42ead462150c51281a1b39b25191cac",
    "schema_version": "1.0.0",
    "event_type": "agent_order",
    "source": "synthetic_agent",
    "symbol": "BTCUSDT",
    "exchange": "binance_usdm",
    "timestamp": "2024-05-01T00:00:01.800000Z",
    "sequence": 18,
    "scenario_id": "scenario-072-passive_market_maker",
    "agent_id": "agent-passive_market_maker",
    "order_id": "scenario-072-passive_market_maker-agent-passive_market_maker-18",
    "action": "new",
    "side": "buy",
    "price": 65006.928,
    "quantity": 0.01,
    "remaining_quantity": 0.01
  },
  {
    "event_id": "9cb03aafc66d662cd6c5dd731ec94a774f232c326b0441a8b56bc7d30b3fb8be",
    "schema_version": "1.0.0",
    "event_type": "agent_order",
    "source": "synthetic_agent",
    "symbol": "BTCUSDT",
    "exchange": "binance_usdm",
    "timestamp": "2024-05-01T00:00:01.900000Z",
    "sequence": 19,
    "scenario_id": "scenario-072-passive_market_maker",
    "agent_id": "agent-passive_market_maker",
    "order_id": "scenario-072-passive_market_maker-agent-passive_market_maker-19",
    "action": "new",
    "side": "sell",
    "price": 65137.07199999999,
    "quantity": 0.01,
    "remaining_quantity": 0.01
  },
  {
    "event_id": "690e0b38bb1aae4a4722a0f2e898e7ed6abe0d008d301133244512c0c5d45c73",
    "schema_version": "1.0.0",
    "event_type": "agent_order",
    "source": "synthetic_agent",
    "symbol": "BTCUSDT",
    "exchange": "binance_usdm",
    "timestamp": "2024-05-01T00:00:02Z",
    "sequence": 20,
    "scenario_id": "scenario-072-passive_market_maker",
    "agent_id": "agent-passive_market_maker",
    "order_id": "scenario-072-passive_market_maker-agent-passive_market_maker-20",
    "action": "new",
    "side": "buy",
    "price": 65006.928,
    "quantity": 0.01,
    "remaining_quantity": 0.01
  },
  {
    "event_id": "9a83c791b8001c31ec6a671707ef675bfa284fa0534134bdc76ea473222d7608",
    "schema_version": "1.0.0",
    "event_type": "agent_order",
    "source": "synthetic_agent",
    "symbol": "BTCUSDT",
    "exchange": "binance_usdm",
    "timestamp": "2024-05-01T00:00:02.100000Z",
    "sequence": 21,
    "scenario_id": "scenario-072-passive_market_maker",
    "agent_id": "agent-passive_market_maker",
    "order_id": "scenario-072-passive_market_maker-agent-passive_market_maker-21",
    "action": "new",
    "side": "sell",
    "price": 65137.07199999999,
    "quantity": 0.01,
    "remaining_quantity": 0.01
  },
  {
    "event_id": "3116be5fe8406fcc835060d46742b0bea99bb8a27f464719fed4732207a98d05",
    "schema_version": "1.0.0",
    "event_type": "agent_order",
    "source": "synthetic_agent",
    "symbol": "BTCUSDT",
    "exchange": "binance_usdm",
    "timestamp": "2024-05-01T00:00:02.200000Z",
    "sequence": 22,
    "scenario_id": "scenario-072-passive_market_maker",
    "agent_id": "agent-passive_market_maker",
    "order_id": "scenario-072-passive_market_maker-agent-passive_market_maker-22",
    "action": "new",
    "side": "buy",
    "price": 65006.928,
    "quantity": 0.01,
    "remaining_quantity": 0.01
  },
  {
    "event_id": "d7aae6ef93ab870e3ebc2c8e6d119f6f366dbc149675ccc0f625cfe23264ee72",
    "schema_version": "1.0.0",
    "event_type": "agent_order",
    "source": "synthetic_agent",
    "symbol": "BTCUSDT",
    "exchange": "binance_usdm",
    "timestamp": "2024-05-01T00:00:02.300000Z",
    "sequence": 23,
    "scenario_id": "scenario-072-passive_market_maker",
    "agent_id": "agent-passive_market_maker",
    "order_id": "scenario-072-passive_market_maker-agent-passive_market_maker-23",
    "action": "new",
    "side": "sell",
    "price": 65137.07199999999,
    "quantity": 0.01,
    "remaining_quantity": 0.01
  },
  {
    "event_id": "054dbba2d1e792d73ad98d655b7f70c3b3fa5b42c9773d7efd3acae8f12f0964",
    "schema_version": "1.0.0",
    "event_type": "agent_order",
    "source": "synthetic_agent",
    "symbol": "BTCUSDT",
    "exchange": "binance_usdm",
    "timestamp": "2024-05-01T00:00:02.400000Z",
    "sequence": 24,
    "scenario_id": "scenario-072-passive_market_maker",
    "agent_id": "agent-passive_market_maker",
    "order_id": "scenario-072-passive_market_maker-agent-passive_market_maker-24",
    "action": "new",
    "side": "buy",
    "price": 65006.928,
    "quantity": 0.01,
    "remaining_quantity": 0.01
  },
  {
    "event_id": "a58488329d7aa7dd807bd3946a883f150f6cd29aeef812eccf72a41d648ae342",
    "schema_version": "1.0.0",
    "event_type": "agent_order",
    "source": "synthetic_agent",
    "symbol": "BTCUSDT",
    "exchange": "binance_usdm",
    "timestamp": "2024-05-01T00:00:02.500000Z",
    "sequence": 25,
    "scenario_id": "scenario-072-passive_market_maker",
    "agent_id": "agent-passive_market_maker",
    "order_id": "scenario-072-passive_market_maker-agent-passive_market_maker-25",
    "action": "new",
    "side": "sell",
    "price": 65137.07199999999,
    "quantity": 0.01,
    "remaining_quantity": 0.01
  },
  {
    "event_id": "e47c8cc54d7bf849e7f9e81589961b21835085769294bdde4f572065c75214c3",
    "schema_version": "1.0.0",
    "event_type": "agent_order",
    "source": "synthetic_agent",
    "symbol": "BTCUSDT",
    "exchange": "binance_usdm",
    "timestamp": "2024-05-01T00:00:02.600000Z",
    "sequence": 26,
    "scenario_id": "scenario-072-passive_market_maker",
    "agent_id": "agent-passive_market_maker",
    "order_id": "scenario-072-passive_market_maker-agent-passive_market_maker-26",
    "action": "new",
    "side": "buy",
    "price": 65006.928,
    "quantity": 0.01,
    "remaining_quantity": 0.01
  },
  {
    "event_id": "d027dc63a9a68b878f5e62f2d568280bc647cdd4e85ce2be2178c81d80b35fef",
    "schema_version": "1.0.0",
    "event_type": "agent_order",
    "source": "synthetic_agent",
    "symbol": "BTCUSDT",
    "exchange": "binance_usdm",
    "timestamp": "2024-05-01T00:00:02.700000Z",
    "sequence": 27,
    "scenario_id": "scenario-072-passive_market_maker",
    "agent_id": "agent-passive_market_maker",
    "order_id": "scenario-072-passive_market_maker-agent-passive_market_maker-27",
    "action": "new",
    "side": "sell",
    "price": 65137.07199999999,
    "quantity": 0.01,
    "remaining_quantity": 0.01
  },
  {
    "event_id": "aef62c8e4858a54925f120ac822dfc6e3d9b68718885fcc6e00f9067d487cfe4",
    "schema_version": "1.0.0",
    "event_type": "agent_order",
    "source": "synthetic_agent",
    "symbol": "BTCUSDT",
    "exchange": "binance_usdm",
    "timestamp": "2024-05-01T00:00:02.800000Z",
    "sequence": 28,
    "scenario_id": "scenario-072-passive_market_maker",
    "agent_id": "agent-passive_market_maker",
    "order_id": "scenario-072-passive_market_maker-agent-passive_market_maker-28",
    "action": "new",
    "side": "buy",
    "price": 65006.928,
    "quantity": 0.01,
    "remaining_quantity": 0.01
  },
  {
    "event_id": "6dea9e12bd848392b97dbe00200688c7041f5f9c78a862a8f487165605706aaf",
    "schema_version": "1.0.0",
    "event_type": "agent_order",
    "source": "synthetic_agent",
    "symbol": "BTCUSDT",
    "exchange": "binance_usdm",
    "timestamp": "2024-05-01T00:00:02.900000Z",
    "sequence": 29,
    "scenario_id": "scenario-072-passive_market_maker",
    "agent_id": "agent-passive_market_maker",
    "order_id": "scenario-072-passive_market_maker-agent-passive_market_maker-29",
    "action": "new",
    "side": "sell",
    "price": 65137.07199999999,
    "quantity": 0.01,
    "remaining_quantity": 0.01
  }
]