[
  {
    "event_id": "d084c2c9c5fc89fbfdba73e39f2ab7b292cc2a02557820f21db05f53fad71cda",
    "schema_version": "1.0.0",
    "event_type": "agent_order",
    "source": "synthetic_agent",
    "symbol": "BTCUSDT",
    "exchange": "binance_usdm",
    "timestamp": "2024-05-01T00:00:00Z",
    "sequence": 0,
    "scenario_id": "scenario-357-stop_run_sweep",
    "agent_id": "agent-stop_run_sweep",
    "order_id": "scenario-357-stop_run_sweep-agent-stop_run_sweep-0",
    "action": "new",
    "side": "buy",
    "price": 65422.356999999996,
    "quantity": 0.06,
    "remaining_quantity": 0.06
  },
  {
    "event_id": "593729246d4b5c05124124c9bfdd2259612ef3ca6df6d81933e2cdb226a3d65e",
    "schema_version": "1.0.0",
    "event_type": "agent_order",
    "source": "synthetic_agent",
    "symbol": "BTCUSDT",
    "exchange": "binance_usdm",
    "timestamp": "2024-05-01T00:00:00.030000Z",
    "sequence": 1,
    "scenario_id": "scenario-357-stop_run_sweep",
    "agent_id": "agent-stop_run_sweep",
    "order_id": "scenario-357-stop_run_sweep-agent-stop_run_sweep-1",
    "action": "new",
    "side": "buy",
    "price": 65425.62485,
    "quantity": 0.06,
    "remaining_quantity": 0.06
  },
  {
    "event_id": "b21a71c8df24159d04402e9141bec838db19ab9ebbbcb840cf68424b0aaf5881",
    "schema_version": "1.0.0",
    "event_type": "agent_order",
    "source": "synthetic_agent",
    "symbol": "BTCUSDT",
    "exchange": "binance_usdm",
    "timestamp": "2024-05-01T00:00:00.060000Z",
    "sequence": 2,
    "scenario_id": "scenario-357-stop_run_sweep",
    "agent_id": "agent-stop_run_sweep",
    "order_id": "scenario-357-stop_run_sweep-agent-stop_run_sweep-2",
    "action": "new",
    "side": "buy",
    "price": 65428.89269999999,
    "quantity": 0.06,
    "remaining_quantity": 0.06
  },
  {
    "event_id": "135e49a0f95cf24d89b7c7d57303fba427110bcde6fb165f9eff68361877bdb4",
    "schema_version": "1.0.0",
    "event_type": "agent_order",
    "source": "synthetic_agent",
    "symbol": "BTCUSDT",
    "exchange": "binance_usdm",
    "timestamp": "2024-05-01T00:00:00.090000Z",
    "sequence": 3,
    "scenario_id": "scenario-357-stop_run_sweep",
    "agent_id": "agent-stop_run_sweep",
    "order_id": "scenario-357-stop_run_sweep-agent-stop_run_sweep-3",
    "action": "new",
    "side": "buy",
    "price": 65432.16055,
    "quantity": 0.06,
    "remaining_quantity": 0.06
  },
  {
    "event_id": "aea06895812334ca956c2bb25b4181e384c4c5b6ff1d3d69b894c183316521e3",
    "schema_version": "1.0.0",
    "event_type": "agent_order",
    "source": "synthetic_agent",
    "symbol": "BTCUSDT",
    "exchange": "binance_usdm",
    "timestamp": "2024-05-01T00:00:00.120000Z",
    "sequence": 4,
    "scenario_id": "scenario-357-stop_run_sweep",
    "agent_id": "agent-stop_run_sweep",
    "order_id": "scenario-357-stop_run_sweep-agent-stop_run_sweep-4",
    "action": "new",
    "side": "buy",
    "price": 65435.42839999999,
    "quantity": 0.06,
    "remaining_quantity": 0.06
  },
  {
    "event_id": "37a55aa6c425062544d2d89da1b638f9ed4c0521f5cc4421c2e0b5e0e12fcb85",
    "schema_version": "1.0.0",
    "event_type": "agent_order",
    "source": "synthetic_agent",
    "symbol": "BTCUSDT",
    "exchange": "binance_usdm",
    "timestamp": "2024-05-01T00:00:00.150000Z",
    "sequence": 5,
    "scenario_id": "scenario-357-stop_run_sweep",
    "agent_id": "agent-stop_run_sweep",
    "order_id": "scenario-357-stop_run_sweep-agent-stop_run_sweep-5",
    "action": "new",
    "side": "buy",
    "price": 65438.69625,
    "quantity": 0.06,
    "remaining_quantity": 0.06
  },
  {
    "event_id": "88920b6ebf3fb57948b2e92f91f058262a56d6c66edb11b14d4acf1cffceb8bb",
    "schema_version": "1.0.0",
    "event_type": "agent_order",
    "source": "synthetic_agent",
    "symbol": "BTCUSDT",
    "exchange": "binance_usdm",
    "timestamp": "2024-05-01T00:00:00.180000Z",
    "sequence": 6,
    "scenario_id": "scenario-357-stop_run_sweep",
    "agent_id": "agent-stop_run_sweep",
    "order_id": "scenario-357-stop_run_sweep-agent-stop_run_sweep-6",
    "action": "new",
    "side": "buy",
    "price": 65441.96409999999,
    "quantity": 0.06,
    "remaining_quantity": 0.06
  },
  {
    "event_id": "e12feb7589056036dd50eb52102d0dfff79630efd71171588f06c3750d28335e",
    "schema_version": "1.0.0",
    "event_type": "agent_order",
    "source": "synthetic_agent",
    "symbol": "BTCUSDT",
    "exchange": "binance_usdm",
    "timestamp": "2024-05-01T00:00:00.210000Z",
    "sequence": 7,
    "scenario_id": "scenario-357-stop_run_sweep",
    "agent_id": "agent-stop_run_sweep",
    "order_id": "scenario-357-stop_run_sweep-agent-stop_run_sweep-7",
    "action": "new",
    "side": "buy",
    "price": 65445.231949999994,
    "quantity": 0.06,
    "remaining_quantity": 0.06
  },
  {
    "event_id": "bc94f117c398daecee0b8ea3bf37198b58fa653c1a537ae6b22ac72c1820fd27",
    "schema_version": "1.0.0",
    "event_type": "agent_order",
    "source": "synthetic_agent",
    "symbol": "BTCUSDT",
    "exchange": "binance_usdm",
    "timestamp": "2024-05-01T00:00:00.240000Z",
    "sequence": 8,
    "scenario_id": "scenario-357-stop_run_sweep",
    "agent_id": "agent-stop_run_sweep",
    "order_id": "scenario-357-stop_run_sweep-agent-stop_run_sweep-8",
    "action": "new",
    "side": "buy",
    "price": 65448.49979999999,
    "quantity": 0.06,
    "remaining_quantity": 0.06
  },
  {
    "event_id": "3acfe1e4547bccbadd4ad9c95cb8d27c6ae1c52b1d08c54c4b2bbdcc97b51a4e",
    "schema_version": "1.0.0",
    "event_type": "agent_order",
    "source": "synthetic_agent",
    "symbol": "BTCUSDT",
    "exchange": "binance_usdm",
    "timestamp": "2024-05-01T00:00:00.270000Z",
    "sequence": 9,
    "scenario_id": "scenario-357-stop_run_sweep",
    "agent_id": "agent-stop_run_sweep",
    "order_id": "scenario-357-stop_run_sweep-agent-stop_run_sweep-9",
    "action": "new",
    "side": "buy",
    "price": 65451.767649999994,
    "quantity": 0.06,
    "remaining_quantity": 0.06
  },
  {
    "event_id": "3ed4f80f6cb9ac1a02b2e186cc9bf5e3d617e41bdefc3164fee1b89afdc2caa7",
    "schema_version": "1.0.0",
    "event_type": "agent_order",
    "source": "synthetic_agent",
    "symbol": "BTCUSDT",
    "exchange": "binance_usdm",
    "timestamp": "2024-05-01T00:00:00.300000Z",
    "sequence": 10,
    "scenario_id": "scenario-357-stop_run_sweep",
    "agent_id": "agent-stop_run_sweep",
    "order_id": "scenario-357-stop_run_sweep-agent-stop_run_sweep-10",
    "action": "new",
    "side": "buy",
    "price": 65455.03549999999,
    "quantity": 0.06,
    "remaining_quantity": 0.06
  },
  {
    "event_id": "2d1bba647139a2c0fd1387e1816a049f429c9257397f75a0fc7cf8a21ac2a683",
    "schema_version": "1.0.0",
    "event_type": "agent_order",
    "source": "synthetic_agent",
    "symbol": "BTCUSDT",
    "exchange": "binance_usdm",
    "timestamp": "2024-05-01T00:00:00.330000Z",
    "sequence": 11,
    "scenario_id": "scenario-357-stop_run_sweep",
    "agent_id": "agent-stop_run_sweep",
    "order_id": "scenario-357-stop_run_sweep-agent-stop_run_sweep-11",
    "action": "new",
    "side": "buy",
    "price": 65458.303349999995,
    "quantity": 0.06,
    "remaining_quantity": 0.06
  },
  {
    "event_id": "f55602a11ecb67d89e428fc81843d0ea937b895e8988ef75a432c7175928ff91",
    "schema_version": "1.0.0",
    "event_type": "agent_order",
    "source": "synthetic_agent",
    "symbol": "BTCUSDT",
    "exchange": "binance_usdm",
    "timestamp": "2024-05-01T00:00:00.360000Z",
    "sequence": 12,
    "scenario_id": "scenario-357-stop_run_sweep",
    "agent_id": "agent-stop_run_sweep",
    "order_id": "scenario-357-stop_run_sweep-agent-stop_run_sweep-12",
    "action": "new",
    "side": "buy",
    "price": 65461.57119999999,
    "quantity": 0.06,
    "remaining_quantity": 0.06
  },
  {
    "event_id": "9f515eb65cb0e20b6e70b5533ad6433219f9eaaf9825f42469286eb19135ae05",
    "schema_version": "1.0.0",
    "event_type": "agent_order",
    "source": "synthetic_agent",
    "symbol": "BTCUSDT",
    "exchange": "binance_usdm",
    "timestamp": "2024-05-01T00:00:00.390000Z",
    "sequence": 13,
    "scenario_id": "scenario-357-stop_run_sweep",
    "agent_id": "agent-stop_run_sweep",
    "order_id": "scenario-357-stop_run_sweep-agent-stop_run_sweep-13",
    "action": "new",
    "side": "buy",
    "price": 65464.839049999995,
    "quantity": 0.06,
    "remaining_quantity": 0.06
  },
  {
    "event_id": "a3d662a114408b6dbb135c183a6142b000e18ecb7e6b290d63502696dd73ac0b",
    "schema_version": "1.0.0",
    "event_type": "agent_order",
    "source": "synthetic_agent",
    "symbol": "BTCUSDT",
    "exchange": "binance_usdm",
    "timestamp": "2024-05-01T00:00:00.420000Z",
    "sequence": 14,
    "scenario_id": "scenario-357-stop_run_sweep",
    "agent_id": "agent-stop_run_sweep",
    "order_id": "scenario-357-stop_run_sweep-agent-stop_run_sweep-14",
    "action": "new",
    "side": "buy",
    "price": 65468.106899999984,
    "quantity": 0.06,
    "remaining_quantity": 0.06
  },
  {
    "event_id": "4ef1dc9a237848900d674e092d019d63f0fb3a26f8d4c25a892ed387a5005ec2",
    "schema_version": "1.0.0",
    "event_type": "agent_order",
    "source": "synthetic_agent",
    "symbol": "BTCUSDT",
    "exchange": "binance_usdm",
    "timestamp": "2024-05-01T00:00:00.450000Z",
    "sequence": 15,
    "scenario_id": "scenario-357-stop_run_sweep",
    "agent_id": "agent-stop_run_sweep",
    "order_id": "scenario-357-stop_run_sweep-agent-stop_run_sweep-15",
    "action": "new",
    "side": "buy",
    "price": 65471.374749999995,
    "quantity": 0.06,
    "remaining_quantity": 0.06
  },
  {
    "event_id": "69899bfc7eea0b7fcc13ed8fcbe523d57facb36c770cabcbd90d3d8e7b6f34ca",
    "schema_version": "1.0.0",
    "event_type": "agent_order",
    "source": "synthetic_agent",
    "symbol": "BTCUSDT",
    "exchange": "binance_usdm",
    "timestamp": "2024-05-01T00:00:00.480000Z",
    "sequence": 16,
    "scenario_id": "scenario-357-stop_run_sweep",
    "agent_id": "agent-stop_run_sweep",
    "order_id": "scenario-357-stop_run_sweep-agent-stop_run_sweep-16",
    "action": "new",
    "side": "buy",
    "price": 65474.642599999985,
    "quantity": 0.06,
    "remaining_quantity": 0.06
  },
  {
    "event_id": "7c835ac0e11ef17c015544b113fec9f6d2b590b6cc653c39a064825d84fc9d3e",
    "schema_version": "1.0.0",
    "event_type": "agent_order",
    "source": "synthetic_agent",
    "symbol": "BTCUSDT",
    "exchange": "binance_usdm",
    "timestamp": "2024-05-01T00:00:00.510000Z",
    "sequence": 17,
    "scenario_id": "scenario-357-stop_run_sweep",
    "agent_id": "agent-stop_run_sweep",
    "order_id": "scenario-357-stop_run_sweep-agent-stop_run_sweep-17",
    "action": "new",
    "side": "buy",
    "price": 65477.910449999996,
    "quantity": 0.06,
    "remaining_quantity": 0.06
  },
  {
    "event_id": "f8e3ed01616b7a27dc91c1c465b243b331d4b624c5e153231d3a32cf93bd7d1a",
    "schema_version": "1.0.0",
    "event_type": "agent_order",
    "source": "synthetic_agent",
    "symbol": "BTCUSDT",
    "exchange": "binance_usdm",
    "timestamp": "2024-05-01T00:00:00.540000Z",
    "sequence": 18,
    "scenario_id": "scenario-357-stop_run_sweep",
    "agent_id": "agent-stop_run_sweep",
    "order_id": "scenario-357-stop_run_sweep-agent-stop_run_sweep-18",
    "action": "new",
    "side": "buy",
    "price": 65481.178299999985,
    "quantity": 0.06,
    "remaining_quantity": 0.06
  },
  {
    "event_id": "3bcccbf94ca368562c5dae4cadaad52db52c1a5afccaf7b1e4d5643068c18582",
    "schema_version": "1.0.0",
    "event_type": "agent_order",
    "source": "synthetic_agent",
    "symbol": "BTCUSDT",
    "exchange": "binance_usdm",
    "timestamp": "2024-05-01T00:00:00.570000Z",
    "sequence": 19,
    "scenario_id": "scenario-357-stop_run_sweep",
    "agent_id": "agent-stop_run_sweep",
    "order_id": "scenario-357-stop_run_sweep-agent-stop_run_sweep-19",
    "action": "new",
    "side": "buy",
    "price": 65484.446149999996,
    "quantity": 0.06,
    "remaining_quantity": 0.06
  },
  {
    "event_id": "abf7fd02ff8d346d23f408e255a768a303fdfcaa48e5baf1034d94664ec251af",
    "schema_version": "1.0.0",
    "event_type": "agent_order",
    "source": "synthetic_agent",
    "symbol": "BTCUSDT",
    "exchange": "binance_usdm",
    "timestamp": "2024-05-01T00:00:00.600000Z",
    "sequence": 20,
    "scenario_id": "scenario-357-stop_run_sweep",
    "agent_id": "agent-stop_run_sweep",
    "order_id": "scenario-357-stop_run_sweep-agent-stop_run_sweep-20",
    "action": "new",
    "side": "buy",
    "price": 65487.713999999985,
    "quantity": 0.06,
    "remaining_quantity": 0.06
  },
  {
    "event_id": "5615afbfae6a2318826f42276f7fb1aa2d34b38c5e3fd644f199e95ffa1ab8d9",
    "schema_version": "1.0.0",
    "event_type": "agent_order",
    "source": "synthetic_agent",
    "symbol": "BTCUSDT",
    "exchange": "binance_usdm",
    "timestamp": "2024-05-01T00:00:00.630000Z",
    "sequence": 21,
    "scenario_id": "scenario-357-stop_run_sweep",
    "agent_id": "agent-stop_run_sweep",
    "order_id": "scenario-357-stop_run_sweep-agent-stop_run_sweep-21",
    "action": "new",
    "side": "buy",
    "price": 65490.98184999999,
    "quantity": 0.06,
    "remaining_quantity": 0.06
  },
  {
    "event_id": "b8d2bd113c073adf4c33cc0d327831d79251dccefd32e3a37fcba42ee6c19c51",
    "schema_version": "1.0.0",
    "event_type": "agent_order",
    "source": "synthetic_agent",
    "symbol": "BTCUSDT",
    "exchange": "binance_usdm",
    "timestamp": "2024-05-01T00:00:00.660000Z",
    "sequence": 22,
    "scenario_id": "scenario-357-stop_run_sweep",
    "agent_id": "agent-stop_run_sweep",
    "order_id": "scenario-357-stop_run_sweep-agent-stop_run_sweep-22",
    "action": "new",
    "side": "buy",
    "price": 65494.2497,
    "quantity": 0.06,
    "remaining_quantity": 0.06
  },
  {
    "event_id": "42c12407f230dfecd9440648acb2e216c99998f4fe2907f5766b0727100bcc78",
    "schema_version": "1.0.0",
    "event_type": "agent_order",
    "source": "synthetic_agent",
    "symbol": "BTCUSDT",
    "exchange": "binance_usdm",
    "timestamp": "2024-05-01T00:00:00.690000Z",
    "sequence": 23,
    "scenario_id": "scenario-357-stop_run_sweep",
    "agent_id": "agent-stop_run_sweep",
    "order_id": "scenario-357-stop_run_sweep-agent-stop_run_sweep-23",
    "action": "new",
    "side": "buy",
    "price": 65497.51754999999,
    "quantity": 0.06,
    "remaining_quantity": 0.06
  },
  {
    "event_id": "d42070f32edbcade0368d8e27a1362443f93e0fbd652b24a3339bee79a8df196",
    "schema_version": "1.0.0",
    "event_type": "agent_order",
    "source": "synthetic_agent",
    "symbol": "BTCUSDT",
    "exchange": "binance_usdm",
    "timestamp": "2024-05-01T00:00:00.720000Z",
    "sequence": 24,
    "scenario_id": "scenario-357-stop_run_sweep",
    "agent_id": "agent-stop_run_sweep",
    "order_id": "scenario-357-stop_run_sweep-agent-stop_run_sweep-24",
    "action": "new",
    "side": "buy",
    "price": 65500.7854,
    "quantity": 0.06,
    "remaining_quantity": 0.06
  },
  {
    "event_id": "a050362a1a4056cdabe82fe76afc23787b4e5aba878ac291eb088a751727999a",
    "schema_version": "1.0.0",
    "event_type": "agent_order",
    "source": "synthetic_agent",
    "symbol": "BTCUSDT",
    "exchange": "binance_usdm",
    "timestamp": "2024-05-01T00:00:00.750000Z",
    "sequence": 25,
    "scenario_id": "scenario-357-stop_run_sweep",
    "agent_id": "agent-stop_run_sweep",
    "order_id": "scenario-357-stop_run_sweep-agent-stop_run_sweep-25",
    "action": "new",
    "side": "buy",
    "price": 65504.05324999999,
    "quantity": 0.06,
    "remaining_quantity": 0.06
  },
  {
    "event_id": "5dcab8a7698ac91f9357dfaf747e5b878a4ccc8501af42968f7ed8a06e413a87",
    "schema_version": "1.0.0",
    "event_type": "agent_order",
    "source": "synthetic_agent",
    "symbol": "BTCUSDT",
    "exchange": "binance_usdm",
    "timestamp": "2024-05-01T00:00:00.780000Z",
    "sequence": 26,
    "scenario_id": "scenario-357-stop_run_sweep",
    "agent_id": "agent-stop_run_sweep",
    "order_id": "scenario-357-stop_run_sweep-agent-stop_run_sweep-26",
    "action": "new",
    "side": "buy",
    "price": 65507.3211,
    "quantity": 0.06,
    "remaining_quantity": 0.06
  },
  {
    "event_id": "62730cc84ec9b0549be86af689c038e8867f4ffaf777f7859725fa5a416ec17a",
    "schema_version": "1.0.0",
    "event_type": "agent_order",
    "source": "synthetic_agent",
    "symbol": "BTCUSDT",
    "exchange": "binance_usdm",
    "timestamp": "2024-05-01T00:00:00.810000Z",
    "sequence": 27,
    "scenario_id": "scenario-357-stop_run_sweep",
    "agent_id": "agent-stop_run_sweep",
    "order_id": "scenario-357-stop_run_sweep-agent-stop_run_sweep-27",
    "action": "new",
    "side": "buy",
    "price": 65510.58894999999,
    "quantity": 0.06,
    "remaining_quantity": 0.06
  },
  {
    "event_id": "85dede4f3e55c9200bc0cfa57743ccf9ce09347dcf1dae18069aa3f261cb0db9",
    "schema_version": "1.0.0",
    "event_type": "agent_order",
    "source": "synthetic_agent",
    "symbol": "BTCUSDT",
    "exchange": "binance_usdm",
    "timestamp": "2024-05-01T00:00:00.840000Z",
    "sequence": 28,
    "scenario_id": "scenario-357-stop_run_sweep",
    "agent_id": "agent-stop_run_sweep",
    "order_id": "scenario-357-stop_run_sweep-agent-stop_run_sweep-28",
    "action": "new",
    "side": "buy",
    "price": 65513.856799999994,
    "quantity": 0.06,
    "remaining_quantity": 0.06
  },
  {
    "event_id": "302588590cce980ba99ef420c71698d70f71d424a0e325e38b1ae626c0377edf",
    "schema_version": "1.0.0",
    "event_type": "agent_order",
    "source": "synthetic_agent",
    "symbol": "BTCUSDT",
    "exchange": "binance_usdm",
    "timestamp": "2024-05-01T00:00:00.870000Z",
    "sequence": 29,
    "scenario_id": "scenario-357-stop_run_sweep",
    "agent_id": "agent-stop_run_sweep",
    "order_id": "scenario-357-stop_run_sweep-agent-stop_run_sweep-29",
    "action": "new",
    "side": "buy",
    "price": 65517.12464999999,
    "quantity": 0.06,
    "remaining_quantity": 0.06
  }
]