[
  {
    "event_id": "174c0c96b8959e7b40699fe04e3e6f0680a20ceb40bf68d3f75813588387ce92",
    "schema_version": "1.0.0",
    "event_type": "agent_order",
    "source": "synthetic_agent",
    "symbol": "BTCUSDT",
    "exchange": "binance_usdm",
    "timestamp": "2024-05-01T00:00:00Z",
    "sequence": 0,
    "scenario_id": "scenario-275-volatility_feedback",
    "agent_id": "agent-volatility_feedback",
    "order_id": "scenario-275-volatility_feedback-agent-volatility_feedback-0",
    "action": "new",
    "side": "buy",
    "price": 65340.274999999994,
    "quantity": 0.02,
    "remaining_quantity": 0.02
  },
  {
    "event_id": "74dc1a9386447af2251715a045a2c05f0a2bfa2ccc320f69bc709fad52db966e",
    "schema_version": "1.0.0",
    "event_type": "agent_order",
    "source": "synthetic_agent",
    "symbol": "BTCUSDT",
    "exchange": "binance_usdm",
    "timestamp": "2024-05-01T00:00:00.020000Z",
    "sequence": 1,
    "scenario_id": "scenario-275-volatility_feedback",
    "agent_id": "agent-volatility_feedback",
    "order_id": "scenario-275-volatility_feedback-agent-volatility_feedback-1",
    "action": "new",
    "side": "sell",
    "price": 65208.419499999996,
    "quantity": 0.03,
    "remaining_quantity": 0.03
  },
  {
    "event_id": "29877eb0170fb2f02b7c6ef670538b304fad0b1fd84f7de31aaa4505063e9100",
    "schema_version": "1.0.0",
    "event_type": "agent_order",
    "source": "synthetic_agent",
    "symbol": "BTCUSDT",
    "exchange": "binance_usdm",
    "timestamp": "2024-05-01T00:00:00.040000Z",
    "sequence": 2,
    "scenario_id": "scenario-275-volatility_feedback",
    "agent_id": "agent-volatility_feedback",
    "order_id": "scenario-275-volatility_feedback-agent-volatility_feedback-2",
    "action": "new",
    "side": "buy",
    "price": 65342.886,
    "quantity": 0.04,
    "remaining_quantity": 0.04
  },
  {
    "event_id": "0175869e0722679a2af068756737ceb137b7ea2675f8bfada36a9cd363de7520",
    "schema_version": "1.0.0",
    "event_type": "agent_order",
    "source": "synthetic_agent",
    "symbol": "BTCUSDT",
    "exchange": "binance_usdm",
    "timestamp": "2024-05-01T00:00:00.060000Z",
    "sequence": 3,
    "scenario_id": "scenario-275-volatility_feedback",
    "agent_id": "agent-volatility_feedback",
    "order_id": "scenario-275-volatility_feedback-agent-volatility_feedback-3",
    "action": "new",
    "side": "sell",
    "price": 65205.80850000001,
    "quantity": 0.05,
    "remaining_quantity": 0.05
  },
  {
    "event_id": "121f6d0570b848860c8b22d4bfc56b48df6543625a1eb7b48250e6712c879230",
    "schema_version": "1.0.0",
    "event_type": "agent_order",
    "source": "synthetic_agent",
    "symbol": "BTCUSDT",
    "exchange": "binance_usdm",
    "timestamp": "2024-05-01T00:00:00.080000Z",
    "sequence": 4,
    "scenario_id": "scenario-275-volatility_feedback",
    "agent_id": "agent-volatility_feedback",
    "order_id": "scenario-275-volatility_feedback-agent-volatility_feedback-4",
    "action": "new",
    "side": "buy",
    "price": 65345.496999999996,
    "quantity": 0.02,
    "remaining_quantity": 0.02
  },
  {
    "event_id": "955008795f163fe9fdfb733695c813a0e745176ff3d1f1df1dc47a8688b9ee4e",
    "schema_version": "1.0.0",
    "event_type": "agent_order",
    "source": "synthetic_agent",
    "symbol": "BTCUSDT",
    "exchange": "binance_usdm",
    "timestamp": "2024-05-01T00:00:00.100000Z",
    "sequence": 5,
    "scenario_id": "scenario-275-volatility_feedback",
    "agent_id": "agent-volatility_feedback",
    "order_id": "scenario-275-volatility_feedback-agent-volatility_feedback-5",
    "action": "new",
    "side": "sell",
    "price": 65203.1975,
    "quantity": 0.03,
    "remaining_quantity": 0.03
  },
  {
    "event_id": "7941c456d4102cf4db39ec339043128df095e693a0e22b8db6b8b2c853208204",
    "schema_version": "1.0.0",
    "event_type": "agent_order",
    "source": "synthetic_agent",
    "symbol": "BTCUSDT",
    "exchange": "binance_usdm",
    "timestamp": "2024-05-01T00:00:00.120000Z",
    "sequence": 6,
    "scenario_id": "scenario-275-volatility_feedback",
    "agent_id": "agent-volatility_feedback",
    "order_id": "scenario-275-volatility_feedback-agent-volatility_feedback-6",
    "action": "new",
    "side": "buy",
    "price": 65348.108,
    "quantity": 0.04,
    "remaining_quantity": 0.04
  },
  {
    "event_id": "77a9a07c3342a556ebccc9a7386f1d8e4725e9d3b763f38249e03465e973be3b",
    "schema_version": "1.0.0",
    "event_type": "agent_order",
    "source": "synthetic_agent",
    "symbol": "BTCUSDT",
    "exchange": "binance_usdm",
    "timestamp": "2024-05-01T00:00:00.140000Z",
    "sequence": 7,
    "scenario_id": "scenario-275-volatility_feedback",
    "agent_id": "agent-volatility_feedback",
    "order_id": "scenario-275-volatility_feedback-agent-volatility_feedback-7",
    "action": "new",
    "side": "sell",
    "price": 65200.5865,
    "quantity": 0.05,
    "remaining_quantity": 0.05
  },
  {
    "event_id": "21cdc07d3651934c1e9df2d21127500a424144aab28ee0b7534af367f0c7522f",
    "schema_version": "1.0.0",
    "event_type": "agent_order",
    "source": "synthetic_agent",
    "symbol": "BTCUSDT",
    "exchange": "binance_usdm",
    "timestamp": "2024-05-01T00:00:00.160000Z",
    "sequence": 8,
    "scenario_id": "scenario-275-volatility_feedback",
    "agent_id": "agent-volatility_feedback",
    "order_id": "scenario-275-volatility_feedback-agent-volatility_feedback-8",
    "action": "new",
    "side": "buy",
    "price": 65350.719000000005,
    "quantity": 0.02,
    "remaining_quantity": 0.02
  },
  {
    "event_id": "e79fd24d9c4645a839df5d7373509dc69587bcd8c335306450a156cc85958da2",
    "schema_version": "1.0.0",
    "event_type": "agent_order",
    "source": "synthetic_agent",
    "symbol": "BTCUSDT",
    "exchange": "binance_usdm",
    "timestamp": "2024-05-01T00:00:00.180000Z",
    "sequence": 9,
    "scenario_id": "scenario-275-volatility_feedback",
    "agent_id": "agent-volatility_feedback",
    "order_id": "scenario-275-volatility_feedback-agent-volatility_feedback-9",
    "action": "new",
    "side": "sell",
    "price": 65197.9755,
    "quantity": 0.03,
    "remaining_quantity": 0.03
  },
  {
    "event_id": "ddda439aa276aa34b83e8c3c5cde26969abe26c24ae718adddd9edd6c8b5bba8",
    "schema_version": "1.0.0",
    "event_type": "agent_order",
    "source": "synthetic_agent",
    "symbol": "BTCUSDT",
    "exchange": "binance_usdm",
    "timestamp": "2024-05-01T00:00:00.200000Z",
    "sequence": 10,
    "scenario_id": "scenario-275-volatility_feedback",
    "agent_id": "agent-volatility_feedback",
    "order_id": "scenario-275-volatility_feedback-agent-volatility_feedback-10",
    "action": "new",
    "side": "buy",
    "price": 65353.33000000001,
    "quantity": 0.04,
    "remaining_quantity": 0.04
  },
  {
    "event_id": "f784f6a009b918c681e47157701ea189037045944257fcc1cd3bb23ffdd75264",
    "schema_version": "1.0.0",
    "event_type": "agent_order",
    "source": "synthetic_agent",
    "symbol": "BTCUSDT",
    "exchange": "binance_usdm",
    "timestamp": "2024-05-01T00:00:00.220000Z",
    "sequence": 11,
    "scenario_id": "scenario-275-volatility_feedback",
    "agent_id": "agent-volatility_feedback",
    "order_id": "scenario-275-volatility_feedback-agent-volatility_feedback-11",
    "action": "new",
    "side": "sell",
    "price": 65195.3645,
    "quantity": 0.05,
    "remaining_quantity": 0.05
  },
  {
    "event_id": "fa98b19db27ab25c48150fb8d1f4fff43dd344de0372bda28bdb7c79b4c70b98",
    "schema_version": "1.0.0",
    "event_type": "agent_order",
    "source": "synthetic_agent",
    "symbol": "BTCUSDT",
    "exchange": "binance_usdm",
    "timestamp": "2024-05-01T00:00:00.240000Z",
    "sequence": 12,
    "scenario_id": "scenario-275-volatility_feedback",
    "agent_id": "agent-volatility_feedback",
    "order_id": "scenario-275-volatility_feedback-agent-volatility_feedback-12",
    "action": "new",
    "side": "buy",
    "price": 65355.94099999999,
    "quantity": 0.02,
    "remaining_quantity": 0.02
  },
  {
    "event_id": "80fa6dc0c6135d90fb484262ee1ac8224c8dff67aefc73b43133c90535c1e43b",
    "schema_version": "1.0.0",
    "event_type": "agent_order",
    "source": "synthetic_agent",
    "symbol": "BTCUSDT",
    "exchange": "binance_usdm",
    "timestamp": "2024-05-01T00:00:00.260000Z",
    "sequence": 13,
    "scenario_id": "scenario-275-volatility_feedback",
    "agent_id": "agent-volatility_feedback",
    "order_id": "scenario-275-volatility_feedback-agent-volatility_feedback-13",
    "action": "new",
    "side": "sell",
    "price": 65192.7535,
    "quantity": 0.03,
    "remaining_quantity": 0.03
  },
  {
    "event_id": "cb415e45f2a0d72d9fe09102dfd9f47721ec50001299eac7e31f724f1f85d5fb",
    "schema_version": "1.0.0",
    "event_type": "agent_order",
    "source": "synthetic_agent",
    "symbol": "BTCUSDT",
    "exchange": "binance_usdm",
    "timestamp": "2024-05-01T00:00:00.280000Z",
    "sequence": 14,
    "scenario_id": "scenario-275-volatility_feedback",
    "agent_id": "agent-volatility_feedback",
    "order_id": "scenario-275-volatility_feedback-agent-volatility_feedback-14",
    "action": "new",
    "side": "buy",
    "price": 65358.551999999996,
    "quantity": 0.04,
    "remaining_quantity": 0.04
  },
  {
    "event_id": "1d919f3e027cc4a219b0f3e9677a6a5c52f7e5d3f6ba3c741fd628155da051e9",
    "schema_version": "1.0.0",
    "event_type": "agent_order",
    "source": "synthetic_agent",
    "symbol": "BTCUSDT",
    "exchange": "binance_usdm",
    "timestamp": "2024-05-01T00:00:00.300000Z",
    "sequence": 15,
    "scenario_id": "scenario-275-volatility_feedback",
    "agent_id": "agent-volatility_feedback",
    "order_id": "scenario-275-volatility_feedback-agent-volatility_feedback-15",
    "action": "new",
    "side": "sell",
    "price": 65190.1425,
    "quantity": 0.05,
    "remaining_quantity": 0.05
  },
  {
    "event_id": "0f894fee276137501bbfe3f3f4ce0d8cb35dbc2bcc329ab83753f3c04e95297d",
    "schema_version": "1.0.0",
    "event_type": "agent_order",
    "source": "synthetic_agent",
    "symbol": "BTCUSDT",
    "exchange": "binance_usdm",
    "timestamp": "2024-05-01T00:00:00.320000Z",
    "sequence": 16,
    "scenario_id": "scenario-275-volatility_feedback",
    "agent_id": "agent-volatility_feedback",
    "order_id": "scenario-275-volatility_feedback-agent-volatility_feedback-16",
    "action": "new",
    "side": "buy",
    "price": 65361.163,
    "quantity": 0.02,
    "remaining_quantity": 0.02
  },
  {
    "event_id": "fb2be12229c87eff0c197ba9cd1ee4114fadacb4069ee79cdbf23abb6a64c2de",
    "schema_version": "1.0.0",
    "event_type": "agent_order",
    "source": "synthetic_agent",
    "symbol": "BTCUSDT",
    "exchange": "binance_usdm",
    "timestamp": "2024-05-01T00:00:00.340000Z",
    "sequence": 17,
    "scenario_id": "scenario-275-volatility_feedback",
    "agent_id": "agent-volatility_feedback",
    "order_id": "scenario-275-volatility_feedback-agent-volatility_feedback-17",
    "action": "new",
    "side": "sell",
    "price": 65187.5315,
    "quantity": 0.03,
    "remaining_quantity": 0.03
  },
  {
    "event_id": "7fe9397b8439ee9cf577b3e0a87f8cb4c52d92f93bf1336dc13f61f1427c4c0c",
    "schema_version": "1.0.0",
    "event_type": "agent_order",
    "source": "synthetic_agent",
    "symbol": "BTCUSDT",
    "exchange": "binance_usdm",
    "timestamp": "2024-05-01T00:00:00.360000Z",
    "sequence": 18,
    "scenario_id": "scenario-275-volatility_feedback",
    "agent_id": "agent-volatility_feedback",
    "order_id": "scenario-275-volatility_feedback-agent-volatility_feedback-18",
    "action": "new",
    "side": "buy",
    "price": 65363.774000000005,
    "quantity": 0.04,
    "remaining_quantity": 0.04
  },
  {
    "event_id": "fd655c57caa39b5efd46f7a81033fa128be76c9972d01a4651033f9af995d086",
    "schema_version": "1.0.0",
    "event_type": "agent_order",
    "source": "synthetic_agent",
    "symbol": "BTCUSDT",
    "exchange": "binance_usdm",
    "timestamp": "2024-05-01T00:00:00.380000Z",
    "sequence": 19,
    "scenario_id": "scenario-275-volatility_feedback",
    "agent_id": "agent-volatility_feedback",
    "order_id": "scenario-275-volatility_feedback-agent-volatility_feedback-19",
    "action": "new",
    "side": "sell",
    "price": 65184.9205,
    "quantity": 0.05,
    "remaining_quantity": 0.05
  },
  {
    "event_id": "38838ca8679450f7a5a273ec12645519a711e98c77dfa4e374b310ddbf203dda",
    "schema_version": "1.0.0",
    "event_type": "agent_order",
    "source": "synthetic_agent",
    "symbol": "BTCUSDT",
    "exchange": "binance_usdm",
    "timestamp": "2024-05-01T00:00:00.400000Z",
    "sequence": 20,
    "scenario_id": "scenario-275-volatility_feedback",
    "agent_id": "agent-volatility_feedback",
    "order_id": "scenario-275-volatility_feedback-agent-volatility_feedback-20",
    "action": "new",
    "side": "buy",
    "price": 65366.385,
    "quantity": 0.02,
    "remaining_quantity": 0.02
  },
  {
    "event_id": "368161f701a83fd65d595aad6de4c40d66ef2ef8564799a642550042d7ad8f3f",
    "schema_version": "1.0.0",
    "event_type": "agent_order",
    "source": "synthetic_agent",
    "symbol": "BTCUSDT",
    "exchange": "binance_usdm",
    "timestamp": "2024-05-01T00:00:00.420000Z",
    "sequence": 21,
    "scenario_id": "scenario-275-volatility_feedback",
    "agent_id": "agent-volatility_feedback",
    "order_id": "scenario-275-volatility_feedback-agent-volatility_feedback-21",
    "action": "new",
    "side": "sell",
    "price": 65182.3095,
    "quantity": 0.03,
    "remaining_quantity": 0.03
  },
  {
    "event_id": "ee6ace18c98983648d1148158ff7c60ac534dd7d5b42703b4b299e1d64deae53",
    "schema_version": "1.0.0",
    "event_type": "agent_order",
    "source": "synthetic_agent",
    "symbol": "BTCUSDT",
    "exchange": "binance_usdm",
    "timestamp": "2024-05-01T00:00:00.440000Z",
    "sequence": 22,
    "scenario_id": "scenario-275-volatility_feedback",
    "agent_id": "agent-volatility_feedback",
    "order_id": "scenario-275-volatility_feedback-agent-volatility_feedback-22",
    "action": "new",
    "side": "buy",
    "price": 65368.99600000001,
    "quantity": 0.04,
    "remaining_quantity": 0.04
  },
  {
    "event_id": "9af0bff49fb71c65d1e26b545e752519be8841c1632d9a8a3db10c27e69273d8",
    "schema_version": "1.0.0",
    "event_type": "agent_order",
    "source": "synthetic_agent",
    "symbol": "BTCUSDT",
    "exchange": "binance_usdm",
    "timestamp": "2024-05-01T00:00:00.460000Z",
    "sequence": 23,
    "scenario_id": "scenario-275-volatility_feedback",
    "agent_id": "agent-volatility_feedback",
    "order_id": "scenario-275-volatility_feedback-agent-volatility_feedback-23",
    "action": "new",
    "side": "sell",
    "price": 65179.6985,
    "quantity": 0.05,
    "remaining_quantity": 0.05
  },
  {
    "event_id": "3d97934a4e1768a29793afffcb4d22e9ded600203d3f5671d588234325d2d830",
    "schema_version": "1.0.0",
    "event_type": "agent_order",
    "source": "synthetic_agent",
    "symbol": "BTCUSDT",
    "exchange": "binance_usdm",
    "timestamp": "2024-05-01T00:00:00.480000Z",
    "sequence": 24,
    "scenario_id": "scenario-275-volatility_feedback",
    "agent_id": "agent-volatility_feedback",
    "order_id": "scenario-275-volatility_feedback-agent-volatility_feedback-24",
    "action": "new",
    "side": "buy",
    "price": 65371.606999999996,
    "quantity": 0.02,
    "remaining_quantity": 0.02
  },
  {
    "event_id": "3bc5f8ee254b04ffa4fbc77e91016368893478d09b0ab02f0daa4341ecdf8e59",
    "schema_version": "1.0.0",
    "event_type": "agent_order",
    "source": "synthetic_agent",
    "symbol": "BTCUSDT",
    "exchange": "binance_usdm",
    "timestamp": "2024-05-01T00:00:00.500000Z",
    "sequence": 25,
    "scenario_id": "scenario-275-volatility_feedback",
    "agent_id": "agent-volatility_feedback",
    "order_id": "scenario-275-volatility_feedback-agent-volatility_feedback-25",
    "action": "new",
    "side": "sell",
    "price": 65177.0875,
    "quantity": 0.03,
    "remaining_quantity": 0.03
  },
  {
    "event_id": "56955c908265abf586ff27c142b566a19db502aefd80945098becc7df61b7827",
    "schema_version": "1.0.0",
    "event_type": "agent_order",
    "source": "synthetic_agent",
    "symbol": "BTCUSDT",
    "exchange": "binance_usdm",
    "timestamp": "2024-05-01T00:00:00.520000Z",
    "sequence": 26,
    "scenario_id": "scenario-275-volatility_feedback",
    "agent_id": "agent-volatility_feedback",
    "order_id": "scenario-275-volatility_feedback-agent-volatility_feedback-26",
    "action": "new",
    "side": "buy",
    "price": 65374.218,
    "quantity": 0.04,
    "remaining_quantity": 0.04
  },
  {
    "event_id": "5ab4bf700fe7d896b3658eb70c00ca78b050efdf45572e6820e23270068d0ac7",
    "schema_version": "1.0.0",
    "event_type": "agent_order",
    "source": "synthetic_agent",
    "symbol": "BTCUSDT",
    "exchange": "binance_usdm",
    "timestamp": "2024-05-01T00:00:00.540000Z",
    "sequence": 27,
    "scenario_id": "scenario-275-volatility_feedback",
    "agent_id": "agent-volatility_feedback",
    "order_id": "scenario-275-volatility_feedback-agent-volatility_feedback-27",
    "action": "new",
    "side": "sell",
    "price": 65174.476500000004,
    "quantity": 0.05,
    "remaining_quantity": 0.05
  },
  {
    "event_id": "712dc084af0725822b209496173dac75294d54185bd1b7f201eea1458a734ad9",
    "schema_version": "1.0.0",
    "event_type": "agent_order",
    "source": "synthetic_agent",
    "symbol": "BTCUSDT",
    "exchange": "binance_usdm",
    "timestamp": "2024-05-01T00:00:00.560000Z",
    "sequence": 28,
    "scenario_id": "scenario-275-volatility_feedback",
    "agent_id": "agent-volatility_feedback",
    "order_id": "scenario-275-volatility_feedback-agent-volatility_feedback-28",
    "action": "new",
    "side": "buy",
    "price": 65376.829,
    "quantity": 0.02,
    "remaining_quantity": 0.02
  },
  {
    "event_id": "25560043d8b7bd70771219a02249477878c8663ae57838c57fd8417e8e4666fe",
    "schema_version": "1.0.0",
    "event_type": "agent_order",
    "source": "synthetic_agent",
    "symbol": "BTCUSDT",
    "exchange": "binance_usdm",
    "timestamp": "2024-05-01T00:00:00.580000Z",
    "sequence": 29,
    "scenario_id": "scenario-275-volatility_feedback",
    "agent_id": "agent-volatility_feedback",
    "order_id": "scenario-275-volatility_feedback-agent-volatility_feedback-29",
    "action": "new",
    "side": "sell",
    "price": 65171.8655,
    "quantity": 0.03,
    "remaining_quantity": 0.03
  }
]