[
  {
    "event_id": "801ba70da505a776d1e3a5d517b0763dfd94686ab9a7ca3af1ec42c300513916",
    "schema_version": "1.0.0",
    "event_type": "agent_order",
    "source": "synthetic_agent",
    "symbol": "BTCUSDT",
    "exchange": "binance_usdm",
    "timestamp": "2024-05-01T00:00:00Z",
    "sequence": 0,
    "scenario_id": "scenario-503-volatility_feedback",
    "agent_id": "agent-volatility_feedback",
    "order_id": "scenario-503-volatility_feedback-agent-volatility_feedback-0",
    "action": "new",
    "side": "buy",
    "price": 65568.503,
    "quantity": 0.02,
    "remaining_quantity": 0.02
  },
  {
    "event_id": "06bf82464c88a9eeff24f231f8a22a901c0ea7b0d600387cda254d49314b7bff",
    "schema_version": "1.0.0",
    "event_type": "agent_order",
    "source": "synthetic_agent",
    "symbol": "BTCUSDT",
    "exchange": "binance_usdm",
    "timestamp": "2024-05-01T00:00:00.020000Z",
    "sequence": 1,
    "scenario_id": "scenario-503-volatility_feedback",
    "agent_id": "agent-volatility_feedback",
    "order_id": "scenario-503-volatility_feedback-agent-volatility_feedback-1",
    "action": "new",
    "side": "sell",
    "price": 65436.18694,
    "quantity": 0.03,
    "remaining_quantity": 0.03
  },
  {
    "event_id": "a6e14dd0bcab2f8b6a01e0087fdfa05cbb0ca1d185e27d9785de0ccc5b7c88b2",
    "schema_version": "1.0.0",
    "event_type": "agent_order",
    "source": "synthetic_agent",
    "symbol": "BTCUSDT",
    "exchange": "binance_usdm",
    "timestamp": "2024-05-01T00:00:00.040000Z",
    "sequence": 2,
    "scenario_id": "scenario-503-volatility_feedback",
    "agent_id": "agent-volatility_feedback",
    "order_id": "scenario-503-volatility_feedback-agent-volatility_feedback-2",
    "action": "new",
    "side": "buy",
    "price": 65571.12311999999,
    "quantity": 0.04,
    "remaining_quantity": 0.04
  },
  {
    "event_id": "f081486f7b1693968b1674459ea591ff6bc87026976ff848403ba00e46d19c57",
    "schema_version": "1.0.0",
    "event_type": "agent_order",
    "source": "synthetic_agent",
    "symbol": "BTCUSDT",
    "exchange": "binance_usdm",
    "timestamp": "2024-05-01T00:00:00.060000Z",
    "sequence": 3,
    "scenario_id": "scenario-503-volatility_feedback",
    "agent_id": "agent-volatility_feedback",
    "order_id": "scenario-503-volatility_feedback-agent-volatility_feedback-3",
    "action": "new",
    "side": "sell",
    "price": 65433.56682,
    "quantity": 0.05,
    "remaining_quantity": 0.05
  },
  {
    "event_id": "b8ba6d31dd1776eed13ae56f88a09fa91e402dcbbfa013d73426cbfb4e389a76",
    "schema_version": "1.0.0",
    "event_type": "agent_order",
    "source": "synthetic_agent",
    "symbol": "BTCUSDT",
    "exchange": "binance_usdm",
    "timestamp": "2024-05-01T00:00:00.080000Z",
    "sequence": 4,
    "scenario_id": "scenario-503-volatility_feedback",
    "agent_id": "agent-volatility_feedback",
    "order_id": "scenario-503-volatility_feedback-agent-volatility_feedback-4",
    "action": "new",
    "side": "buy",
    "price": 65573.74324,
    "quantity": 0.02,
    "remaining_quantity": 0.02
  },
  {
    "event_id": "190e754da0bca3aea6edde7017981384c9d9f8cb196c08efae086428c92e727c",
    "schema_version": "1.0.0",
    "event_type": "agent_order",
    "source": "synthetic_agent",
    "symbol": "BTCUSDT",
    "exchange": "binance_usdm",
    "timestamp": "2024-05-01T00:00:00.100000Z",
    "sequence": 5,
    "scenario_id": "scenario-503-volatility_feedback",
    "agent_id": "agent-volatility_feedback",
    "order_id": "scenario-503-volatility_feedback-agent-volatility_feedback-5",
    "action": "new",
    "side": "sell",
    "price": 65430.9467,
    "quantity": 0.03,
    "remaining_quantity": 0.03
  },
  {
    "event_id": "075b84f851f2e5e2d8a2d768bbe20b726129c1f713b5c1dd16cfaccc107c5b81",
    "schema_version": "1.0.0",
    "event_type": "agent_order",
    "source": "synthetic_agent",
    "symbol": "BTCUSDT",
    "exchange": "binance_usdm",
    "timestamp": "2024-05-01T00:00:00.120000Z",
    "sequence": 6,
    "scenario_id": "scenario-503-volatility_feedback",
    "agent_id": "agent-volatility_feedback",
    "order_id": "scenario-503-volatility_feedback-agent-volatility_feedback-6",
    "action": "new",
    "side": "buy",
    "price": 65576.36336,
    "quantity": 0.04,
    "remaining_quantity": 0.04
  },
  {
    "event_id": "a4d98d21a85df380dd494798051e197b458bbac06fa4fa7da587aa271d1a886b",
    "schema_version": "1.0.0",
    "event_type": "agent_order",
    "source": "synthetic_agent",
    "symbol": "BTCUSDT",
    "exchange": "binance_usdm",
    "timestamp": "2024-05-01T00:00:00.140000Z",
    "sequence": 7,
    "scenario_id": "scenario-503-volatility_feedback",
    "agent_id": "agent-volatility_feedback",
    "order_id": "scenario-503-volatility_feedback-agent-volatility_feedback-7",
    "action": "new",
    "side": "sell",
    "price": 65428.32658,
    "quantity": 0.05,
    "remaining_quantity": 0.05
  },
  {
    "event_id": "2595df7164a8bae586ecd63050c2c616c4e45f0ec8667be9745022260b69ab35",
    "schema_version": "1.0.0",
    "event_type": "agent_order",
    "source": "synthetic_agent",
    "symbol": "BTCUSDT",
    "exchange": "binance_usdm",
    "timestamp": "2024-05-01T00:00:00.160000Z",
    "sequence": 8,
    "scenario_id": "scenario-503-volatility_feedback",
    "agent_id": "agent-volatility_feedback",
    "order_id": "scenario-503-volatility_feedback-agent-volatility_feedback-8",
    "action": "new",
    "side": "buy",
    "price": 65578.98348000001,
    "quantity": 0.02,
    "remaining_quantity": 0.02
  },
  {
    "event_id": "0b42d026827b6aa239c34aa181ecc07a46272a3689f482ccd60a750e3d018a2c",
    "schema_version": "1.0.0",
    "event_type": "agent_order",
    "source": "synthetic_agent",
    "symbol": "BTCUSDT",
    "exchange": "binance_usdm",
    "timestamp": "2024-05-01T00:00:00.180000Z",
    "sequence": 9,
    "scenario_id": "scenario-503-volatility_feedback",
    "agent_id": "agent-volatility_feedback",
    "order_id": "scenario-503-volatility_feedback-agent-volatility_feedback-9",
    "action": "new",
    "side": "sell",
    "price": 65425.70646,
    "quantity": 0.03,
    "remaining_quantity": 0.03
  },
  {
    "event_id": "7af692cbd7dbdb8045829118d0d9f5d826caf238bb2bab4f05cce4f3701b95e8",
    "schema_version": "1.0.0",
    "event_type": "agent_order",
    "source": "synthetic_agent",
    "symbol": "BTCUSDT",
    "exchange": "binance_usdm",
    "timestamp": "2024-05-01T00:00:00.200000Z",
    "sequence": 10,
    "scenario_id": "scenario-503-volatility_feedback",
    "agent_id": "agent-volatility_feedback",
    "order_id": "scenario-503-volatility_feedback-agent-volatility_feedback-10",
    "action": "new",
    "side": "buy",
    "price": 65581.6036,
    "quantity": 0.04,
    "remaining_quantity": 0.04
  },
  {
    "event_id": "b9b3a419967db0bd5b6facc2a0ae9211d40d7adbd8c66251556e9425f093b827",
    "schema_version": "1.0.0",
    "event_type": "agent_order",
    "source": "synthetic_agent",
    "symbol": "BTCUSDT",
    "exchange": "binance_usdm",
    "timestamp": "2024-05-01T00:00:00.220000Z",
    "sequence": 11,
    "scenario_id": "scenario-503-volatility_feedback",
    "agent_id": "agent-volatility_feedback",
    "order_id": "scenario-503-volatility_feedback-agent-volatility_feedback-11",
    "action": "new",
    "side": "sell",
    "price": 65423.08634,
    "quantity": 0.05,
    "remaining_quantity": 0.05
  },
  {
    "event_id": "ecb12babc3cec21be712ec9c8bdb4665fdb8abe64b68ffb80355197362f1487f",
    "schema_version": "1.0.0",
    "event_type": "agent_order",
    "source": "synthetic_agent",
    "symbol": "BTCUSDT",
    "exchange": "binance_usdm",
    "timestamp": "2024-05-01T00:00:00.240000Z",
    "sequence": 12,
    "scenario_id": "scenario-503-volatility_feedback",
    "agent_id": "agent-volatility_feedback",
    "order_id": "scenario-503-volatility_feedback-agent-volatility_feedback-12",
    "action": "new",
    "side": "buy",
    "price": 65584.22372,
    "quantity": 0.02,
    "remaining_quantity": 0.02
  },
  {
    "event_id": "db844f0922c8335f7f0bd7874034660763f0b7546148e85fc54c4ec0118c97dc",
    "schema_version": "1.0.0",
    "event_type": "agent_order",
    "source": "synthetic_agent",
    "symbol": "BTCUSDT",
    "exchange": "binance_usdm",
    "timestamp": "2024-05-01T00:00:00.260000Z",
    "sequence": 13,
    "scenario_id": "scenario-503-volatility_feedback",
    "agent_id": "agent-volatility_feedback",
    "order_id": "scenario-503-volatility_feedback-agent-volatility_feedback-13",
    "action": "new",
    "side": "sell",
    "price": 65420.466219999995,
    "quantity": 0.03,
    "remaining_quantity": 0.03
  },
  {
    "event_id": "5f186f907e708599ab2440746aa34a488bec16a0ba76b4e166876df45e78446c",
    "schema_version": "1.0.0",
    "event_type": "agent_order",
    "source": "synthetic_agent",
    "symbol": "BTCUSDT",
    "exchange": "binance_usdm",
    "timestamp": "2024-05-01T00:00:00.280000Z",
    "sequence": 14,
    "scenario_id": "scenario-503-volatility_feedback",
    "agent_id": "agent-volatility_feedback",
    "order_id": "scenario-503-volatility_feedback-agent-volatility_feedback-14",
    "action": "new",
    "side": "buy",
    "price": 65586.84384,
    "quantity": 0.04,
    "remaining_quantity": 0.04
  },
  {
    "event_id": "e6379ff6778c40be5e282ce90790446e9001fc727db1b03e1220e954515b01a3",
    "schema_version": "1.0.0",
    "event_type": "agent_order",
    "source": "synthetic_agent",
    "symbol": "BTCUSDT",
    "exchange": "binance_usdm",
    "timestamp": "2024-05-01T00:00:00.300000Z",
    "sequence": 15,
    "scenario_id": "scenario-503-volatility_feedback",
    "agent_id": "agent-volatility_feedback",
    "order_id": "scenario-503-volatility_feedback-agent-volatility_feedback-15",
    "action": "new",
    "side": "sell",
    "price": 65417.8461,
    "quantity": 0.05,
    "remaining_quantity": 0.05
  },
  {
    "event_id": "c8737fb5f51da5c53112c12b1f96cc4c98deac367932100dcce5f3264cfb9d08",
    "schema_version": "1.0.0",
    "event_type": "agent_order",
    "source": "synthetic_agent",
    "symbol": "BTCUSDT",
    "exchange": "binance_usdm",
    "timestamp": "2024-05-01T00:00:00.320000Z",
    "sequence": 16,
    "scenario_id": "scenario-503-volatility_feedback",
    "agent_id": "agent-volatility_feedback",
    "order_id": "scenario-503-volatility_feedback-agent-volatility_feedback-16",
    "action": "new",
    "side": "buy",
    "price": 65589.46396,
    "quantity": 0.02,
    "remaining_quantity": 0.02
  },
  {
    "event_id": "9162dbdbb18a1c3706ad9ea5ee69f8d9b4fb7edec5905a9caa302da858c8b7f2",
    "schema_version": "1.0.0",
    "event_type": "agent_order",
    "source": "synthetic_agent",
    "symbol": "BTCUSDT",
    "exchange": "binance_usdm",
    "timestamp": "2024-05-01T00:00:00.340000Z",
    "sequence": 17,
    "scenario_id": "scenario-503-volatility_feedback",
    "agent_id": "agent-volatility_feedback",
    "order_id": "scenario-503-volatility_feedback-agent-volatility_feedback-17",
    "action": "new",
    "side": "sell",
    "price": 65415.22598,
    "quantity": 0.03,
    "remaining_quantity": 0.03
  },
  {
    "event_id": "8c4fcec0e650bfc579fd896b646d250c98ef40f4beea1c5016a57269b6cfd402",
    "schema_version": "1.0.0",
    "event_type": "agent_order",
    "source": "synthetic_agent",
    "symbol": "BTCUSDT",
    "exchange": "binance_usdm",
    "timestamp": "2024-05-01T00:00:00.360000Z",
    "sequence": 18,
    "scenario_id": "scenario-503-volatility_feedback",
    "agent_id": "agent-volatility_feedback",
    "order_id": "scenario-503-volatility_feedback-agent-volatility_feedback-18",
    "action": "new",
    "side": "buy",
    "price": 65592.08408,
    "quantity": 0.04,
    "remaining_quantity": 0.04
  },
  {
    "event_id": "2e80d00d7d28f252b0a57352ae9157495662ee88af6693b69676d6df3191b39b",
    "schema_version": "1.0.0",
    "event_type": "agent_order",
    "source": "synthetic_agent",
    "symbol": "BTCUSDT",
    "exchange": "binance_usdm",
    "timestamp": "2024-05-01T00:00:00.380000Z",
    "sequence": 19,
    "scenario_id": "scenario-503-volatility_feedback",
    "agent_id": "agent-volatility_feedback",
    "order_id": "scenario-503-volatility_feedback-agent-volatility_feedback-19",
    "action": "new",
    "side": "sell",
    "price": 65412.605859999996,
    "quantity": 0.05,
    "remaining_quantity": 0.05
  },
  {
    "event_id": "a7b92b0bb738ec3305331d2d6e541b1017a531633403dbe91a35fecabfaed068",
    "schema_version": "1.0.0",
    "event_type": "agent_order",
    "source": "synthetic_agent",
    "symbol": "BTCUSDT",
    "exchange": "binance_usdm",
    "timestamp": "2024-05-01T00:00:00.400000Z",
    "sequence": 20,
    "scenario_id": "scenario-503-volatility_feedback",
    "agent_id": "agent-volatility_feedback",
    "order_id": "scenario-503-volatility_feedback-agent-volatility_feedback-20",
    "action": "new",
    "side": "buy",
    "price": 65594.70420000001,
    "quantity": 0.02,
    "remaining_quantity": 0.02
  },
  {
    "event_id": "2629c2eea459d131e54800951535469f178e3dd7047baf75257324e073ffb0b2",
    "schema_version": "1.0.0",
    "event_type": "agent_order",
    "source": "synthetic_agent",
    "symbol": "BTCUSDT",
    "exchange": "binance_usdm",
    "timestamp": "2024-05-01T00:00:00.420000Z",
    "sequence": 21,
    "scenario_id": "scenario-503-volatility_feedback",
    "agent_id": "agent-volatility_feedback",
    "order_id": "scenario-503-volatility_feedback-agent-volatility_feedback-21",
    "action": "new",
    "side": "sell",
    "price": 65409.985740000004,
    "quantity": 0.03,
    "remaining_quantity": 0.03
  },
  {
    "event_id": "b2137fd7ef230854c79512480b425bcbbf41069dbbb06facc6112f9b7e15783b",
    "schema_version": "1.0.0",
    "event_type": "agent_order",
    "source": "synthetic_agent",
    "symbol": "BTCUSDT",
    "exchange": "binance_usdm",
    "timestamp": "2024-05-01T00:00:00.440000Z",
    "sequence": 22,
    "scenario_id": "scenario-503-volatility_feedback",
    "agent_id": "agent-volatility_feedback",
    "order_id": "scenario-503-volatility_feedback-agent-volatility_feedback-22",
    "action": "new",
    "side": "buy",
    "price": 65597.32432000001,
    "quantity": 0.04,
    "remaining_quantity": 0.04
  },
  {
    "event_id": "3452a1a23c354f0cc188d3c4377e8012a4a718bb3a87f5c325cafbbeead6b5d1",
    "schema_version": "1.0.0",
    "event_type": "agent_order",
    "source": "synthetic_agent",
    "symbol": "BTCUSDT",
    "exchange": "binance_usdm",
    "timestamp": "2024-05-01T00:00:00.460000Z",
    "sequence": 23,
    "scenario_id": "scenario-503-volatility_feedback",
    "agent_id": "agent-volatility_feedback",
    "order_id": "scenario-503-volatility_feedback-agent-volatility_feedback-23",
    "action": "new",
    "side": "sell",
    "price": 65407.36562,
    "quantity": 0.05,
    "remaining_quantity": 0.05
  },
  {
    "event_id": "d24f4286ebcd2cd0ff96d79b00ffb23419c87cce619be33663dcf77c29c4b2d7",
    "schema_version": "1.0.0",
    "event_type": "agent_order",
    "source": "synthetic_agent",
    "symbol": "BTCUSDT",
    "exchange": "binance_usdm",
    "timestamp": "2024-05-01T00:00:00.480000Z",
    "sequence": 24,
    "scenario_id": "scenario-503-volatility_feedback",
    "agent_id": "agent-volatility_feedback",
    "order_id": "scenario-503-volatility_feedback-agent-volatility_feedback-24",
    "action": "new",
    "side": "buy",
    "price": 65599.94443999999,
    "quantity": 0.02,
    "remaining_quantity": 0.02
  },
  {
    "event_id": "f4af8ff5642b939bec5ea24464054b4c420ab0cd56bc82efd4ceb330a19be50a",
    "schema_version": "1.0.0",
    "event_type": "agent_order",
    "source": "synthetic_agent",
    "symbol": "BTCUSDT",
    "exchange": "binance_usdm",
    "timestamp": "2024-05-01T00:00:00.500000Z",
    "sequence": 25,
    "scenario_id": "scenario-503-volatility_feedback",
    "agent_id": "agent-volatility_feedback",
    "order_id": "scenario-503-volatility_feedback-agent-volatility_feedback-25",
    "action": "new",
    "side": "sell",
    "price": 65404.745500000005,
    "quantity": 0.03,
    "remaining_quantity": 0.03
  },
  {
    "event_id": "511d4b1f6d2184d193f4825fff4651b6f59bccc0219d0790709a9137c168b61b",
    "schema_version": "1.0.0",
    "event_type": "agent_order",
    "source": "synthetic_agent",
    "symbol": "BTCUSDT",
    "exchange": "binance_usdm",
    "timestamp": "2024-05-01T00:00:00.520000Z",
    "sequence": 26,
    "scenario_id": "scenario-503-volatility_feedback",
    "agent_id": "agent-volatility_feedback",
    "order_id": "scenario-503-volatility_feedback-agent-volatility_feedback-26",
    "action": "new",
    "side": "buy",
    "price": 65602.56456,
    "quantity": 0.04,
    "remaining_quantity": 0.04
  },
  {
    "event_id": "392e48fd3e6bbe0db0ffa16e20b1494c6dbaccccd0a65753adefa09dee2f15f4",
    "schema_version": "1.0.0",
    "event_type": "agent_order",
    "source": "synthetic_agent",
    "symbol": "BTCUSDT",
    "exchange": "binance_usdm",
    "timestamp": "2024-05-01T00:00:00.540000Z",
    "sequence": 27,
    "scenario_id": "scenario-503-volatility_feedback",
    "agent_id": "agent-volatility_feedback",
    "order_id": "scenario-503-volatility_feedback-agent-volatility_feedback-27",
    "action": "new",
    "side": "sell",
    "price": 65402.12538,
    "quantity": 0.05,
    "remaining_quantity": 0.05
  },
  {
    "event_id": "80c5905b6550fa7971693c7cfb01d051a8d8e1faf11b1a6d07090800bd23a9eb",
    "schema_version": "1.0.0",
    "event_type": "agent_order",
    "source": "synthetic_agent",
    "symbol": "BTCUSDT",
    "exchange": "binance_usdm",
    "timestamp": "2024-05-01T00:00:00.560000Z",
    "sequence": 28,
    "scenario_id": "scenario-503-volatility_feedback",
    "agent_id": "agent-volatility_feedback",
    "order_id": "scenario-503-volatility_feedback-agent-volatility_feedback-28",
    "action": "new",
    "side": "buy",
    "price": 65605.18468,
    "quantity": 0.02,
    "remaining_quantity": 0.02
  },
  {
    "event_id": "8feabb89afd7bb0d59df5b9aacf012774af72a65841ca3e0cfc833dbe3c7f5f8",
    "schema_version": "1.0.0",
    "event_type": "agent_order",
    "source": "synthetic_agent",
    "symbol": "BTCUSDT",
    "exchange": "binance_usdm",
    "timestamp": "2024-05-01T00:00:00.580000Z",
    "sequence": 29,
    "scenario_id": "scenario-503-volatility_feedback",
    "agent_id": "agent-volatility_feedback",
    "order_id": "scenario-503-volatility_feedback-agent-volatility_feedback-29",
    "action": "new",
    "side": "sell",
    "price": 65399.50526,
    "quantity": 0.03,
    "remaining_quantity": 0.03
  }
]