[
  {
    "event_id": "ca15c678986c5e3e68e0478c45928853a74b71225d5690e71b1d819c40189889",
    "schema_version": "1.0.0",
    "event_type": "agent_order",
    "source": "synthetic_agent",
    "symbol": "BTCUSDT",
    "exchange": "binance_usdm",
    "timestamp": "2024-05-01T00:00:00Z",
    "sequence": 0,
    "scenario_id": "scenario-095-volatility_feedback",
    "agent_id": "agent-volatility_feedback",
    "order_id": "scenario-095-volatility_feedback-agent-volatility_feedback-0",
    "action": "new",
    "side": "buy",
    "price": 65160.094999999994,
    "quantity": 0.02,
    "remaining_quantity": 0.02
  },
  {
    "event_id": "57164e0dbe5a51bd41d88592533497b101d61541b2b80c9d4cf7243bfb9ce3b5",
    "schema_version": "1.0.0",
    "event_type": "agent_order",
    "source": "synthetic_agent",
    "symbol": "BTCUSDT",
    "exchange": "binance_usdm",
    "timestamp": "2024-05-01T00:00:00.020000Z",
    "sequence": 1,
    "scenario_id": "scenario-095-volatility_feedback",
    "agent_id": "agent-volatility_feedback",
    "order_id": "scenario-095-volatility_feedback-agent-volatility_feedback-1",
    "action": "new",
    "side": "sell",
    "price": 65028.6031,
    "quantity": 0.03,
    "remaining_quantity": 0.03
  },
  {
    "event_id": "63fc44dd8838fa36b2157f37f23fa7e2246379aaa8637b47908e6b078e7c900d",
    "schema_version": "1.0.0",
    "event_type": "agent_order",
    "source": "synthetic_agent",
    "symbol": "BTCUSDT",
    "exchange": "binance_usdm",
    "timestamp": "2024-05-01T00:00:00.040000Z",
    "sequence": 2,
    "scenario_id": "scenario-095-volatility_feedback",
    "agent_id": "agent-volatility_feedback",
    "order_id": "scenario-095-volatility_feedback-agent-volatility_feedback-2",
    "action": "new",
    "side": "buy",
    "price": 65162.6988,
    "quantity": 0.04,
    "remaining_quantity": 0.04
  },
  {
    "event_id": "c3baf7c8c394aaa3c036edf75332d79c6e2c62e5015ff94f29216330821804bb",
    "schema_version": "1.0.0",
    "event_type": "agent_order",
    "source": "synthetic_agent",
    "symbol": "BTCUSDT",
    "exchange": "binance_usdm",
    "timestamp": "2024-05-01T00:00:00.060000Z",
    "sequence": 3,
    "scenario_id": "scenario-095-volatility_feedback",
    "agent_id": "agent-volatility_feedback",
    "order_id": "scenario-095-volatility_feedback-agent-volatility_feedback-3",
    "action": "new",
    "side": "sell",
    "price": 65025.9993,
    "quantity": 0.05,
    "remaining_quantity": 0.05
  },
  {
    "event_id": "2fe70201775066cffcd7f851c2167276c78d5e965d3e389e3fa26728c4025eb5",
    "schema_version": "1.0.0",
    "event_type": "agent_order",
    "source": "synthetic_agent",
    "symbol": "BTCUSDT",
    "exchange": "binance_usdm",
    "timestamp": "2024-05-01T00:00:00.080000Z",
    "sequence": 4,
    "scenario_id": "scenario-095-volatility_feedback",
    "agent_id": "agent-volatility_feedback",
    "order_id": "scenario-095-volatility_feedback-agent-volatility_feedback-4",
    "action": "new",
    "side": "buy",
    "price": 65165.302599999995,
    "quantity": 0.02,
    "remaining_quantity": 0.02
  },
  {
    "event_id": "d1c7f523176cb2f9ee83cba4335cbda0646f69883fbff9f5a93972d8a64e34aa",
    "schema_version": "1.0.0",
    "event_type": "agent_order",
    "source": "synthetic_agent",
    "symbol": "BTCUSDT",
    "exchange": "binance_usdm",
    "timestamp": "2024-05-01T00:00:00.100000Z",
    "sequence": 5,
    "scenario_id": "scenario-095-volatility_feedback",
    "agent_id": "agent-volatility_feedback",
    "order_id": "scenario-095-volatility_feedback-agent-volatility_feedback-5",
    "action": "new",
    "side": "sell",
    "price": 65023.3955,
    "quantity": 0.03,
    "remaining_quantity": 0.03
  },
  {
    "event_id": "6ea509b7161375a2864b9bc213e5a4e421adaa64f1df29764d33eb930904e4b0",
    "schema_version": "1.0.0",
    "event_type": "agent_order",
    "source": "synthetic_agent",
    "symbol": "BTCUSDT",
    "exchange": "binance_usdm",
    "timestamp": "2024-05-01T00:00:00.120000Z",
    "sequence": 6,
    "scenario_id": "scenario-095-volatility_feedback",
    "agent_id": "agent-volatility_feedback",
    "order_id": "scenario-095-volatility_feedback-agent-volatility_feedback-6",
    "action": "new",
    "side": "buy",
    "price": 65167.9064,
    "quantity": 0.04,
    "remaining_quantity": 0.04
  },
  {
    "event_id": "7dcfee2b27fa8cb7fe9f1b63f1b4ff432fdec12a1e77bbb24e36e4ea9fd6bc07",
    "schema_version": "1.0.0",
    "event_type": "agent_order",
    "source": "synthetic_agent",
    "symbol": "BTCUSDT",
    "exchange": "binance_usdm",
    "timestamp": "2024-05-01T00:00:00.140000Z",
    "sequence": 7,
    "scenario_id": "scenario-095-volatility_feedback",
    "agent_id": "agent-volatility_feedback",
    "order_id": "scenario-095-volatility_feedback-agent-volatility_feedback-7",
    "action": "new",
    "side": "sell",
    "price": 65020.7917,
    "quantity": 0.05,
    "remaining_quantity": 0.05
  },
  {
    "event_id": "6d85e731a9d66fa842e58b3bf989cd7542fdb9ab3434dd9aa2f9ccb18710b5a7",
    "schema_version": "1.0.0",
    "event_type": "agent_order",
    "source": "synthetic_agent",
    "symbol": "BTCUSDT",
    "exchange": "binance_usdm",
    "timestamp": "2024-05-01T00:00:00.160000Z",
    "sequence": 8,
    "scenario_id": "scenario-095-volatility_feedback",
    "agent_id": "agent-volatility_feedback",
    "order_id": "scenario-095-volatility_feedback-agent-volatility_feedback-8",
    "action": "new",
    "side": "buy",
    "price": 65170.510200000004,
    "quantity": 0.02,
    "remaining_quantity": 0.02
  },
  {
    "event_id": "f3ed072d6f4352f2a06d51179c1ff3e7a06d304f9f974ec56ced70b8b0c23340",
    "schema_version": "1.0.0",
    "event_type": "agent_order",
    "source": "synthetic_agent",
    "symbol": "BTCUSDT",
    "exchange": "binance_usdm",
    "timestamp": "2024-05-01T00:00:00.180000Z",
    "sequence": 9,
    "scenario_id": "scenario-095-volatility_feedback",
    "agent_id": "agent-volatility_feedback",
    "order_id": "scenario-095-volatility_feedback-agent-volatility_feedback-9",
    "action": "new",
    "side": "sell",
    "price": 65018.187900000004,
    "quantity": 0.03,
    "remaining_quantity": 0.03
  },
  {
    "event_id": "962642685d3b5ef565cc11609fcfc3be617256d58ab53007f08f6fd1ba98c83b",
    "schema_version": "1.0.0",
    "event_type": "agent_order",
    "source": "synthetic_agent",
    "symbol": "BTCUSDT",
    "exchange": "binance_usdm",
    "timestamp": "2024-05-01T00:00:00.200000Z",
    "sequence": 10,
    "scenario_id": "scenario-095-volatility_feedback",
    "agent_id": "agent-volatility_feedback",
    "order_id": "scenario-095-volatility_feedback-agent-volatility_feedback-10",
    "action": "new",
    "side": "buy",
    "price": 65173.11400000001,
    "quantity": 0.04,
    "remaining_quantity": 0.04
  },
  {
    "event_id": "d5e095db95ae7dd762d385fc623d2bb53ed29280f1cdf74d77ffd3c9f8d8aa18",
    "schema_version": "1.0.0",
    "event_type": "agent_order",
    "source": "synthetic_agent",
    "symbol": "BTCUSDT",
    "exchange": "binance_usdm",
    "timestamp": "2024-05-01T00:00:00.220000Z",
    "sequence": 11,
    "scenario_id": "scenario-095-volatility_feedback",
    "agent_id": "agent-volatility_feedback",
    "order_id": "scenario-095-volatility_feedback-agent-volatility_feedback-11",
    "action": "new",
    "side": "sell",
    "price": 65015.5841,
    "quantity": 0.05,
    "remaining_quantity": 0.05
  },
  {
    "event_id": "ed4445eff3b4cc22bf7454670b02460969bd930f029934990c1810b3c8b5c913",
    "schema_version": "1.0.0",
    "event_type": "agent_order",
    "source": "synthetic_agent",
    "symbol": "BTCUSDT",
    "exchange": "binance_usdm",
    "timestamp": "2024-05-01T00:00:00.240000Z",
    "sequence": 12,
    "scenario_id": "scenario-095-volatility_feedback",
    "agent_id": "agent-volatility_feedback",
    "order_id": "scenario-095-volatility_feedback-agent-volatility_feedback-12",
    "action": "new",
    "side": "buy",
    "price": 65175.71779999999,
    "quantity": 0.02,
    "remaining_quantity": 0.02
  },
  {
    "event_id": "f4e2efbb56583a5d659d4311742fc9e0c4ae9569902e8703fe72e6310a2e8cc2",
    "schema_version": "1.0.0",
    "event_type": "agent_order",
    "source": "synthetic_agent",
    "symbol": "BTCUSDT",
    "exchange": "binance_usdm",
    "timestamp": "2024-05-01T00:00:00.260000Z",
    "sequence": 13,
    "scenario_id": "scenario-095-volatility_feedback",
    "agent_id": "agent-volatility_feedback",
    "order_id": "scenario-095-volatility_feedback-agent-volatility_feedback-13",
    "action": "new",
    "side": "sell",
    "price": 65012.980299999996,
    "quantity": 0.03,
    "remaining_quantity": 0.03
  },
  {
    "event_id": "71570ea6efa987b9fd47ffbaf29cdd10a7a51d82a3e47032e4dea44092a8ddcc",
    "schema_version": "1.0.0",
    "event_type": "agent_order",
    "source": "synthetic_agent",
    "symbol": "BTCUSDT",
    "exchange": "binance_usdm",
    "timestamp": "2024-05-01T00:00:00.280000Z",
    "sequence": 14,
    "scenario_id": "scenario-095-volatility_feedback",
    "agent_id": "agent-volatility_feedback",
    "order_id": "scenario-095-volatility_feedback-agent-volatility_feedback-14",
    "action": "new",
    "side": "buy",
    "price": 65178.321599999996,
    "quantity": 0.04,
    "remaining_quantity": 0.04
  },
  {
    "event_id": "365ceae3a15bf47d443aeafbca894ed3930997fc8502b331ad16cd45e654501b",
    "schema_version": "1.0.0",
    "event_type": "agent_order",
    "source": "synthetic_agent",
    "symbol": "BTCUSDT",
    "exchange": "binance_usdm",
    "timestamp": "2024-05-01T00:00:00.300000Z",
    "sequence": 15,
    "scenario_id": "scenario-095-volatility_feedback",
    "agent_id": "agent-volatility_feedback",
    "order_id": "scenario-095-volatility_feedback-agent-volatility_feedback-15",
    "action": "new",
    "side": "sell",
    "price": 65010.3765,
    "quantity": 0.05,
    "remaining_quantity": 0.05
  },
  {
    "event_id": "1633557f073a96e0480474ba8d6fd671bb1cfe083233bc78afe56df9ee91aa33",
    "schema_version": "1.0.0",
    "event_type": "agent_order",
    "source": "synthetic_agent",
    "symbol": "BTCUSDT",
    "exchange": "binance_usdm",
    "timestamp": "2024-05-01T00:00:00.320000Z",
    "sequence": 16,
    "scenario_id": "scenario-095-volatility_feedback",
    "agent_id": "agent-volatility_feedback",
    "order_id": "scenario-095-volatility_feedback-agent-volatility_feedback-16",
    "action": "new",
    "side": "buy",
    "price": 65180.9254,
    "quantity": 0.02,
    "remaining_quantity": 0.02
  },
  {
    "event_id": "d6b62c2dae7e01e78cd3f698e6a6c972a6058a9ecc73637d4aad005a60e34eb5",
    "schema_version": "1.0.0",
    "event_type": "agent_order",
    "source": "synthetic_agent",
    "symbol": "BTCUSDT",
    "exchange": "binance_usdm",
    "timestamp": "2024-05-01T00:00:00.340000Z",
    "sequence": 17,
    "scenario_id": "scenario-095-volatility_feedback",
    "agent_id": "agent-volatility_feedback",
    "order_id": "scenario-095-volatility_feedback-agent-volatility_feedback-17",
    "action": "new",
    "side": "sell",
    "price": 65007.7727,
    "quantity": 0.03,
    "remaining_quantity": 0.03
  },
  {
    "event_id": "b1bacba2ce8e25a5a11715208b8c7948636f416a2da3ca3742bece7e6a87b5ad",
    "schema_version": "1.0.0",
    "event_type": "agent_order",
    "source": "synthetic_agent",
    "symbol": "BTCUSDT",
    "exchange": "binance_usdm",
    "timestamp": "2024-05-01T00:00:00.360000Z",
    "sequence": 18,
    "scenario_id": "scenario-095-volatility_feedback",
    "agent_id": "agent-volatility_feedback",
    "order_id": "scenario-095-volatility_feedback-agent-volatility_feedback-18",
    "action": "new",
    "side": "buy",
    "price": 65183.529200000004,
    "quantity": 0.04,
    "remaining_quantity": 0.04
  },
  {
    "event_id": "37517f9826a72d30387029ba7eb0a7b1b8ebd4a477dff67dc1dd2b3b264466bb",
    "schema_version": "1.0.0",
    "event_type": "agent_order",
    "source": "synthetic_agent",
    "symbol": "BTCUSDT",
    "exchange": "binance_usdm",
    "timestamp": "2024-05-01T00:00:00.380000Z",
    "sequence": 19,
    "scenario_id": "scenario-095-volatility_feedback",
    "agent_id": "agent-volatility_feedback",
    "order_id": "scenario-095-volatility_feedback-agent-volatility_feedback-19",
    "action": "new",
    "side": "sell",
    "price": 65005.1689,
    "quantity": 0.05,
    "remaining_quantity": 0.05
  },
  {
    "event_id": "50d0eb0dc2ab63e3b14394e89d0dc9bc85ccf06ad6c2798fba9426cea1927f14",
    "schema_version": "1.0.0",
    "event_type": "agent_order",
    "source": "synthetic_agent",
    "symbol": "BTCUSDT",
    "exchange": "binance_usdm",
    "timestamp": "2024-05-01T00:00:00.400000Z",
    "sequence": 20,
    "scenario_id": "scenario-095-volatility_feedback",
    "agent_id": "agent-volatility_feedback",
    "order_id": "scenario-095-volatility_feedback-agent-volatility_feedback-20",
    "action": "new",
    "side": "buy",
    "price": 65186.133,
    "quantity": 0.02,
    "remaining_quantity": 0.02
  },
  {
    "event_id": "ff9bd854314ad0356f56cc0b134bec58257bafd8e508d67294dd10e70f592bfe",
    "schema_version": "1.0.0",
    "event_type": "agent_order",
    "source": "synthetic_agent",
    "symbol": "BTCUSDT",
    "exchange": "binance_usdm",
    "timestamp": "2024-05-01T00:00:00.420000Z",
    "sequence": 21,
    "scenario_id": "scenario-095-volatility_feedback",
    "agent_id": "agent-volatility_feedback",
    "order_id": "scenario-095-volatility_feedback-agent-volatility_feedback-21",
    "action": "new",
    "side": "sell",
    "price": 65002.5651,
    "quantity": 0.03,
    "remaining_quantity": 0.03
  },
  {
    "event_id": "30d11c9aed552fa1a5249184b6e05b613dfe907789bb83a5091fe2f5e56224c0",
    "schema_version": "1.0.0",
    "event_type": "agent_order",
    "source": "synthetic_agent",
    "symbol": "BTCUSDT",
    "exchange": "binance_usdm",
    "timestamp": "2024-05-01T00:00:00.440000Z",
    "sequence": 22,
    "scenario_id": "scenario-095-volatility_feedback",
    "agent_id": "agent-volatility_feedback",
    "order_id": "scenario-095-volatility_feedback-agent-volatility_feedback-22",
    "action": "new",
    "side": "buy",
    "price": 65188.736800000006,
    "quantity": 0.04,
    "remaining_quantity": 0.04
  },
  {
    "event_id": "e075e271882a4467fd6f24ff906c021e32dddcc9d2da34d790fba0dff3a3ddba",
    "schema_version": "1.0.0",
    "event_type": "agent_order",
    "source": "synthetic_agent",
    "symbol": "BTCUSDT",
    "exchange": "binance_usdm",
    "timestamp": "2024-05-01T00:00:00.460000Z",
    "sequence": 23,
    "scenario_id": "scenario-095-volatility_feedback",
    "agent_id": "agent-volatility_feedback",
    "order_id": "scenario-095-volatility_feedback-agent-volatility_feedback-23",
    "action": "new",
    "side": "sell",
    "price": 64999.961299999995,
    "quantity": 0.05,
    "remaining_quantity": 0.05
  },
  {
    "event_id": "5c47514b4a3800d9604a6ecc33d89d7d8b7997eba2a14ea7ccd064c6a6b69ee4",
    "schema_version": "1.0.0",
    "event_type": "agent_order",
    "source": "synthetic_agent",
    "symbol": "BTCUSDT",
    "exchange": "binance_usdm",
    "timestamp": "2024-05-01T00:00:00.480000Z",
    "sequence": 24,
    "scenario_id": "scenario-095-volatility_feedback",
    "agent_id": "agent-volatility_feedback",
    "order_id": "scenario-095-volatility_feedback-agent-volatility_feedback-24",
    "action": "new",
    "side": "buy",
    "price": 65191.340599999996,
    "quantity": 0.02,
    "remaining_quantity": 0.02
  },
  {
    "event_id": "666387a9a198f727e91c36c3b3e6a4d3cdcc6f30791ce4a4bb3b614580001657",
    "schema_version": "1.0.0",
    "event_type": "agent_order",
    "source": "synthetic_agent",
    "symbol": "BTCUSDT",
    "exchange": "binance_usdm",
    "timestamp": "2024-05-01T00:00:00.500000Z",
    "sequence": 25,
    "scenario_id": "scenario-095-volatility_feedback",
    "agent_id": "agent-volatility_feedback",
    "order_id": "scenario-095-volatility_feedback-agent-volatility_feedback-25",
    "action": "new",
    "side": "sell",
    "price": 64997.357500000006,
    "quantity": 0.03,
    "remaining_quantity": 0.03
  },
  {
    "event_id": "939302e6820655ae58a628a26c3878487783d3183026c41c81d9572f611567ca",
    "schema_version": "1.0.0",
    "event_type": "agent_order",
    "source": "synthetic_agent",
    "symbol": "BTCUSDT",
    "exchange": "binance_usdm",
    "timestamp": "2024-05-01T00:00:00.520000Z",
    "sequence": 26,
    "scenario_id": "scenario-095-volatility_feedback",
    "agent_id": "agent-volatility_feedback",
    "order_id": "scenario-095-volatility_feedback-agent-volatility_feedback-26",
    "action": "new",
    "side": "buy",
    "price": 65193.9444,
    "quantity": 0.04,
    "remaining_quantity": 0.04
  },
  {
    "event_id": "b7b20c4d9b3860c49f6c9317363f6ee51d636a90afa239d6e830631e36058024",
    "schema_version": "1.0.0",
    "event_type": "agent_order",
    "source": "synthetic_agent",
    "symbol": "BTCUSDT",
    "exchange": "binance_usdm",
    "timestamp": "2024-05-01T00:00:00.540000Z",
    "sequence": 27,
    "scenario_id": "scenario-095-volatility_feedback",
    "agent_id": "agent-volatility_feedback",
    "order_id": "scenario-095-volatility_feedback-agent-volatility_feedback-27",
    "action": "new",
    "side": "sell",
    "price": 64994.7537,
    "quantity": 0.05,
    "remaining_quantity": 0.05
  },
  {
    "event_id": "bb1e5fa0e6949df65bbf138e5db28f3f8d7ce20cedd60603c4544486e2b161a2",
    "schema_version": "1.0.0",
    "event_type": "agent_order",
    "source": "synthetic_agent",
    "symbol": "BTCUSDT",
    "exchange": "binance_usdm",
    "timestamp": "2024-05-01T00:00:00.560000Z",
    "sequence": 28,
    "scenario_id": "scenario-095-volatility_feedback",
    "agent_id": "agent-volatility_feedback",
    "order_id": "scenario-095-volatility_feedback-agent-volatility_feedback-28",
    "action": "new",
    "side": "buy",
    "price": 65196.5482,
    "quantity": 0.02,
    "remaining_quantity": 0.02
  },
  {
    "event_id": "01db052dbe965b594e132984ee27e1d0fc8f450afc7b4b097e745ec80a091142",
    "schema_version": "1.0.0",
    "event_type": "agent_order",
    "source": "synthetic_agent",
    "symbol": "BTCUSDT",
    "exchange": "binance_usdm",
    "timestamp": "2024-05-01T00:00:00.580000Z",
    "sequence": 29,
    "scenario_id": "scenario-095-volatility_feedback",
    "agent_id": "agent-volatility_feedback",
    "order_id": "scenario-095-volatility_feedback-agent-volatility_feedback-29",
    "action": "new",
    "side": "sell",
    "price": 64992.1499,
    "quantity": 0.03,
    "remaining_quantity": 0.03
  }
]