[
  {
    "event_id": "2510cc2c90bc6b98adea53205a19fa94e73405fb8cca26755bfa74c1fd10d00f",
    "schema_version": "1.0.0",
    "event_type": "agent_order",
    "source": "synthetic_agent",
    "symbol": "BTCUSDT",
    "exchange": "binance_usdm",
    "timestamp": "2024-05-01T00:00:00Z",
    "sequence": 0,
    "scenario_id": "scenario-329-momentum_ignition",
    "agent_id": "agent-momentum_ignition",
    "order_id": "scenario-329-momentum_ignition-agent-momentum_ignition-0",
    "action": "new",
    "side": "buy",
    "price": 65394.32899999999,
    "quantity": 0.08,
    "remaining_quantity": 0.08
  },
  {
    "event_id": "cc8c96a800da17867d9cd6389e84b02161c888ee3862efff47adc7b23a226870",
    "schema_version": "1.0.0",
    "event_type": "agent_order",
    "source": "synthetic_agent",
    "symbol": "BTCUSDT",
    "exchange": "binance_usdm",
    "timestamp": "2024-05-01T00:00:00.080000Z",
    "sequence": 1,
    "scenario_id": "scenario-329-momentum_ignition",
    "agent_id": "agent-momentum_ignition",
    "order_id": "scenario-329-momentum_ignition-agent-momentum_ignition-1",
    "action": "new",
    "side": "buy",
    "price": 65395.63557999999,
    "quantity": 0.08,
    "remaining_quantity": 0.08
  },
  {
    "event_id": "f2f7cfa447cddeb0aa8b77148604afc679cd2c2292f96834d5067a3f29abe339",
    "schema_version": "1.0.0",
    "event_type": "agent_order",
    "source": "synthetic_agent",
    "symbol": "BTCUSDT",
    "exchange": "binance_usdm",
    "timestamp": "2024-05-01T00:00:00.160000Z",
    "sequence": 2,
    "scenario_id": "scenario-329-momentum_ignition",
    "agent_id": "agent-momentum_ignition",
    "order_id": "scenario-329-momentum_ignition-agent-momentum_ignition-2",
    "action": "new",
    "side": "buy",
    "price": 65396.94216,
    "quantity": 0.08,
    "remaining_quantity": 0.08
  },
  {
    "event_id": "0ea465d1ae8e0015cffed4d91491f35a736261ad0bf4d394c70363ceb6787549",
    "schema_version": "1.0.0",
    "event_type": "agent_order",
    "source": "synthetic_agent",
    "symbol": "BTCUSDT",
    "exchange": "binance_usdm",
    "timestamp": "2024-05-01T00:00:00.240000Z",
    "sequence": 3,
    "scenario_id": "scenario-329-momentum_ignition",
    "agent_id": "agent-momentum_ignition",
    "order_id": "scenario-329-momentum_ignition-agent-momentum_ignition-3",
    "action": "new",
    "side": "buy",
    "price": 65398.24873999999,
    "quantity": 0.08,
    "remaining_quantity": 0.08
  },
  {
    "event_id": "7e991180ddb1e63f05721ad2400c08a3a663a5abec0456dacb7a954a0e15e529",
    "schema_version": "1.0.0",
    "event_type": "agent_order",
    "source": "synthetic_agent",
    "symbol": "BTCUSDT",
    "exchange": "binance_usdm",
    "timestamp": "2024-05-01T00:00:00.320000Z",
    "sequence": 4,
    "scenario_id": "scenario-329-momentum_ignition",
    "agent_id": "agent-momentum_ignition",
    "order_id": "scenario-329-momentum_ignition-agent-momentum_ignition-4",
    "action": "new",
    "side": "buy",
    "price": 65399.55532,
    "quantity": 0.08,
    "remaining_quantity": 0.08
  },
  {
    "event_id": "0d8a07093e34c7d794c277fc3a251c20070181e8b8a6c5acbf7b81d366eaf272",
    "schema_version": "1.0.0",
    "event_type": "agent_order",
    "source": "synthetic_agent",
    "symbol": "BTCUSDT",
    "exchange": "binance_usdm",
    "timestamp": "2024-05-01T00:00:00.400000Z",
    "sequence": 5,
    "scenario_id": "scenario-329-momentum_ignition",
    "agent_id": "agent-momentum_ignition",
    "order_id": "scenario-329-momentum_ignition-agent-momentum_ignition-5",
    "action": "new",
    "side": "buy",
    "price": 65400.86189999999,
    "quantity": 0.08,
    "remaining_quantity": 0.08
  },
  {
    "event_id": "b66c667a6ee9946286eafd0080e067efcbf204668178da0fb2c42ca597328df6",
    "schema_version": "1.0.0",
    "event_type": "agent_order",
    "source": "synthetic_agent",
    "symbol": "BTCUSDT",
    "exchange": "binance_usdm",
    "timestamp": "2024-05-01T00:00:00.480000Z",
    "sequence": 6,
    "scenario_id": "scenario-329-momentum_ignition",
    "agent_id": "agent-momentum_ignition",
    "order_id": "scenario-329-momentum_ignition-agent-momentum_ignition-6",
    "action": "new",
    "side": "buy",
    "price": 65402.168479999986,
    "quantity": 0.08,
    "remaining_quantity": 0.08
  },
  {
    "event_id": "77b17407bb82214f6f82ab54225b4d6fd0375894551880d50afa2382c922a3fc",
    "schema_version": "1.0.0",
    "event_type": "agent_order",
    "source": "synthetic_agent",
    "symbol": "BTCUSDT",
    "exchange": "binance_usdm",
    "timestamp": "2024-05-01T00:00:00.560000Z",
    "sequence": 7,
    "scenario_id": "scenario-329-momentum_ignition",
    "agent_id": "agent-momentum_ignition",
    "order_id": "scenario-329-momentum_ignition-agent-momentum_ignition-7",
    "action": "new",
    "side": "buy",
    "price": 65403.47506,
    "quantity": 0.08,
    "remaining_quantity": 0.08
  },
  {
    "event_id": "c28571c591641c12b099e6dbce9dac2b0d6f117678e82fc0cbf17263c2a7568a",
    "schema_version": "1.0.0",
    "event_type": "agent_order",
    "source": "synthetic_agent",
    "symbol": "BTCUSDT",
    "exchange": "binance_usdm",
    "timestamp": "2024-05-01T00:00:00.640000Z",
    "sequence": 8,
    "scenario_id": "scenario-329-momentum_ignition",
    "agent_id": "agent-momentum_ignition",
    "order_id": "scenario-329-momentum_ignition-agent-momentum_ignition-8",
    "action": "new",
    "side": "buy",
    "price": 65404.78163999999,
    "quantity": 0.08,
    "remaining_quantity": 0.08
  },
  {
    "event_id": "c1c521153bcf5e1bf4cb1ccc0460eeb830b8f1170f642ed3ec8b5889b039b5d8",
    "schema_version": "1.0.0",
    "event_type": "agent_order",
    "source": "synthetic_agent",
    "symbol": "BTCUSDT",
    "exchange": "binance_usdm",
    "timestamp": "2024-05-01T00:00:00.720000Z",
    "sequence": 9,
    "scenario_id": "scenario-329-momentum_ignition",
    "agent_id": "agent-momentum_ignition",
    "order_id": "scenario-329-momentum_ignition-agent-momentum_ignition-9",
    "action": "new",
    "side": "buy",
    "price": 65406.08822,
    "quantity": 0.08,
    "remaining_quantity": 0.08
  },
  {
    "event_id": "23bf311cd1a1d5b49006e4c0a9eae8ecc58fcbdfea81c9ecb436fb7b32d7aae3",
    "schema_version": "1.0.0",
    "event_type": "agent_order",
    "source": "synthetic_agent",
    "symbol": "BTCUSDT",
    "exchange": "binance_usdm",
    "timestamp": "2024-05-01T00:00:00.800000Z",
    "sequence": 10,
    "scenario_id": "scenario-329-momentum_ignition",
    "agent_id": "agent-momentum_ignition",
    "order_id": "scenario-329-momentum_ignition-agent-momentum_ignition-10",
    "action": "new",
    "side": "buy",
    "price": 65407.394799999995,
    "quantity": 0.08,
    "remaining_quantity": 0.08
  },
  {
    "event_id": "f57dc88301cf222d277032f6fcf5fdb4a2805613e08d3c8ee0da1b1873ca8487",
    "schema_version": "1.0.0",
    "event_type": "agent_order",
    "source": "synthetic_agent",
    "symbol": "BTCUSDT",
    "exchange": "binance_usdm",
    "timestamp": "2024-05-01T00:00:00.880000Z",
    "sequence": 11,
    "scenario_id": "scenario-329-momentum_ignition",
    "agent_id": "agent-momentum_ignition",
    "order_id": "scenario-329-momentum_ignition-agent-momentum_ignition-11",
    "action": "new",
    "side": "buy",
    "price": 65408.70138,
    "quantity": 0.08,
    "remaining_quantity": 0.08
  },
  {
    "event_id": "2cda56fe88b421659528abd75f65510b2ef28d34da15801ad5df81e348bb8d4c",
    "schema_version": "1.0.0",
    "event_type": "agent_order",
    "source": "synthetic_agent",
    "symbol": "BTCUSDT",
    "exchange": "binance_usdm",
    "timestamp": "2024-05-01T00:00:00.960000Z",
    "sequence": 12,
    "scenario_id": "scenario-329-momentum_ignition",
    "agent_id": "agent-momentum_ignition",
    "order_id": "scenario-329-momentum_ignition-agent-momentum_ignition-12",
    "action": "new",
    "side": "buy",
    "price": 65410.007959999995,
    "quantity": 0.08,
    "remaining_quantity": 0.08
  },
  {
    "event_id": "5e86f7bec157aa90984c8a6ba38167af1a3e9bb5ff85c0d64d6dcb2ca774e525",
    "schema_version": "1.0.0",
    "event_type": "agent_order",
    "source": "synthetic_agent",
    "symbol": "BTCUSDT",
    "exchange": "binance_usdm",
    "timestamp": "2024-05-01T00:00:01.040000Z",
    "sequence": 13,
    "scenario_id": "scenario-329-momentum_ignition",
    "agent_id": "agent-momentum_ignition",
    "order_id": "scenario-329-momentum_ignition-agent-momentum_ignition-13",
    "action": "new",
    "side": "buy",
    "price": 65411.314539999985,
    "quantity": 0.08,
    "remaining_quantity": 0.08
  },
  {
    "event_id": "7b030c138add3429f93a12a69acd6db9a1732494d8cbf0fb3d776d725a2b7a6a",
    "schema_version": "1.0.0",
    "event_type": "agent_order",
    "source": "synthetic_agent",
    "symbol": "BTCUSDT",
    "exchange": "binance_usdm",
    "timestamp": "2024-05-01T00:00:01.120000Z",
    "sequence": 14,
    "scenario_id": "scenario-329-momentum_ignition",
    "agent_id": "agent-momentum_ignition",
    "order_id": "scenario-329-momentum_ignition-agent-momentum_ignition-14",
    "action": "new",
    "side": "buy",
    "price": 65412.621119999996,
    "quantity": 0.08,
    "remaining_quantity": 0.08
  },
  {
    "event_id": "9a0c3cfed3a6b1718b0c2e5407eff96a99ae9b2ea061fe297c5aff70522280c8",
    "schema_version": "1.0.0",
    "event_type": "agent_order",
    "source": "synthetic_agent",
    "symbol": "BTCUSDT",
    "exchange": "binance_usdm",
    "timestamp": "2024-05-01T00:00:01.200000Z",
    "sequence": 15,
    "scenario_id": "scenario-329-momentum_ignition",
    "agent_id": "agent-momentum_ignition",
    "order_id": "scenario-329-momentum_ignition-agent-momentum_ignition-15",
    "action": "new",
    "side": "buy",
    "price": 65413.92769999999,
    "quantity": 0.08,
    "remaining_quantity": 0.08
  },
  {
    "event_id": "ad8e9ab7affd397fc4e1112a36c65833e94b1e7ddde7f7b53c52c422718d19a2",
    "schema_version": "1.0.0",
    "event_type": "agent_order",
    "source": "synthetic_agent",
    "symbol": "BTCUSDT",
    "exchange": "binance_usdm",
    "timestamp": "2024-05-01T00:00:01.280000Z",
    "sequence": 16,
    "scenario_id": "scenario-329-momentum_ignition",
    "agent_id": "agent-momentum_ignition",
    "order_id": "scenario-329-momentum_ignition-agent-momentum_ignition-16",
    "action": "new",
    "side": "buy",
    "price": 65415.23428,
    "quantity": 0.08,
    "remaining_quantity": 0.08
  },
  {
    "event_id": "e42791a5c05c606159441c68b7b5e3a857bf7a9f96bb5c9117e6861647615410",
    "schema_version": "1.0.0",
    "event_type": "agent_order",
    "source": "synthetic_agent",
    "symbol": "BTCUSDT",
    "exchange": "binance_usdm",
    "timestamp": "2024-05-01T00:00:01.360000Z",
    "sequence": 17,
    "scenario_id": "scenario-329-momentum_ignition",
    "agent_id": "agent-momentum_ignition",
    "order_id": "scenario-329-momentum_ignition-agent-momentum_ignition-17",
    "action": "new",
    "side": "buy",
    "price": 65416.540859999994,
    "quantity": 0.08,
    "remaining_quantity": 0.08
  },
  {
    "event_id": "22f663523054f88fc473e1c88d2bafb2b0ec2cc379f93fe53ef27e5235587470",
    "schema_version": "1.0.0",
    "event_type": "agent_order",
    "source": "synthetic_agent",
    "symbol": "BTCUSDT",
    "exchange": "binance_usdm",
    "timestamp": "2024-05-01T00:00:01.440000Z",
    "sequence": 18,
    "scenario_id": "scenario-329-momentum_ignition",
    "agent_id": "agent-momentum_ignition",
    "order_id": "scenario-329-momentum_ignition-agent-momentum_ignition-18",
    "action": "new",
    "side": "buy",
    "price": 65417.84743999999,
    "quantity": 0.08,
    "remaining_quantity": 0.08
  },
  {
    "event_id": "9c8896db8473a7b5e5edba3a7c7bb9075b9c94f14a8afeda2493b49b44b2f001",
    "schema_version": "1.0.0",
    "event_type": "agent_order",
    "source": "synthetic_agent",
    "symbol": "BTCUSDT",
    "exchange": "binance_usdm",
    "timestamp": "2024-05-01T00:00:01.520000Z",
    "sequence": 19,
    "scenario_id": "scenario-329-momentum_ignition",
    "agent_id": "agent-momentum_ignition",
    "order_id": "scenario-329-momentum_ignition-agent-momentum_ignition-19",
    "action": "new",
    "side": "buy",
    "price": 65419.154019999994,
    "quantity": 0.08,
    "remaining_quantity": 0.08
  },
  {
    "event_id": "9be29343fff740a45ad577028a3b4bc440768d1a2a55e031f2fab68d2fc3777b",
    "schema_version": "1.0.0",
    "event_type": "agent_order",
    "source": "synthetic_agent",
    "symbol": "BTCUSDT",
    "exchange": "binance_usdm",
    "timestamp": "2024-05-01T00:00:01.600000Z",
    "sequence": 20,
    "scenario_id": "scenario-329-momentum_ignition",
    "agent_id": "agent-momentum_ignition",
    "order_id": "scenario-329-momentum_ignition-agent-momentum_ignition-20",
    "action": "new",
    "side": "buy",
    "price": 65420.46059999999,
    "quantity": 0.08,
    "remaining_quantity": 0.08
  },
  {
    "event_id": "59567fb9d51f7d2167a69cb1f1697dac0f10a10c8806f4cbd50dfba34882f70b",
    "schema_version": "1.0.0",
    "event_type": "agent_order",
    "source": "synthetic_agent",
    "symbol": "BTCUSDT",
    "exchange": "binance_usdm",
    "timestamp": "2024-05-01T00:00:01.680000Z",
    "sequence": 21,
    "scenario_id": "scenario-329-momentum_ignition",
    "agent_id": "agent-momentum_ignition",
    "order_id": "scenario-329-momentum_ignition-agent-momentum_ignition-21",
    "action": "new",
    "side": "buy",
    "price": 65421.767179999995,
    "quantity": 0.08,
    "remaining_quantity": 0.08
  },
  {
    "event_id": "24318711a38bb5b2424eb1964d816dbdb75be3aed9985b02e111c436f7d98908",
    "schema_version": "1.0.0",
    "event_type": "agent_order",
    "source": "synthetic_agent",
    "symbol": "BTCUSDT",
    "exchange": "binance_usdm",
    "timestamp": "2024-05-01T00:00:01.760000Z",
    "sequence": 22,
    "scenario_id": "scenario-329-momentum_ignition",
    "agent_id": "agent-momentum_ignition",
    "order_id": "scenario-329-momentum_ignition-agent-momentum_ignition-22",
    "action": "new",
    "side": "buy",
    "price": 65423.07375999999,
    "quantity": 0.08,
    "remaining_quantity": 0.08
  },
  {
    "event_id": "4b895fb0da6e28b0e7c2f804e9ad122b09844e427b81ea12b610c50211ff0879",
    "schema_version": "1.0.0",
    "event_type": "agent_order",
    "source": "synthetic_agent",
    "symbol": "BTCUSDT",
    "exchange": "binance_usdm",
    "timestamp": "2024-05-01T00:00:01.840000Z",
    "sequence": 23,
    "scenario_id": "scenario-329-momentum_ignition",
    "agent_id": "agent-momentum_ignition",
    "order_id": "scenario-329-momentum_ignition-agent-momentum_ignition-23",
    "action": "new",
    "side": "buy",
    "price": 65424.38033999999,
    "quantity": 0.08,
    "remaining_quantity": 0.08
  },
  {
    "event_id": "340cd1e8d50afc32a1c489b24b915ae8ac77e38a856c7863794e86135d8001a3",
    "schema_version": "1.0.0",
    "event_type": "agent_order",
    "source": "synthetic_agent",
    "symbol": "BTCUSDT",
    "exchange": "binance_usdm",
    "timestamp": "2024-05-01T00:00:01.920000Z",
    "sequence": 24,
    "scenario_id": "scenario-329-momentum_ignition",
    "agent_id": "agent-momentum_ignition",
    "order_id": "scenario-329-momentum_ignition-agent-momentum_ignition-24",
    "action": "new",
    "side": "buy",
    "price": 65425.68691999999,
    "quantity": 0.08,
    "remaining_quantity": 0.08
  },
  {
    "event_id": "ee3d06419a09f8e6573b958e74350bbdbc50ba28d686717bd4ae0dd3969d4d86",
    "schema_version": "1.0.0",
    "event_type": "agent_order",
    "source": "synthetic_agent",
    "symbol": "BTCUSDT",
    "exchange": "binance_usdm",
    "timestamp": "2024-05-01T00:00:02Z",
    "sequence": 25,
    "scenario_id": "scenario-329-momentum_ignition",
    "agent_id": "agent-momentum_ignition",
    "order_id": "scenario-329-momentum_ignition-agent-momentum_ignition-25",
    "action": "new",
    "side": "buy",
    "price": 65426.99349999999,
    "quantity": 0.08,
    "remaining_quantity": 0.08
  },
  {
    "event_id": "a73e087f3225def162f6bbd89ca868cee82df0988204916abee52b3f8fd2af25",
    "schema_version": "1.0.0",
    "event_type": "agent_order",
    "source": "synthetic_agent",
    "symbol": "BTCUSDT",
    "exchange": "binance_usdm",
    "timestamp": "2024-05-01T00:00:02.080000Z",
    "sequence": 26,
    "scenario_id": "scenario-329-momentum_ignition",
    "agent_id": "agent-momentum_ignition",
    "order_id": "scenario-329-momentum_ignition-agent-momentum_ignition-26",
    "action": "new",
    "side": "buy",
    "price": 65428.30008,
    "quantity": 0.08,
    "remaining_quantity": 0.08
  },
  {
    "event_id": "2822a92994535e3208fd56941350b42ea4bea6029451362827028c603195420a",
    "schema_version": "1.0.0",
    "event_type": "agent_order",
    "source": "synthetic_agent",
    "symbol": "BTCUSDT",
    "exchange": "binance_usdm",
    "timestamp": "2024-05-01T00:00:02.160000Z",
    "sequence": 27,
    "scenario_id": "scenario-329-momentum_ignition",
    "agent_id": "agent-momentum_ignition",
    "order_id": "scenario-329-momentum_ignition-agent-momentum_ignition-27",
    "action": "new",
    "side": "buy",
    "price": 65429.60665999999,
    "quantity": 0.08,
    "remaining_quantity": 0.08
  },
  {
    "event_id": "6117398a349e94fd9be427134b100b5deb7b4b3e072f9156ca4a88decd338bf5",
    "schema_version": "1.0.0",
    "event_type": "agent_order",
    "source": "synthetic_agent",
    "symbol": "BTCUSDT",
    "exchange": "binance_usdm",
    "timestamp": "2024-05-01T00:00:02.240000Z",
    "sequence": 28,
    "scenario_id": "scenario-329-momentum_ignition",
    "agent_id": "agent-momentum_ignition",
    "order_id": "scenario-329-momentum_ignition-agent-momentum_ignition-28",
    "action": "new",
    "side": "buy",
    "price": 65430.91323999999,
    "quantity": 0.08,
    "remaining_quantity": 0.08
  },
  {
    "event_id": "3d3f8178d7f8bb81d14b6729fa2c6c5c1d1e81f44f601e04a3ebbd5d063d1e38",
    "schema_version": "1.0.0",
    "event_type": "agent_order",
    "source": "synthetic_agent",
    "symbol": "BTCUSDT",
    "exchange": "binance_usdm",
    "timestamp": "2024-05-01T00:00:02.320000Z",
    "sequence": 29,
    "scenario_id": "scenario-329-momentum_ignition",
    "agent_id": "agent-momentum_ignition",
    "order_id": "scenario-329-momentum_ignition-agent-momentum_ignition-29",
    "action": "new",
    "side": "buy",
    "price": 65432.21981999999,
    "quantity": 0.08,
    "remaining_quantity": 0.08
  }
]