[
  {
    "event_id": "acf3966500f8cc1b79d6ccfc160e0230c4c9f0ffb8d10a0c77609096b1c9508e",
    "schema_version": "1.0.0",
    "event_type": "agent_order",
    "source": "synthetic_agent",
    "symbol": "BTCUSDT",
    "exchange": "binance_usdm",
    "timestamp": "2024-05-01T00:00:00Z",
    "sequence": 0,
    "scenario_id": "scenario-384-passive_market_maker",
    "agent_id": "agent-passive_market_maker",
    "order_id": "scenario-384-passive_market_maker-agent-passive_market_maker-0",
    "action": "new",
    "side": "buy",
    "price": 65318.616,
    "quantity": 0.01,
    "remaining_quantity": 0.01
  },
  {
    "event_id": "f63e576fe53d0563381f478a88267b19553522e89aa730d3af08058bb0093bd8",
    "schema_version": "1.0.0",
    "event_type": "agent_order",
    "source": "synthetic_agent",
    "symbol": "BTCUSDT",
    "exchange": "binance_usdm",
    "timestamp": "2024-05-01T00:00:00.100000Z",
    "sequence": 1,
    "scenario_id": "scenario-384-passive_market_maker",
    "agent_id": "agent-passive_market_maker",
    "order_id": "scenario-384-passive_market_maker-agent-passive_market_maker-1",
    "action": "new",
    "side": "sell",
    "price": 65449.38399999999,
    "quantity": 0.01,
    "remaining_quantity": 0.01
  },
  {
    "event_id": "06665a1ed57937f4b677ad2dd886c5c5a718629dc3e5feb4c04ccc2775c891cb",
    "schema_version": "1.0.0",
    "event_type": "agent_order",
    "source": "synthetic_agent",
    "symbol": "BTCUSDT",
    "exchange": "binance_usdm",
    "timestamp": "2024-05-01T00:00:00.200000Z",
    "sequence": 2,
    "scenario_id": "scenario-384-passive_market_maker",
    "agent_id": "agent-passive_market_maker",
    "order_id": "scenario-384-passive_market_maker-agent-passive_market_maker-2",
    "action": "new",
    "side": "buy",
    "price": 65318.616,
    "quantity": 0.01,
    "remaining_quantity": 0.01
  },
  {
    "event_id": "e61c1bffe9417e11aec86df9269c9efb949c98a2ae62114543db1c6c6c690959",
    "schema_version": "1.0.0",
    "event_type": "agent_order",
    "source": "synthetic_agent",
    "symbol": "BTCUSDT",
    "exchange": "binance_usdm",
    "timestamp": "2024-05-01T00:00:00.300000Z",
    "sequence": 3,
    "scenario_id": "scenario-384-passive_market_maker",
    "agent_id": "agent-passive_market_maker",
    "order_id": "scenario-384-passive_market_maker-agent-passive_market_maker-3",
    "action": "new",
    "side": "sell",
    "price": 65449.38399999999,
    "quantity": 0.01,
    "remaining_quantity": 0.01
  },
  {
    "event_id": "a3990ef61ad2dfe90bf124da11f5915cb5e8fb2ff907a1eb65ac47e63cbd0035",
    "schema_version": "1.0.0",
    "event_type": "agent_order",
    "source": "synthetic_agent",
    "symbol": "BTCUSDT",
    "exchange": "binance_usdm",
    "timestamp": "2024-05-01T00:00:00.400000Z",
    "sequence": 4,
    "scenario_id": "scenario-384-passive_market_maker",
    "agent_id": "agent-passive_market_maker",
    "order_id": "scenario-384-passive_market_maker-agent-passive_market_maker-4",
    "action": "new",
    "side": "buy",
    "price": 65318.616,
    "quantity": 0.01,
    "remaining_quantity": 0.01
  },
  {
    "event_id": "8e1d46a9f22a40bb8a05f837b23e6a3df66e5976c9373ae32c9700fe912020c3",
    "schema_version": "1.0.0",
    "event_type": "agent_order",
    "source": "synthetic_agent",
    "symbol": "BTCUSDT",
    "exchange": "binance_usdm",
    "timestamp": "2024-05-01T00:00:00.500000Z",
    "sequence": 5,
    "scenario_id": "scenario-384-passive_market_maker",
    "agent_id": "agent-passive_market_maker",
    "order_id": "scenario-384-passive_market_maker-agent-passive_market_maker-5",
    "action": "new",
    "side": "sell",
    "price": 65449.38399999999,
    "quantity": 0.01,
    "remaining_quantity": 0.01
  },
  {
    "event_id": "a77b6c7a495b8056b9c4867ad3cfea93d12bd0a496d046f9807f420ffe40ffc5",
    "schema_version": "1.0.0",
    "event_type": "agent_order",
    "source": "synthetic_agent",
    "symbol": "BTCUSDT",
    "exchange": "binance_usdm",
    "timestamp": "2024-05-01T00:00:00.600000Z",
    "sequence": 6,
    "scenario_id": "scenario-384-passive_market_maker",
    "agent_id": "agent-passive_market_maker",
    "order_id": "scenario-384-passive_market_maker-agent-passive_market_maker-6",
    "action": "new",
    "side": "buy",
    "price": 65318.616,
    "quantity": 0.01,
    "remaining_quantity": 0.01
  },
  {
    "event_id": "2445a7f6a152611f371b5bfd30260d8f85058eaa17fdcf2ea9c5bb7913541406",
    "schema_version": "1.0.0",
    "event_type": "agent_order",
    "source": "synthetic_agent",
    "symbol": "BTCUSDT",
    "exchange": "binance_usdm",
    "timestamp": "2024-05-01T00:00:00.700000Z",
    "sequence": 7,
    "scenario_id": "scenario-384-passive_market_maker",
    "agent_id": "agent-passive_market_maker",
    "order_id": "scenario-384-passive_market_maker-agent-passive_market_maker-7",
    "action": "new",
    "side": "sell",
    "price": 65449.38399999999,
    "quantity": 0.01,
    "remaining_quantity": 0.01
  },
  {
    "event_id": "ad25707313e899f1546e7dddc0e443fb3092abcc0aff49b77a5497e2aa4a82ff",
    "schema_version": "1.0.0",
    "event_type": "agent_order",
    "source": "synthetic_agent",
    "symbol": "BTCUSDT",
    "exchange": "binance_usdm",
    "timestamp": "2024-05-01T00:00:00.800000Z",
    "sequence": 8,
    "scenario_id": "scenario-384-passive_market_maker",
    "agent_id": "agent-passive_market_maker",
    "order_id": "scenario-384-passive_market_maker-agent-passive_market_maker-8",
    "action": "new",
    "side": "buy",
    "price": 65318.616,
    "quantity": 0.01,
    "remaining_quantity": 0.01
  },
  {
    "event_id": "1eea6b605b20d363ec2a701a4b611b45e92c9da19e2489dfb833cd60447afb6a",
    "schema_version": "1.0.0",
    "event_type": "agent_order",
    "source": "synthetic_agent",
    "symbol": "BTCUSDT",
    "exchange": "binance_usdm",
    "timestamp": "2024-05-01T00:00:00.900000Z",
    "sequence": 9,
    "scenario_id": "scenario-384-passive_market_maker",
    "agent_id": "agent-passive_market_maker",
    "order_id": "scenario-384-passive_market_maker-agent-passive_market_maker-9",
    "action": "new",
    "side": "sell",
    "price": 65449.38399999999,
    "quantity": 0.01,
    "remaining_quantity": 0.01
  },
  {
    "event_id": "843742e7232e387f82e9aa41ef805eb47565582daa0284d0f03d27caf59ad0bb",
    "schema_version": "1.0.0",
    "event_type": "agent_order",
    "source": "synthetic_agent",
    "symbol": "BTCUSDT",
    "exchange": "binance_usdm",
    "timestamp": "2024-05-01T00:00:01Z",
    "sequence": 10,
    "scenario_id": "scenario-384-passive_market_maker",
    "agent_id": "agent-passive_market_maker",
    "order_id": "scenario-384-passive_market_maker-agent-passive_market_maker-10",
    "action": "new",
    "side": "buy",
    "price": 65318.616,
    "quantity": 0.01,
    "remaining_quantity": 0.01
  },
  {
    "event_id": "70e3b95fa70e0c095c9b42e22c3f9f8ce89b20cbb0af918731b67efc69cb1d55",
    "schema_version": "1.0.0",
    "event_type": "agent_order",
    "source": "synthetic_agent",
    "symbol": "BTCUSDT",
    "exchange": "binance_usdm",
    "timestamp": "2024-05-01T00:00:01.100000Z",
    "sequence": 11,
    "scenario_id": "scenario-384-passive_market_maker",
    "agent_id": "agent-passive_market_maker",
    "order_id": "scenario-384-passive_market_maker-agent-passive_market_maker-11",
    "action": "new",
    "side": "sell",
    "price": 65449.38399999999,
    "quantity": 0.01,
    "remaining_quantity": 0.01
  },
  {
    "event_id": "f9df3cdba0b21fb48d8a14bd293c8a8f9271d49636f42c5f82e45c371848520a",
    "schema_version": "1.0.0",
    "event_type": "agent_order",
    "source": "synthetic_agent",
    "symbol": "BTCUSDT",
    "exchange": "binance_usdm",
    "timestamp": "2024-05-01T00:00:01.200000Z",
    "sequence": 12,
    "scenario_id": "scenario-384-passive_market_maker",
    "agent_id": "agent-passive_market_maker",
    "order_id": "scenario-384-passive_market_maker-agent-passive_market_maker-12",
    "action": "new",
    "side": "buy",
    "price": 65318.616,
    "quantity": 0.01,
    "remaining_quantity": 0.01
  },
  {
    "event_id": "466d16eda865e604a2750cf1310353828b8c8afc05cad2f2da1640a1b4e83be5",
    "schema_version": "1.0.0",
    "event_type": "agent_order",
    "source": "synthetic_agent",
    "symbol": "BTCUSDT",
    "exchange": "binance_usdm",
    "timestamp": "2024-05-01T00:00:01.300000Z",
    "sequence": 13,
    "scenario_id": "scenario-384-passive_market_maker",
    "agent_id": "agent-passive_market_maker",
    "order_id": "scenario-384-passive_market_maker-agent-passive_market_maker-13",
    "action": "new",
    "side": "sell",
    "price": 65449.38399999999,
    "quantity": 0.01,
    "remaining_quantity": 0.01
  },
  {
    "event_id": "40a06ba74c5e5b6339129095cab0ff15e39a23f3907536fa58957bc5c95fbd1b",
    "schema_version": "1.0.0",
    "event_type": "agent_order",
    "source": "synthetic_agent",
    "symbol": "BTCUSDT",
    "exchange": "binance_usdm",
    "timestamp": "2024-05-01T00:00:01.400000Z",
    "sequence": 14,
    "scenario_id": "scenario-384-passive_market_maker",
    "agent_id": "agent-passive_market_maker",
    "order_id": "scenario-384-passive_market_maker-agent-passive_market_maker-14",
    "action": "new",
    "side": "buy",
    "price": 65318.616,
    "quantity": 0.01,
    "remaining_quantity": 0.01
  },
  {
    "event_id": "a102fd24fc0ef2402a8b88b2227c1c971ea058b786d4c9da343ebd66a5ca9ed0",
    "schema_version": "1.0.0",
    "event_type": "agent_order",
    "source": "synthetic_agent",
    "symbol": "BTCUSDT",
    "exchange": "binance_usdm",
    "timestamp": "2024-05-01T00:00:01.500000Z",
    "sequence": 15,
    "scenario_id": "scenario-384-passive_market_maker",
    "agent_id": "agent-passive_market_maker",
    "order_id": "scenario-384-passive_market_maker-agent-passive_market_maker-15",
    "action": "new",
    "side": "sell",
    "price": 65449.38399999999,
    "quantity": 0.01,
    "remaining_quantity": 0.01
  },
  {
    "event_id": "c351ab5f8ee451383d0cf132ebca63895acaec1c80c57770b4edcb06cd7b8eb5",
    "schema_version": "1.0.0",
    "event_type": "agent_order",
    "source": "synthetic_agent",
    "symbol": "BTCUSDT",
    "exchange": "binance_usdm",
    "timestamp": "2024-05-01T00:00:01.600000Z",
    "sequence": 16,
    "scenario_id": "scenario-384-passive_market_maker",
    "agent_id": "agent-passive_market_maker",
    "order_id": "scenario-384-passive_market_maker-agent-passive_market_maker-16",
    "action": "new",
    "side": "buy",
    "price": 65318.616,
    "quantity": 0.01,
    "remaining_quantity": 0.01
  },
  {
    "event_id": "b842ac74f0f503b86fff062d78639426f001400eea4476e5c5dc312fd0b3ec37",
    "schema_version": "1.0.0",
    "event_type": "agent_order",
    "source": "synthetic_agent",
    "symbol": "BTCUSDT",
    "exchange": "binance_usdm",
    "timestamp": "2024-05-01T00:00:01.700000Z",
    "sequence": 17,
    "scenario_id": "scenario-384-passive_market_maker",
    "agent_id": "agent-passive_market_maker",
    "order_id": "scenario-384-passive_market_maker-agent-passive_market_maker-17",
    "action": "new",
    "side": "sell",
    "price": 65449.38399999999,
    "quantity": 0.01,
    "remaining_quantity": 0.01
  },
  {
    "event_id": "1fd17560f71ce8f0dc416000a4c34ad6de67d4b8cd3ca48acbf75e742dbb6ea4",
    "schema_version": "1.0.0",
    "event_type": "agent_order",
    "source": "synthetic_agent",
    "symbol": "BTCUSDT",
    "exchange": "binance_usdm",
    "timestamp": "2024-05-01T00:00:01.800000Z",
    "sequence": 18,
    "scenario_id": "scenario-384-passive_market_maker",
    "agent_id": "agent-passive_market_maker",
    "order_id": "scenario-384-passive_market_maker-agent-passive_market_maker-18",
    "action": "new",
    "side": "buy",
    "price": 65318.616,
    "quantity": 0.01,
    "remaining_quantity": 0.01
  },
  {
    "event_id": "8204e52208222b35ab97b1290358dc36cf46067c539504812da303a957292914",
    "schema_version": "1.0.0",
    "event_type": "agent_order",
    "source": "synthetic_agent",
    "symbol": "BTCUSDT",
    "exchange": "binance_usdm",
    "timestamp": "2024-05-01T00:00:01.900000Z",
    "sequence": 19,
    "scenario_id": "scenario-384-passive_market_maker",
    "agent_id": "agent-passive_market_maker",
    "order_id": "scenario-384-passive_market_maker-agent-passive_market_maker-19",
    "action": "new",
    "side": "sell",
    "price": 65449.38399999999,
    "quantity": 0.01,
    "remaining_quantity": 0.01
  },
  {
    "event_id": "dc4b24673145591c4d0a3bb811cb491b37750728ab8028e3dc0aa66aad6f2cec",
    "schema_version": "1.0.0",
    "event_type": "agent_order",
    "source": "synthetic_agent",
    "symbol": "BTCUSDT",
    "exchange": "binance_usdm",
    "timestamp": "2024-05-01T00:00:02Z",
    "sequence": 20,
    "scenario_id": "scenario-384-passive_market_maker",
    "agent_id": "agent-passive_market_maker",
    "order_id": "scenario-384-passive_market_maker-agent-passive_market_maker-20",
    "action": "new",
    "side": "buy",
    "price": 65318.616,
    "quantity": 0.01,
    "remaining_quantity": 0.01
  },
  {
    "event_id": "076c529a47c99561e54fcd36f839995db0f365beceb044516203080a1a7beb71",
    "schema_version": "1.0.0",
    "event_type": "agent_order",
    "source": "synthetic_agent",
    "symbol": "BTCUSDT",
    "exchange": "binance_usdm",
    "timestamp": "2024-05-01T00:00:02.100000Z",
    "sequence": 21,
    "scenario_id": "scenario-384-passive_market_maker",
    "agent_id": "agent-passive_market_maker",
    "order_id": "scenario-384-passive_market_maker-agent-passive_market_maker-21",
    "action": "new",
    "side": "sell",
    "price": 65449.38399999999,
    "quantity": 0.01,
    "remaining_quantity": 0.01
  },
  {
    "event_id": "0178a3b84391a8229678515bf8444969c71ac548b4132fe7684df24be3c6059f",
    "schema_version": "1.0.0",
    "event_type": "agent_order",
    "source": "synthetic_agent",
    "symbol": "BTCUSDT",
    "exchange": "binance_usdm",
    "timestamp": "2024-05-01T00:00:02.200000Z",
    "sequence": 22,
    "scenario_id": "scenario-384-passive_market_maker",
    "agent_id": "agent-passive_market_maker",
    "order_id": "scenario-384-passive_market_maker-agent-passive_market_maker-22",
    "action": "new",
    "side": "buy",
    "price": 65318.616,
    "quantity": 0.01,
    "remaining_quantity": 0.01
  },
  {
    "event_id": "303049f733b1c23e531bd05827cf2b461a81e676b04b50735842713a6c98df04",
    "schema_version": "1.0.0",
    "event_type": "agent_order",
    "source": "synthetic_agent",
    "symbol": "BTCUSDT",
    "exchange": "binance_usdm",
    "timestamp": "2024-05-01T00:00:02.300000Z",
    "sequence": 23,
    "scenario_id": "scenario-384-passive_market_maker",
    "agent_id": "agent-passive_market_maker",
    "order_id": "scenario-384-passive_market_maker-agent-passive_market_maker-23",
    "action": "new",
    "side": "sell",
    "price": 65449.38399999999,
    "quantity": 0.01,
    "remaining_quantity": 0.01
  },
  {
    "event_id": "836ec5f2f2660cc13d885608cf65abffda880ec7c229c98f9d4af9ee37460ee6",
    "schema_version": "1.0.0",
    "event_type": "agent_order",
    "source": "synthetic_agent",
    "symbol": "BTCUSDT",
    "exchange": "binance_usdm",
    "timestamp": "2024-05-01T00:00:02.400000Z",
    "sequence": 24,
    "scenario_id": "scenario-384-passive_market_maker",
    "agent_id": "agent-passive_market_maker",
    "order_id": "scenario-384-passive_market_maker-agent-passive_market_maker-24",
    "action": "new",
    "side": "buy",
    "price": 65318.616,
    "quantity": 0.01,
    "remaining_quantity": 0.01
  },
  {
    "event_id": "ccb1c5aa5c4545e489a3c4730d44256cfc7b59a8ae96c044d3cf454aa521f850",
    "schema_version": "1.0.0",
    "event_type": "agent_order",
    "source": "synthetic_agent",
    "symbol": "BTCUSDT",
    "exchange": "binance_usdm",
    "timestamp": "2024-05-01T00:00:02.500000Z",
    "sequence": 25,
    "scenario_id": "scenario-384-passive_market_maker",
    "agent_id": "agent-passive_market_maker",
    "order_id": "scenario-384-passive_market_maker-agent-passive_market_maker-25",
    "action": "new",
    "side": "sell",
    "price": 65449.38399999999,
    "quantity": 0.01,
    "remaining_quantity": 0.01
  },
  {
    "event_id": "8e8fde84435f10e5af8ff188e0d58d6429cb99b33378dd43803ed31c1deab3da",
    "schema_version": "1.0.0",
    "event_type": "agent_order",
    "source": "synthetic_agent",
    "symbol": "BTCUSDT",
    "exchange": "binance_usdm",
    "timestamp": "2024-05-01T00:00:02.600000Z",
    "sequence": 26,
    "scenario_id": "scenario-384-passive_market_maker",
    "agent_id": "agent-passive_market_maker",
    "order_id": "scenario-384-passive_market_maker-agent-passive_market_maker-26",
    "action": "new",
    "side": "buy",
    "price": 65318.616,
    "quantity": 0.01,
    "remaining_quantity": 0.01
  },
  {
    "event_id": "12295e2f7ab49bc67ba695df434fe7e7967008ede9170900487e6549cbf2bc92",
    "schema_version": "1.0.0",
    "event_type": "agent_order",
    "source": "synthetic_agent",
    "symbol": "BTCUSDT",
    "exchange": "binance_usdm",
    "timestamp": "2024-05-01T00:00:02.700000Z",
    "sequence": 27,
    "scenario_id": "scenario-384-passive_market_maker",
    "agent_id": "agent-passive_market_maker",
    "order_id": "scenario-384-passive_market_maker-agent-passive_market_maker-27",
    "action": "new",
    "side": "sell",
    "price": 65449.38399999999,
    "quantity": 0.01,
    "remaining_quantity": 0.01
  },
  {
    "event_id": "b496748f1ab938c141df1651b45d447d43e65e92d4d37b9f9bfca77fbaf0f883",
    "schema_version": "1.0.0",
    "event_type": "agent_order",
    "source": "synthetic_agent",
    "symbol": "BTCUSDT",
    "exchange": "binance_usdm",
    "timestamp": "2024-05-01T00:00:02.800000Z",
    "sequence": 28,
    "scenario_id": "scenario-384-passive_market_maker",
    "agent_id": "agent-passive_market_maker",
    "order_id": "scenario-384-passive_market_maker-agent-passive_market_maker-28",
    "action": "new",
    "side": "buy",
    "price": 65318.616,
    "quantity": 0.01,
    "remaining_quantity": 0.01
  },
  {
    "event_id": "9b5915c2931ecc3ac2182be21bde4a4ac625994614a4a5edb0815c159880f21a",
    "schema_version": "1.0.0",
    "event_type": "agent_order",
    "source": "synthetic_agent",
    "symbol": "BTCUSDT",
    "exchange": "binance_usdm",
    "timestamp": "2024-05-01T00:00:02.900000Z",
    "sequence": 29,
    "scenario_id": "scenario-384-passive_market_maker",
    "agent_id": "agent-passive_market_maker",
    "order_id": "scenario-384-passive_market_maker-agent-passive_market_maker-29",
    "action": "new",
    "side": "sell",
    "price": 65449.38399999999,
    "quantity": 0.01,
    "remaining_quantity": 0.01
  }
]