[
  {
    "event_id": "b9cc24a0bc6d75d9354ca680235730113a4b22a08cd5e8ec39d57983197476f3",
    "schema_version": "1.0.0",
    "event_type": "agent_order",
    "source": "synthetic_agent",
    "symbol": "BTCUSDT",
    "exchange": "binance_usdm",
    "timestamp": "2024-05-01T00:00:00Z",
    "sequence": 0,
    "scenario_id": "scenario-196-quote_stuffing",
    "agent_id": "agent-quote_stuffing",
    "order_id": "scenario-196-quote_stuffing-agent-quote_stuffing-0",
    "action": "new",
    "side": "buy",
    "price": 65189.4804,
    "quantity": 0.001,
    "remaining_quantity": 0.001
  },
  {
    "event_id": "aee6df2436455a0e6051e27a2054f57c0f244f9fa651af442a249fd3373c7ba7",
    "schema_version": "1.0.0",
    "event_type": "agent_order",
    "source": "synthetic_agent",
    "symbol": "BTCUSDT",
    "exchange": "binance_usdm",
    "timestamp": "2024-05-01T00:00:00.005000Z",
    "sequence": 1,
    "scenario_id": "scenario-196-quote_stuffing",
    "agent_id": "agent-quote_stuffing",
    "order_id": "scenario-196-quote_stuffing-agent-quote_stuffing-1",
    "action": "new",
    "side": "sell",
    "price": 65202.5196,
    "quantity": 0.001,
    "remaining_quantity": 0.001
  },
  {
    "event_id": "8d0dced6345e12cedb55afc9e8ee500a82351f818c96198a7c2764aabb87bfd8",
    "schema_version": "1.0.0",
    "event_type": "agent_order",
    "source": "synthetic_agent",
    "symbol": "BTCUSDT",
    "exchange": "binance_usdm",
    "timestamp": "2024-05-01T00:00:00.010000Z",
    "sequence": 2,
    "scenario_id": "scenario-196-quote_stuffing",
    "agent_id": "agent-quote_stuffing",
    "order_id": "scenario-196-quote_stuffing-agent-quote_stuffing-2",
    "action": "new",
    "side": "buy",
    "price": 65189.4804,
    "quantity": 0.001,
    "remaining_quantity": 0.001
  },
  {
    "event_id": "2e611c03513fb87ee98c9ce1552361f478dbc649c14a6bfb6311ea3eb94aaf33",
    "schema_version": "1.0.0",
    "event_type": "agent_order",
    "source": "synthetic_agent",
    "symbol": "BTCUSDT",
    "exchange": "binance_usdm",
    "timestamp": "2024-05-01T00:00:00.015000Z",
    "sequence": 3,
    "scenario_id": "scenario-196-quote_stuffing",
    "agent_id": "agent-quote_stuffing",
    "order_id": "scenario-196-quote_stuffing-agent-quote_stuffing-3",
    "action": "new",
    "side": "sell",
    "price": 65202.5196,
    "quantity": 0.001,
    "remaining_quantity": 0.001
  },
  {
    "event_id": "6af8f2adadb892247dda3651c63a07b47f4e04dc10f056329c8e25b41e5db1e9",
    "schema_version": "1.0.0",
    "event_type": "agent_order",
    "source": "synthetic_agent",
    "symbol": "BTCUSDT",
    "exchange": "binance_usdm",
    "timestamp": "2024-05-01T00:00:00.020000Z",
    "sequence": 4,
    "scenario_id": "scenario-196-quote_stuffing",
    "agent_id": "agent-quote_stuffing",
    "order_id": "scenario-196-quote_stuffing-agent-quote_stuffing-4",
    "action": "new",
    "side": "buy",
    "price": 65189.4804,
    "quantity": 0.001,
    "remaining_quantity": 0.001
  },
  {
    "event_id": "f73db3625b89c29a46b56aec563f67fdef5d86671102941cc23712470dc2adfb",
    "schema_version": "1.0.0",
    "event_type": "agent_order",
    "source": "synthetic_agent",
    "symbol": "BTCUSDT",
    "exchange": "binance_usdm",
    "timestamp": "2024-05-01T00:00:00.025000Z",
    "sequence": 5,
    "scenario_id": "scenario-196-quote_stuffing",
    "agent_id": "agent-quote_stuffing",
    "order_id": "scenario-196-quote_stuffing-agent-quote_stuffing-5",
    "action": "new",
    "side": "sell",
    "price": 65202.5196,
    "quantity": 0.001,
    "remaining_quantity": 0.001
  },
  {
    "event_id": "df1605f30de197f96fd74bf7a02de93e8a9d8c7a62292de545dac8fc6a1ad582",
    "schema_version": "1.0.0",
    "event_type": "agent_order",
    "source": "synthetic_agent",
    "symbol": "BTCUSDT",
    "exchange": "binance_usdm",
    "timestamp": "2024-05-01T00:00:00.030000Z",
    "sequence": 6,
    "scenario_id": "scenario-196-quote_stuffing",
    "agent_id": "agent-quote_stuffing",
    "order_id": "scenario-196-quote_stuffing-agent-quote_stuffing-6",
    "action": "new",
    "side": "buy",
    "price": 65189.4804,
    "quantity": 0.001,
    "remaining_quantity": 0.001
  },
  {
    "event_id": "e636151766bac4336a2e206487c124fe93fb831fd0b96375774b041f1ffedaa5",
    "schema_version": "1.0.0",
    "event_type": "agent_order",
    "source": "synthetic_agent",
    "symbol": "BTCUSDT",
    "exchange": "binance_usdm",
    "timestamp": "2024-05-01T00:00:00.035000Z",
    "sequence": 7,
    "scenario_id": "scenario-196-quote_stuffing",
    "agent_id": "agent-quote_stuffing",
    "order_id": "scenario-196-quote_stuffing-agent-quote_stuffing-7",
    "action": "new",
    "side": "sell",
    "price": 65202.5196,
    "quantity": 0.001,
    "remaining_quantity": 0.001
  },
  {
    "event_id": "8265a3c55ff853ce25561703c66932743ac39c7677419331c83521f4c806abb9",
    "schema_version": "1.0.0",
    "event_type": "agent_order",
    "source": "synthetic_agent",
    "symbol": "BTCUSDT",
    "exchange": "binance_usdm",
    "timestamp": "2024-05-01T00:00:00.040000Z",
    "sequence": 8,
    "scenario_id": "scenario-196-quote_stuffing",
    "agent_id": "agent-quote_stuffing",
    "order_id": "scenario-196-quote_stuffing-agent-quote_stuffing-8",
    "action": "new",
    "side": "buy",
    "price": 65189.4804,
    "quantity": 0.001,
    "remaining_quantity": 0.001
  },
  {
    "event_id": "9b4a48de03a77801a32502fa98a8122d2d72f01be60767879562c94f19e84c76",
    "schema_version": "1.0.0",
    "event_type": "agent_order",
    "source": "synthetic_agent",
    "symbol": "BTCUSDT",
    "exchange": "binance_usdm",
    "timestamp": "2024-05-01T00:00:00.045000Z",
    "sequence": 9,
    "scenario_id": "scenario-196-quote_stuffing",
    "agent_id": "agent-quote_stuffing",
    "order_id": "scenario-196-quote_stuffing-agent-quote_stuffing-9",
    "action": "new",
    "side": "sell",
    "price": 65202.5196,
    "quantity": 0.001,
    "remaining_quantity": 0.001
  },
  {
    "event_id": "1413fff002d1ae89c1510882dca160ac1c980559cf9aa0f9a92a9908430fca23",
    "schema_version": "1.0.0",
    "event_type": "agent_order",
    "source": "synthetic_agent",
    "symbol": "BTCUSDT",
    "exchange": "binance_usdm",
    "timestamp": "2024-05-01T00:00:00.050000Z",
    "sequence": 10,
    "scenario_id": "scenario-196-quote_stuffing",
    "agent_id": "agent-quote_stuffing",
    "order_id": "scenario-196-quote_stuffing-agent-quote_stuffing-10",
    "action": "new",
    "side": "buy",
    "price": 65189.4804,
    "quantity": 0.001,
    "remaining_quantity": 0.001
  },
  {
    "event_id": "8407e81661909630345c058c44878d864ce7c2aa98bcb8d398f48370e15bb8ed",
    "schema_version": "1.0.0",
    "event_type": "agent_order",
    "source": "synthetic_agent",
    "symbol": "BTCUSDT",
    "exchange": "binance_usdm",
    "timestamp": "2024-05-01T00:00:00.055000Z",
    "sequence": 11,
    "scenario_id": "scenario-196-quote_stuffing",
    "agent_id": "agent-quote_stuffing",
    "order_id": "scenario-196-quote_stuffing-agent-quote_stuffing-11",
    "action": "new",
    "side": "sell",
    "price": 65202.5196,
    "quantity": 0.001,
    "remaining_quantity": 0.001
  },
  {
    "event_id": "582803417d76e3b6efd168bd2c8dbe3f656ab528843ac4f97a873b4cd5d3303a",
    "schema_version": "1.0.0",
    "event_type": "agent_order",
    "source": "synthetic_agent",
    "symbol": "BTCUSDT",
    "exchange": "binance_usdm",
    "timestamp": "2024-05-01T00:00:00.060000Z",
    "sequence": 12,
    "scenario_id": "scenario-196-quote_stuffing",
    "agent_id": "agent-quote_stuffing",
    "order_id": "scenario-196-quote_stuffing-agent-quote_stuffing-12",
    "action": "new",
    "side": "buy",
    "price": 65189.4804,
    "quantity": 0.001,
    "remaining_quantity": 0.001
  },
  {
    "event_id": "714bb393272213decd6a58583557534d6623e80ef402a9a63217b13f7821643b",
    "schema_version": "1.0.0",
    "event_type": "agent_order",
    "source": "synthetic_agent",
    "symbol": "BTCUSDT",
    "exchange": "binance_usdm",
    "timestamp": "2024-05-01T00:00:00.065000Z",
    "sequence": 13,
    "scenario_id": "scenario-196-quote_stuffing",
    "agent_id": "agent-quote_stuffing",
    "order_id": "scenario-196-quote_stuffing-agent-quote_stuffing-13",
    "action": "new",
    "side": "sell",
    "price": 65202.5196,
    "quantity": 0.001,
    "remaining_quantity": 0.001
  },
  {
    "event_id": "289a4f98382fefd7e87fc887714e69207ee0313f7889077430a3528d245e732f",
    "schema_version": "1.0.0",
    "event_type": "agent_order",
    "source": "synthetic_agent",
    "symbol": "BTCUSDT",
    "exchange": "binance_usdm",
    "timestamp": "2024-05-01T00:00:00.070000Z",
    "sequence": 14,
    "scenario_id": "scenario-196-quote_stuffing",
    "agent_id": "agent-quote_stuffing",
    "order_id": "scenario-196-quote_stuffing-agent-quote_stuffing-14",
    "action": "new",
    "side": "buy",
    "price": 65189.4804,
    "quantity": 0.001,
    "remaining_quantity": 0.001
  },
  {
    "event_id": "8bbe64c1dba1d4b11ab53a835e2577c23e7942c51bae430c9050133c1116ecfb",
    "schema_version": "1.0.0",
    "event_type": "agent_order",
    "source": "synthetic_agent",
    "symbol": "BTCUSDT",
    "exchange": "binance_usdm",
    "timestamp": "2024-05-01T00:00:00.075000Z",
    "sequence": 15,
    "scenario_id": "scenario-196-quote_stuffing",
    "agent_id": "agent-quote_stuffing",
    "order_id": "scenario-196-quote_stuffing-agent-quote_stuffing-15",
    "action": "new",
    "side": "sell",
    "price": 65202.5196,
    "quantity": 0.001,
    "remaining_quantity": 0.001
  },
  {
    "event_id": "b00bc1cc9c42f655e16571b022b4f997538d38b63228da78cb77e1d969f8586f",
    "schema_version": "1.0.0",
    "event_type": "agent_order",
    "source": "synthetic_agent",
    "symbol": "BTCUSDT",
    "exchange": "binance_usdm",
    "timestamp": "2024-05-01T00:00:00.080000Z",
    "sequence": 16,
    "scenario_id": "scenario-196-quote_stuffing",
    "agent_id": "agent-quote_stuffing",
    "order_id": "scenario-196-quote_stuffing-agent-quote_stuffing-16",
    "action": "new",
    "side": "buy",
    "price": 65189.4804,
    "quantity": 0.001,
    "remaining_quantity": 0.001
  },
  {
    "event_id": "69570427a033e48c49ccee6deb404a356c77afec6932f23f3f92bc219302d520",
    "schema_version": "1.0.0",
    "event_type": "agent_order",
    "source": "synthetic_agent",
    "symbol": "BTCUSDT",
    "exchange": "binance_usdm",
    "timestamp": "2024-05-01T00:00:00.085000Z",
    "sequence": 17,
    "scenario_id": "scenario-196-quote_stuffing",
    "agent_id": "agent-quote_stuffing",
    "order_id": "scenario-196-quote_stuffing-agent-quote_stuffing-17",
    "action": "new",
    "side": "sell",
    "price": 65202.5196,
    "quantity": 0.001,
    "remaining_quantity": 0.001
  },
  {
    "event_id": "fc5f483765ec5d00246a45982dc9c9c0104f48d603694b91f6b12a8427053620",
    "schema_version": "1.0.0",
    "event_type": "agent_order",
    "source": "synthetic_agent",
    "symbol": "BTCUSDT",
    "exchange": "binance_usdm",
    "timestamp": "2024-05-01T00:00:00.090000Z",
    "sequence": 18,
    "scenario_id": "scenario-196-quote_stuffing",
    "agent_id": "agent-quote_stuffing",
    "order_id": "scenario-196-quote_stuffing-agent-quote_stuffing-18",
    "action": "new",
    "side": "buy",
    "price": 65189.4804,
    "quantity": 0.001,
    "remaining_quantity": 0.001
  },
  {
    "event_id": "c9e56c28662e9ee6148f6caadf65798f7a03cd8bcab742983e6cdee3f7845f7f",
    "schema_version": "1.0.0",
    "event_type": "agent_order",
    "source": "synthetic_agent",
    "symbol": "BTCUSDT",
    "exchange": "binance_usdm",
    "timestamp": "2024-05-01T00:00:00.095000Z",
    "sequence": 19,
    "scenario_id": "scenario-196-quote_stuffing",
    "agent_id": "agent-quote_stuffing",
    "order_id": "scenario-196-quote_stuffing-agent-quote_stuffing-19",
    "action": "new",
    "side": "sell",
    "price": 65202.5196,
    "quantity": 0.001,
    "remaining_quantity": 0.001
  },
  {
    "event_id": "6acc2e25ab4688af107de3c921c8e54a61f112985f781d166cf34777c661f9ce",
    "schema_version": "1.0.0",
    "event_type": "agent_order",
    "source": "synthetic_agent",
    "symbol": "BTCUSDT",
    "exchange": "binance_usdm",
    "timestamp": "2024-05-01T00:00:00.100000Z",
    "sequence": 20,
    "scenario_id": "scenario-196-quote_stuffing",
    "agent_id": "agent-quote_stuffing",
    "order_id": "scenario-196-quote_stuffing-agent-quote_stuffing-20",
    "action": "new",
    "side": "buy",
    "price": 65189.4804,
    "quantity": 0.001,
    "remaining_quantity": 0.001
  },
  {
    "event_id": "168975608370f963d4e7a158362a24e8979b9bf792f3c88bc9fec37f3c3bcf35",
    "schema_version": "1.0.0",
    "event_type": "agent_order",
    "source": "synthetic_agent",
    "symbol": "BTCUSDT",
    "exchange": "binance_usdm",
    "timestamp": "2024-05-01T00:00:00.105000Z",
    "sequence": 21,
    "scenario_id": "scenario-196-quote_stuffing",
    "agent_id": "agent-quote_stuffing",
    "order_id": "scenario-196-quote_stuffing-agent-quote_stuffing-21",
    "action": "new",
    "side": "sell",
    "price": 65202.5196,
    "quantity": 0.001,
    "remaining_quantity": 0.001
  },
  {
    "event_id": "06e4bad80c1b6e4119775f696f77ef8c28df185dc359a94e1c613730375a9a10",
    "schema_version": "1.0.0",
    "event_type": "agent_order",
    "source": "synthetic_agent",
    "symbol": "BTCUSDT",
    "exchange": "binance_usdm",
    "timestamp": "2024-05-01T00:00:00.110000Z",
    "sequence": 22,
    "scenario_id": "scenario-196-quote_stuffing",
    "agent_id": "agent-quote_stuffing",
    "order_id": "scenario-196-quote_stuffing-agent-quote_stuffing-22",
    "action": "new",
    "side": "buy",
    "price": 65189.4804,
    "quantity": 0.001,
    "remaining_quantity": 0.001
  },
  {
    "event_id": "9ef18d82798de9097bf1df0e3886e2cc30d5fb1a7a09e4c5061a4c4eaccc985a",
    "schema_version": "1.0.0",
    "event_type": "agent_order",
    "source": "synthetic_agent",
    "symbol": "BTCUSDT",
    "exchange": "binance_usdm",
    "timestamp": "2024-05-01T00:00:00.115000Z",
    "sequence": 23,
    "scenario_id": "scenario-196-quote_stuffing",
    "agent_id": "agent-quote_stuffing",
    "order_id": "scenario-196-quote_stuffing-agent-quote_stuffing-23",
    "action": "new",
    "side": "sell",
    "price": 65202.5196,
    "quantity": 0.001,
    "remaining_quantity": 0.001
  },
  {
    "event_id": "f14f36377565c4c2bcf84ec6c6820080096ec85369d4f40f31ca8de39b47f58f",
    "schema_version": "1.0.0",
    "event_type": "agent_order",
    "source": "synthetic_agent",
    "symbol": "BTCUSDT",
    "exchange": "binance_usdm",
    "timestamp": "2024-05-01T00:00:00.120000Z",
    "sequence": 24,
    "scenario_id": "scenario-196-quote_stuffing",
    "agent_id": "agent-quote_stuffing",
    "order_id": "scenario-196-quote_stuffing-agent-quote_stuffing-24",
    "action": "new",
    "side": "buy",
    "price": 65189.4804,
    "quantity": 0.001,
    "remaining_quantity": 0.001
  },
  {
    "event_id": "92ce7146051bb771f5a7d5b9a9825c25c25df9a800be7c2ef640995d5948c095",
    "schema_version": "1.0.0",
    "event_type": "agent_order",
    "source": "synthetic_agent",
    "symbol": "BTCUSDT",
    "exchange": "binance_usdm",
    "timestamp": "2024-05-01T00:00:00.125000Z",
    "sequence": 25,
    "scenario_id": "scenario-196-quote_stuffing",
    "agent_id": "agent-quote_stuffing",
    "order_id": "scenario-196-quote_stuffing-agent-quote_stuffing-25",
    "action": "new",
    "side": "sell",
    "price": 65202.5196,
    "quantity": 0.001,
    "remaining_quantity": 0.001
  },
  {
    "event_id": "21d27dca9e03a96caa032605053ee830cf49d75f1dce684444d365e187fff5fb",
    "schema_version": "1.0.0",
    "event_type": "agent_order",
    "source": "synthetic_agent",
    "symbol": "BTCUSDT",
    "exchange": "binance_usdm",
    "timestamp": "2024-05-01T00:00:00.130000Z",
    "sequence": 26,
    "scenario_id": "scenario-196-quote_stuffing",
    "agent_id": "agent-quote_stuffing",
    "order_id": "scenario-196-quote_stuffing-agent-quote_stuffing-26",
    "action": "new",
    "side": "buy",
    "price": 65189.4804,
    "quantity": 0.001,
    "remaining_quantity": 0.001
  },
  {
    "event_id": "4f45116acd0af7a1e072381f57247b8f34bab58fe2eacbced4c278baedeaaebf",
    "schema_version": "1.0.0",
    "event_type": "agent_order",
    "source": "synthetic_agent",
    "symbol": "BTCUSDT",
    "exchange": "binance_usdm",
    "timestamp": "2024-05-01T00:00:00.135000Z",
    "sequence": 27,
    "scenario_id": "scenario-196-quote_stuffing",
    "agent_id": "agent-quote_stuffing",
    "order_id": "scenario-196-quote_stuffing-agent-quote_stuffing-27",
    "action": "new",
    "side": "sell",
    "price": 65202.5196,
    "quantity": 0.001,
    "remaining_quantity": 0.001
  },
  {
    "event_id": "8bac2045eeb098ee528a8a7334c77b4baa6bedb34b70a0206de06950572a2be1",
    "schema_version": "1.0.0",
    "event_type": "agent_order",
    "source": "synthetic_agent",
    "symbol": "BTCUSDT",
    "exchange": "binance_usdm",
    "timestamp": "2024-05-01T00:00:00.140000Z",
    "sequence": 28,
    "scenario_id": "scenario-196-quote_stuffing",
    "agent_id": "agent-quote_stuffing",
    "order_id": "scenario-196-quote_stuffing-agent-quote_stuffing-28",
    "action": "new",
    "side": "buy",
    "price": 65189.4804,
    "quantity": 0.001,
    "remaining_quantity": 0.001
  },
  {
    "event_id": "e80ed7cabb87c19cab2ce1b95570be49d0baf4ed64ea11ad14e54e48b2e6313d",
    "schema_version": "1.0.0",
    "event_type": "agent_order",
    "source": "synthetic_agent",
    "symbol": "BTCUSDT",
    "exchange": "binance_usdm",
    "timestamp": "2024-05-01T00:00:00.145000Z",
    "sequence": 29,
    "scenario_id": "scenario-196-quote_stuffing",
    "agent_id": "agent-quote_stuffing",
    "order_id": "scenario-196-quote_stuffing-agent-quote_stuffing-29",
    "action": "new",
    "side": "sell",
    "price": 65202.5196,
    "quantity": 0.001,
    "remaining_quantity": 0.001
  }
]