[
  {
    "event_id": "614c9555ed0f6baa9ef56beaca65f0c72e11f91e32e9a8bd14b73a47bafb3977",
    "schema_version": "1.0.0",
    "event_type": "agent_order",
    "source": "synthetic_agent",
    "symbol": "BTCUSDT",
    "exchange": "binance_usdm",
    "timestamp": "2024-05-01T00:00:00Z",
    "sequence": 0,
    "scenario_id": "scenario-260-latency_edge",
    "agent_id": "agent-latency_edge",
    "order_id": "scenario-260-latency_edge-agent-latency_edge-0",
    "action": "new",
    "side": "buy",
    "price": 65299.155999999995,
    "quantity": 0.006,
    "remaining_quantity": 0.006
  },
  {
    "event_id": "5f0f3a17ade43c073b6897b833f7dcaea31c694716e23d4527ade21a8951b2f5",
    "schema_version": "1.0.0",
    "event_type": "agent_order",
    "source": "synthetic_agent",
    "symbol": "BTCUSDT",
    "exchange": "binance_usdm",
    "timestamp": "2024-05-01T00:00:00.008000Z",
    "sequence": 1,
    "scenario_id": "scenario-260-latency_edge",
    "agent_id": "agent-latency_edge",
    "order_id": "scenario-260-latency_edge-agent-latency_edge-1",
    "action": "new",
    "side": "buy",
    "price": 65299.155999999995,
    "quantity": 0.006,
    "remaining_quantity": 0.006
  },
  {
    "event_id": "94204f13effac582ebc9366d43b7c26e43b43fa58438d646e34f6a29c54ccd0f",
    "schema_version": "1.0.0",
    "event_type": "agent_order",
    "source": "synthetic_agent",
    "symbol": "BTCUSDT",
    "exchange": "binance_usdm",
    "timestamp": "2024-05-01T00:00:00.016000Z",
    "sequence": 2,
    "scenario_id": "scenario-260-latency_edge",
    "agent_id": "agent-latency_edge",
    "order_id": "scenario-260-latency_edge-agent-latency_edge-2",
    "action": "new",
    "side": "sell",
    "price": 65220.844,
    "quantity": 0.006,
    "remaining_quantity": 0.006
  },
  {
    "event_id": "1a868c130b71853e59971c8b85eb6773e227b3298c42c09d0c5a3d9660533721",
    "schema_version": "1.0.0",
    "event_type": "agent_order",
    "source": "synthetic_agent",
    "symbol": "BTCUSDT",
    "exchange": "binance_usdm",
    "timestamp": "2024-05-01T00:00:00.024000Z",
    "sequence": 3,
    "scenario_id": "scenario-260-latency_edge",
    "agent_id": "agent-latency_edge",
    "order_id": "scenario-260-latency_edge-agent-latency_edge-3",
    "action": "new",
    "side": "sell",
    "price": 65220.844,
    "quantity": 0.006,
    "remaining_quantity": 0.006
  },
  {
    "event_id": "dd2f61578912e1bf4b0539899eef4b3aabf60ccefdab6de9367c23fda389c9a8",
    "schema_version": "1.0.0",
    "event_type": "agent_order",
    "source": "synthetic_agent",
    "symbol": "BTCUSDT",
    "exchange": "binance_usdm",
    "timestamp": "2024-05-01T00:00:00.032000Z",
    "sequence": 4,
    "scenario_id": "scenario-260-latency_edge",
    "agent_id": "agent-latency_edge",
    "order_id": "scenario-260-latency_edge-agent-latency_edge-4",
    "action": "new",
    "side": "buy",
    "price": 65299.155999999995,
    "quantity": 0.006,
    "remaining_quantity": 0.006
  },
  {
    "event_id": "98939d0857a5e155a0e69f9e202e61b6e5845df1688402d413db6f523396e98c",
    "schema_version": "1.0.0",
    "event_type": "agent_order",
    "source": "synthetic_agent",
    "symbol": "BTCUSDT",
    "exchange": "binance_usdm",
    "timestamp": "2024-05-01T00:00:00.040000Z",
    "sequence": 5,
    "scenario_id": "scenario-260-latency_edge",
    "agent_id": "agent-latency_edge",
    "order_id": "scenario-260-latency_edge-agent-latency_edge-5",
    "action": "new",
    "side": "buy",
    "price": 65299.155999999995,
    "quantity": 0.006,
    "remaining_quantity": 0.006
  },
  {
    "event_id": "5845b01efe4c4e099bfc94ee5772323d3b6d3297a2bd852b903faaad2d8d930f",
    "schema_version": "1.0.0",
    "event_type": "agent_order",
    "source": "synthetic_agent",
    "symbol": "BTCUSDT",
    "exchange": "binance_usdm",
    "timestamp": "2024-05-01T00:00:00.048000Z",
    "sequence": 6,
    "scenario_id": "scenario-260-latency_edge",
    "agent_id": "agent-latency_edge",
    "order_id": "scenario-260-latency_edge-agent-latency_edge-6",
    "action": "new",
    "side": "sell",
    "price": 65220.844,
    "quantity": 0.006,
    "remaining_quantity": 0.006
  },
  {
    "event_id": "adaf6c802123014a0107cd32f2d9ce7dfac766443f82e74f639a43f5ce24d170",
    "schema_version": "1.0.0",
    "event_type": "agent_order",
    "source": "synthetic_agent",
    "symbol": "BTCUSDT",
    "exchange": "binance_usdm",
    "timestamp": "2024-05-01T00:00:00.056000Z",
    "sequence": 7,
    "scenario_id": "scenario-260-latency_edge",
    "agent_id": "agent-latency_edge",
    "order_id": "scenario-260-latency_edge-agent-latency_edge-7",
    "action": "new",
    "side": "sell",
    "price": 65220.844,
    "quantity": 0.006,
    "remaining_quantity": 0.006
  },
  {
    "event_id": "b241f94cc845faf9995e3ced3fdd66cf4533a36eab9d1d7cea50a2c48b20803f",
    "schema_version": "1.0.0",
    "event_type": "agent_order",
    "source": "synthetic_agent",
    "symbol": "BTCUSDT",
    "exchange": "binance_usdm",
    "timestamp": "2024-05-01T00:00:00.064000Z",
    "sequence": 8,
    "scenario_id": "scenario-260-latency_edge",
    "agent_id": "agent-latency_edge",
    "order_id": "scenario-260-latency_edge-agent-latency_edge-8",
    "action": "new",
    "side": "buy",
    "price": 65299.155999999995,
    "quantity": 0.006,
    "remaining_quantity": 0.006
  },
  {
    "event_id": "fbffeab36dc89a2430c8309b902e5cbac0dd82f9babfec151fecd5b17d7cf6ec",
    "schema_version": "1.0.0",
    "event_type": "agent_order",
    "source": "synthetic_agent",
    "symbol": "BTCUSDT",
    "exchange": "binance_usdm",
    "timestamp": "2024-05-01T00:00:00.072000Z",
    "sequence": 9,
    "scenario_id": "scenario-260-latency_edge",
    "agent_id": "agent-latency_edge",
    "order_id": "scenario-260-latency_edge-agent-latency_edge-9",
    "action": "new",
    "side": "buy",
    "price": 65299.155999999995,
    "quantity": 0.006,
    "remaining_quantity": 0.006
  },
  {
    "event_id": "02aacbd6a05be22fadb710c1b3dca388a15ab1cbb3c2e819d5d7d3e28a42c7bc",
    "schema_version": "1.0.0",
    "event_type": "agent_order",
    "source": "synthetic_agent",
    "symbol": "BTCUSDT",
    "exchange": "binance_usdm",
    "timestamp": "2024-05-01T00:00:00.080000Z",
    "sequence": 10,
    "scenario_id": "scenario-260-latency_edge",
    "agent_id": "agent-latency_edge",
    "order_id": "scenario-260-latency_edge-agent-latency_edge-10",
    "action": "new",
    "side": "sell",
    "price": 65220.844,
    "quantity": 0.006,
    "remaining_quantity": 0.006
  },
  {
    "event_id": "a1585664f444dd277000e2ea0bce315e20a30fe2d8a533d396af493f0c5c33d0",
    "schema_version": "1.0.0",
    "event_type": "agent_order",
    "source": "synthetic_agent",
    "symbol": "BTCUSDT",
    "exchange": "binance_usdm",
    "timestamp": "2024-05-01T00:00:00.088000Z",
    "sequence": 11,
    "scenario_id": "scenario-260-latency_edge",
    "agent_id": "agent-latency_edge",
    "order_id": "scenario-260-latency_edge-agent-latency_edge-11",
    "action": "new",
    "side": "sell",
    "price": 65220.844,
    "quantity": 0.006,
    "remaining_quantity": 0.006
  },
  {
    "event_id": "f187fcb9ba0c9b526d13a0ac595788b23fe46c384931641ad22dd920cc0a06a7",
    "schema_version": "1.0.0",
    "event_type": "agent_order",
    "source": "synthetic_agent",
    "symbol": "BTCUSDT",
    "exchange": "binance_usdm",
    "timestamp": "2024-05-01T00:00:00.096000Z",
    "sequence": 12,
    "scenario_id": "scenario-260-latency_edge",
    "agent_id": "agent-latency_edge",
    "order_id": "scenario-260-latency_edge-agent-latency_edge-12",
    "action": "new",
    "side": "buy",
    "price": 65299.155999999995,
    "quantity": 0.006,
    "remaining_quantity": 0.006
  },
  {
    "event_id": "901bbc4c0a6567c3f14a62ea15a3c66d12bc9d2cad1268a1f3cc6ad155e45910",
    "schema_version": "1.0.0",
    "event_type": "agent_order",
    "source": "synthetic_agent",
    "symbol": "BTCUSDT",
    "exchange": "binance_usdm",
    "timestamp": "2024-05-01T00:00:00.104000Z",
    "sequence": 13,
    "scenario_id": "scenario-260-latency_edge",
    "agent_id": "agent-latency_edge",
    "order_id": "scenario-260-latency_edge-agent-latency_edge-13",
    "action": "new",
    "side": "buy",
    "price": 65299.155999999995,
    "quantity": 0.006,
    "remaining_quantity": 0.006
  },
  {
    "event_id": "94e6e582cbf9e356354cb4edf8f5960fbcc7f4b9203d0e8d1b2eaa70fff4f983",
    "schema_version": "1.0.0",
    "event_type": "agent_order",
    "source": "synthetic_agent",
    "symbol": "BTCUSDT",
    "exchange": "binance_usdm",
    "timestamp": "2024-05-01T00:00:00.112000Z",
    "sequence": 14,
    "scenario_id": "scenario-260-latency_edge",
    "agent_id": "agent-latency_edge",
    "order_id": "scenario-260-latency_edge-agent-latency_edge-14",
    "action": "new",
    "side": "sell",
    "price": 65220.844,
    "quantity": 0.006,
    "remaining_quantity": 0.006
  },
  {
    "event_id": "3fc5327457e2bf053fd1c46df98f4d3fef8f0bde6f5f6934ba36ebbe0776a1b2",
    "schema_version": "1.0.0",
    "event_type": "agent_order",
    "source": "synthetic_agent",
    "symbol": "BTCUSDT",
    "exchange": "binance_usdm",
    "timestamp": "2024-05-01T00:00:00.120000Z",
    "sequence": 15,
    "scenario_id": "scenario-260-latency_edge",
    "agent_id": "agent-latency_edge",
    "order_id": "scenario-260-latency_edge-agent-latency_edge-15",
    "action": "new",
    "side": "sell",
    "price": 65220.844,
    "quantity": 0.006,
    "remaining_quantity": 0.006
  },
  {
    "event_id": "85e545994f207f2c8b9ce9dcc636b5b34169aa0a8a25f3085ba6a977f7f06de1",
    "schema_version": "1.0.0",
    "event_type": "agent_order",
    "source": "synthetic_agent",
    "symbol": "BTCUSDT",
    "exchange": "binance_usdm",
    "timestamp": "2024-05-01T00:00:00.128000Z",
    "sequence": 16,
    "scenario_id": "scenario-260-latency_edge",
    "agent_id": "agent-latency_edge",
    "order_id": "scenario-260-latency_edge-agent-latency_edge-16",
    "action": "new",
    "side": "buy",
    "price": 65299.155999999995,
    "quantity": 0.006,
    "remaining_quantity": 0.006
  },
  {
    "event_id": "8e79be27997328d6c9b7a7e0c03c151b73a7b71eb3ee74bc44f8aeb20a1679a4",
    "schema_version": "1.0.0",
    "event_type": "agent_order",
    "source": "synthetic_agent",
    "symbol": "BTCUSDT",
    "exchange": "binance_usdm",
    "timestamp": "2024-05-01T00:00:00.136000Z",
    "sequence": 17,
    "scenario_id": "scenario-260-latency_edge",
    "agent_id": "agent-latency_edge",
    "order_id": "scenario-260-latency_edge-agent-latency_edge-17",
    "action": "new",
    "side": "buy",
    "price": 65299.155999999995,
    "quantity": 0.006,
    "remaining_quantity": 0.006
  },
  {
    "event_id": "f05e470d0a9656a0c975141b9fda931341b28d3a3a1128dba53fb3ce9fda69ec",
    "schema_version": "1.0.0",
    "event_type": "agent_order",
    "source": "synthetic_agent",
    "symbol": "BTCUSDT",
    "exchange": "binance_usdm",
    "timestamp": "2024-05-01T00:00:00.144000Z",
    "sequence": 18,
    "scenario_id": "scenario-260-latency_edge",
    "agent_id": "agent-latency_edge",
    "order_id": "scenario-260-latency_edge-agent-latency_edge-18",
    "action": "new",
    "side": "sell",
    "price": 65220.844,
    "quantity": 0.006,
    "remaining_quantity": 0.006
  },
  {
    "event_id": "73f82b7e623662691eb6762e0014e16ea7e1860b7fcf42547e880d0f54e5184b",
    "schema_version": "1.0.0",
    "event_type": "agent_order",
    "source": "synthetic_agent",
    "symbol": "BTCUSDT",
    "exchange": "binance_usdm",
    "timestamp": "2024-05-01T00:00:00.152000Z",
    "sequence": 19,
    "scenario_id": "scenario-260-latency_edge",
    "agent_id": "agent-latency_edge",
    "order_id": "scenario-260-latency_edge-agent-latency_edge-19",
    "action": "new",
    "side": "sell",
    "price": 65220.844,
    "quantity": 0.006,
    "remaining_quantity": 0.006
  },
  {
    "event_id": "57115cafb25ee1c3c4cfdc3515515160fc2a0052f695c846b581a43362a02f37",
    "schema_version": "1.0.0",
    "event_type": "agent_order",
    "source": "synthetic_agent",
    "symbol": "BTCUSDT",
    "exchange": "binance_usdm",
    "timestamp": "2024-05-01T00:00:00.160000Z",
    "sequence": 20,
    "scenario_id": "scenario-260-latency_edge",
    "agent_id": "agent-latency_edge",
    "order_id": "scenario-260-latency_edge-agent-latency_edge-20",
    "action": "new",
    "side": "buy",
    "price": 65299.155999999995,
    "quantity": 0.006,
    "remaining_quantity": 0.006
  },
  {
    "event_id": "bc9324dcb1aa99a3acb2c8333bff2b0e13ad2bbbc69b3b1429eff8e4ad419d17",
    "schema_version": "1.0.0",
    "event_type": "agent_order",
    "source": "synthetic_agent",
    "symbol": "BTCUSDT",
    "exchange": "binance_usdm",
    "timestamp": "2024-05-01T00:00:00.168000Z",
    "sequence": 21,
    "scenario_id": "scenario-260-latency_edge",
    "agent_id": "agent-latency_edge",
    "order_id": "scenario-260-latency_edge-agent-latency_edge-21",
    "action": "new",
    "side": "buy",
    "price": 65299.155999999995,
    "quantity": 0.006,
    "remaining_quantity": 0.006
  },
  {
    "event_id": "f7443fa9a5ecab8cbe72362957c0fd29cb8f3743009d8a3fc02e3cbf70ca6ab3",
    "schema_version": "1.0.0",
    "event_type": "agent_order",
    "source": "synthetic_agent",
    "symbol": "BTCUSDT",
    "exchange": "binance_usdm",
    "timestamp": "2024-05-01T00:00:00.176000Z",
    "sequence": 22,
    "scenario_id": "scenario-260-latency_edge",
    "agent_id": "agent-latency_edge",
    "order_id": "scenario-260-latency_edge-agent-latency_edge-22",
    "action": "new",
    "side": "sell",
    "price": 65220.844,
    "quantity": 0.006,
    "remaining_quantity": 0.006
  },
  {
    "event_id": "3a8a37976b8ac28d4ff714c48739db188c67abddad727d3afcb23855b872c8f5",
    "schema_version": "1.0.0",
    "event_type": "agent_order",
    "source": "synthetic_agent",
    "symbol": "BTCUSDT",
    "exchange": "binance_usdm",
    "timestamp": "2024-05-01T00:00:00.184000Z",
    "sequence": 23,
    "scenario_id": "scenario-260-latency_edge",
    "agent_id": "agent-latency_edge",
    "order_id": "scenario-260-latency_edge-agent-latency_edge-23",
    "action": "new",
    "side": "sell",
    "price": 65220.844,
    "quantity": 0.006,
    "remaining_quantity": 0.006
  },
  {
    "event_id": "eeee08f8823fc33d9ffb83d83ad3b6081c7a65027fd3a17703e3aefbf1637d2a",
    "schema_version": "1.0.0",
    "event_type": "agent_order",
    "source": "synthetic_agent",
    "symbol": "BTCUSDT",
    "exchange": "binance_usdm",
    "timestamp": "2024-05-01T00:00:00.192000Z",
    "sequence": 24,
    "scenario_id": "scenario-260-latency_edge",
    "agent_id": "agent-latency_edge",
    "order_id": "scenario-260-latency_edge-agent-latency_edge-24",
    "action": "new",
    "side": "buy",
    "price": 65299.155999999995,
    "quantity": 0.006,
    "remaining_quantity": 0.006
  },
  {
    "event_id": "766d1bcd8c8604a59fe2388cbc2ff39c1f98dd7464d67cabd39a53a2c390f470",
    "schema_version": "1.0.0",
    "event_type": "agent_order",
    "source": "synthetic_agent",
    "symbol": "BTCUSDT",
    "exchange": "binance_usdm",
    "timestamp": "2024-05-01T00:00:00.200000Z",
    "sequence": 25,
    "scenario_id": "scenario-260-latency_edge",
    "agent_id": "agent-latency_edge",
    "order_id": "scenario-260-latency_edge-agent-latency_edge-25",
    "action": "new",
    "side": "buy",
    "price": 65299.155999999995,
    "quantity": 0.006,
    "remaining_quantity": 0.006
  },
  {
    "event_id": "e2cea301741295df30c50bc9794091a4633359c812ae9d9dadb6cebfc885e691",
    "schema_version": "1.0.0",
    "event_type": "agent_order",
    "source": "synthetic_agent",
    "symbol": "BTCUSDT",
    "exchange": "binance_usdm",
    "timestamp": "2024-05-01T00:00:00.208000Z",
    "sequence": 26,
    "scenario_id": "scenario-260-latency_edge",
    "agent_id": "agent-latency_edge",
    "order_id": "scenario-260-latency_edge-agent-latency_edge-26",
    "action": "new",
    "side": "sell",
    "price": 65220.844,
    "quantity": 0.006,
    "remaining_quantity": 0.006
  },
  {
    "event_id": "09222929d084abbe9d7c353b5b6e74ec14fb440e2a292085af308a788d528cad",
    "schema_version": "1.0.0",
    "event_type": "agent_order",
    "source": "synthetic_agent",
    "symbol": "BTCUSDT",
    "exchange": "binance_usdm",
    "timestamp": "2024-05-01T00:00:00.216000Z",
    "sequence": 27,
    "scenario_id": "scenario-260-latency_edge",
    "agent_id": "agent-latency_edge",
    "order_id": "scenario-260-latency_edge-agent-latency_edge-27",
    "action": "new",
    "side": "sell",
    "price": 65220.844,
    "quantity": 0.006,
    "remaining_quantity": 0.006
  },
  {
    "event_id": "e50722de2c85421fc39f0abbd4ec2c292243b93c30b9da841f77207072062279",
    "schema_version": "1.0.0",
    "event_type": "agent_order",
    "source": "synthetic_agent",
    "symbol": "BTCUSDT",
    "exchange": "binance_usdm",
    "timestamp": "2024-05-01T00:00:00.224000Z",
    "sequence": 28,
    "scenario_id": "scenario-260-latency_edge",
    "agent_id": "agent-latency_edge",
    "order_id": "scenario-260-latency_edge-agent-latency_edge-28",
    "action": "new",
    "side": "buy",
    "price": 65299.155999999995,
    "quantity": 0.006,
    "remaining_quantity": 0.006
  },
  {
    "event_id": "77fe389c065baaf73a425d42424f7b34564d8a6602026375d062ad02e7b8c5a5",
    "schema_version": "1.0.0",
    "event_type": "agent_order",
    "source": "synthetic_agent",
    "symbol": "BTCUSDT",
    "exchange": "binance_usdm",
    "timestamp": "2024-05-01T00:00:00.232000Z",
    "sequence": 29,
    "scenario_id": "scenario-260-latency_edge",
    "agent_id": "agent-latency_edge",
    "order_id": "scenario-260-latency_edge-agent-latency_edge-29",
    "action": "new",
    "side": "buy",
    "price": 65299.155999999995,
    "quantity": 0.006,
    "remaining_quantity": 0.006
  }
]