[
  {
    "event_id": "35945221102eddcd97cfa046a47213187835db9c515d85fd05071f1b7f03f495",
    "schema_version": "1.0.0",
    "event_type": "agent_order",
    "source": "synthetic_agent",
    "symbol": "BTCUSDT",
    "exchange": "binance_usdm",
    "timestamp": "2024-05-01T00:00:00Z",
    "sequence": 0,
    "scenario_id": "scenario-556-quote_stuffing",
    "agent_id": "agent-quote_stuffing",
    "order_id": "scenario-556-quote_stuffing-agent-quote_stuffing-0",
    "action": "new",
    "side": "buy",
    "price": 65549.44440000001,
    "quantity": 0.001,
    "remaining_quantity": 0.001
  },
  {
    "event_id": "8acbc8dc9bd564b0551a78c3158a62b7037d7a92420b9a4223f6210da3fb0c43",
    "schema_version": "1.0.0",
    "event_type": "agent_order",
    "source": "synthetic_agent",
    "symbol": "BTCUSDT",
    "exchange": "binance_usdm",
    "timestamp": "2024-05-01T00:00:00.005000Z",
    "sequence": 1,
    "scenario_id": "scenario-556-quote_stuffing",
    "agent_id": "agent-quote_stuffing",
    "order_id": "scenario-556-quote_stuffing-agent-quote_stuffing-1",
    "action": "new",
    "side": "sell",
    "price": 65562.55559999999,
    "quantity": 0.001,
    "remaining_quantity": 0.001
  },
  {
    "event_id": "efac398279f405ce8b71e0cbcfe36ab4946e5a2e31d5a3057ad7fa049d340c50",
    "schema_version": "1.0.0",
    "event_type": "agent_order",
    "source": "synthetic_agent",
    "symbol": "BTCUSDT",
    "exchange": "binance_usdm",
    "timestamp": "2024-05-01T00:00:00.010000Z",
    "sequence": 2,
    "scenario_id": "scenario-556-quote_stuffing",
    "agent_id": "agent-quote_stuffing",
    "order_id": "scenario-556-quote_stuffing-agent-quote_stuffing-2",
    "action": "new",
    "side": "buy",
    "price": 65549.44440000001,
    "quantity": 0.001,
    "remaining_quantity": 0.001
  },
  {
    "event_id": "ce14404508b8f0af06aa00f7ddf5b5d3d51f97532c9f53d21703c9a85dd34713",
    "schema_version": "1.0.0",
    "event_type": "agent_order",
    "source": "synthetic_agent",
    "symbol": "BTCUSDT",
    "exchange": "binance_usdm",
    "timestamp": "2024-05-01T00:00:00.015000Z",
    "sequence": 3,
    "scenario_id": "scenario-556-quote_stuffing",
    "agent_id": "agent-quote_stuffing",
    "order_id": "scenario-556-quote_stuffing-agent-quote_stuffing-3",
    "action": "new",
    "side": "sell",
    "price": 65562.55559999999,
    "quantity": 0.001,
    "remaining_quantity": 0.001
  },
  {
    "event_id": "c621251fa5125acd157a4f381725470a82ac9746ac9901cf388105c748a15ead",
    "schema_version": "1.0.0",
    "event_type": "agent_order",
    "source": "synthetic_agent",
    "symbol": "BTCUSDT",
    "exchange": "binance_usdm",
    "timestamp": "2024-05-01T00:00:00.020000Z",
    "sequence": 4,
    "scenario_id": "scenario-556-quote_stuffing",
    "agent_id": "agent-quote_stuffing",
    "order_id": "scenario-556-quote_stuffing-agent-quote_stuffing-4",
    "action": "new",
    "side": "buy",
    "price": 65549.44440000001,
    "quantity": 0.001,
    "remaining_quantity": 0.001
  },
  {
    "event_id": "f8eba9b3e66edb8de69ffcf3607d70535944bc51ffd36ce78814a7c40a4d58a4",
    "schema_version": "1.0.0",
    "event_type": "agent_order",
    "source": "synthetic_agent",
    "symbol": "BTCUSDT",
    "exchange": "binance_usdm",
    "timestamp": "2024-05-01T00:00:00.025000Z",
    "sequence": 5,
    "scenario_id": "scenario-556-quote_stuffing",
    "agent_id": "agent-quote_stuffing",
    "order_id": "scenario-556-quote_stuffing-agent-quote_stuffing-5",
    "action": "new",
    "side": "sell",
    "price": 65562.55559999999,
    "quantity": 0.001,
    "remaining_quantity": 0.001
  },
  {
    "event_id": "04ebab5ea963a7b8ecb1aa5f7dde0f8e153fea2fb7cbedce0e221dc19f748a49",
    "schema_version": "1.0.0",
    "event_type": "agent_order",
    "source": "synthetic_agent",
    "symbol": "BTCUSDT",
    "exchange": "binance_usdm",
    "timestamp": "2024-05-01T00:00:00.030000Z",
    "sequence": 6,
    "scenario_id": "scenario-556-quote_stuffing",
    "agent_id": "agent-quote_stuffing",
    "order_id": "scenario-556-quote_stuffing-agent-quote_stuffing-6",
    "action": "new",
    "side": "buy",
    "price": 65549.44440000001,
    "quantity": 0.001,
    "remaining_quantity": 0.001
  },
  {
    "event_id": "50fe003c237234b31b7c77f62864fb5abf087ed983cd780aa5ff90ec92cb3f18",
    "schema_version": "1.0.0",
    "event_type": "agent_order",
    "source": "synthetic_agent",
    "symbol": "BTCUSDT",
    "exchange": "binance_usdm",
    "timestamp": "2024-05-01T00:00:00.035000Z",
    "sequence": 7,
    "scenario_id": "scenario-556-quote_stuffing",
    "agent_id": "agent-quote_stuffing",
    "order_id": "scenario-556-quote_stuffing-agent-quote_stuffing-7",
    "action": "new",
    "side": "sell",
    "price": 65562.55559999999,
    "quantity": 0.001,
    "remaining_quantity": 0.001
  },
  {
    "event_id": "4891c1c642e9494e3ffdec69ee122c93b63305b892226708cf1f83691299e565",
    "schema_version": "1.0.0",
    "event_type": "agent_order",
    "source": "synthetic_agent",
    "symbol": "BTCUSDT",
    "exchange": "binance_usdm",
    "timestamp": "2024-05-01T00:00:00.040000Z",
    "sequence": 8,
    "scenario_id": "scenario-556-quote_stuffing",
    "agent_id": "agent-quote_stuffing",
    "order_id": "scenario-556-quote_stuffing-agent-quote_stuffing-8",
    "action": "new",
    "side": "buy",
    "price": 65549.44440000001,
    "quantity": 0.001,
    "remaining_quantity": 0.001
  },
  {
    "event_id": "dd2a0c84e20bcde3c24b227c7e2fd0eb2d874682fe087d60801b39970ed4ea27",
    "schema_version": "1.0.0",
    "event_type": "agent_order",
    "source": "synthetic_agent",
    "symbol": "BTCUSDT",
    "exchange": "binance_usdm",
    "timestamp": "2024-05-01T00:00:00.045000Z",
    "sequence": 9,
    "scenario_id": "scenario-556-quote_stuffing",
    "agent_id": "agent-quote_stuffing",
    "order_id": "scenario-556-quote_stuffing-agent-quote_stuffing-9",
    "action": "new",
    "side": "sell",
    "price": 65562.55559999999,
    "quantity": 0.001,
    "remaining_quantity": 0.001
  },
  {
    "event_id": "f202963e8b7fc866841164f7fa0903914c9bd87987056243f7083d28aacea724",
    "schema_version": "1.0.0",
    "event_type": "agent_order",
    "source": "synthetic_agent",
    "symbol": "BTCUSDT",
    "exchange": "binance_usdm",
    "timestamp": "2024-05-01T00:00:00.050000Z",
    "sequence": 10,
    "scenario_id": "scenario-556-quote_stuffing",
    "agent_id": "agent-quote_stuffing",
    "order_id": "scenario-556-quote_stuffing-agent-quote_stuffing-10",
    "action": "new",
    "side": "buy",
    "price": 65549.44440000001,
    "quantity": 0.001,
    "remaining_quantity": 0.001
  },
  {
    "event_id": "7c52dca7461246d6aaba5676b206a73670ef3737b863e897b76f58cf95530608",
    "schema_version": "1.0.0",
    "event_type": "agent_order",
    "source": "synthetic_agent",
    "symbol": "BTCUSDT",
    "exchange": "binance_usdm",
    "timestamp": "2024-05-01T00:00:00.055000Z",
    "sequence": 11,
    "scenario_id": "scenario-556-quote_stuffing",
    "agent_id": "agent-quote_stuffing",
    "order_id": "scenario-556-quote_stuffing-agent-quote_stuffing-11",
    "action": "new",
    "side": "sell",
    "price": 65562.55559999999,
    "quantity": 0.001,
    "remaining_quantity": 0.001
  },
  {
    "event_id": "ce14d192dafb1d5747c8c1119c6b1d3dfb2d3367ca1316ced6ea47061975b84d",
    "schema_version": "1.0.0",
    "event_type": "agent_order",
    "source": "synthetic_agent",
    "symbol": "BTCUSDT",
    "exchange": "binance_usdm",
    "timestamp": "2024-05-01T00:00:00.060000Z",
    "sequence": 12,
    "scenario_id": "scenario-556-quote_stuffing",
    "agent_id": "agent-quote_stuffing",
    "order_id": "scenario-556-quote_stuffing-agent-quote_stuffing-12",
    "action": "new",
    "side": "buy",
    "price": 65549.44440000001,
    "quantity": 0.001,
    "remaining_quantity": 0.001
  },
  {
    "event_id": "dfe35da60ab7f26b686e978132df8e42cd1fe9dda1ee607e0d197fd6e0ee522f",
    "schema_version": "1.0.0",
    "event_type": "agent_order",
    "source": "synthetic_agent",
    "symbol": "BTCUSDT",
    "exchange": "binance_usdm",
    "timestamp": "2024-05-01T00:00:00.065000Z",
    "sequence": 13,
    "scenario_id": "scenario-556-quote_stuffing",
    "agent_id": "agent-quote_stuffing",
    "order_id": "scenario-556-quote_stuffing-agent-quote_stuffing-13",
    "action": "new",
    "side": "sell",
    "price": 65562.55559999999,
    "quantity": 0.001,
    "remaining_quantity": 0.001
  },
  {
    "event_id": "8c3a029edd24d34345a2739fa4e1f39d3313e60993363ed04b8c026d562e2171",
    "schema_version": "1.0.0",
    "event_type": "agent_order",
    "source": "synthetic_agent",
    "symbol": "BTCUSDT",
    "exchange": "binance_usdm",
    "timestamp": "2024-05-01T00:00:00.070000Z",
    "sequence": 14,
    "scenario_id": "scenario-556-quote_stuffing",
    "agent_id": "agent-quote_stuffing",
    "order_id": "scenario-556-quote_stuffing-agent-quote_stuffing-14",
    "action": "new",
    "side": "buy",
    "price": 65549.44440000001,
    "quantity": 0.001,
    "remaining_quantity": 0.001
  },
  {
    "event_id": "43e14eadcaa4161a986cd534d23a0412c3c983a997fed5386be454ab20ce30d6",
    "schema_version": "1.0.0",
    "event_type": "agent_order",
    "source": "synthetic_agent",
    "symbol": "BTCUSDT",
    "exchange": "binance_usdm",
    "timestamp": "2024-05-01T00:00:00.075000Z",
    "sequence": 15,
    "scenario_id": "scenario-556-quote_stuffing",
    "agent_id": "agent-quote_stuffing",
    "order_id": "scenario-556-quote_stuffing-agent-quote_stuffing-15",
    "action": "new",
    "side": "sell",
    "price": 65562.55559999999,
    "quantity": 0.001,
    "remaining_quantity": 0.001
  },
  {
    "event_id": "3f30606531596db65df76fc858f86bae0f103f3bf1f62c775e9a4aedec9330a3",
    "schema_version": "1.0.0",
    "event_type": "agent_order",
    "source": "synthetic_agent",
    "symbol": "BTCUSDT",
    "exchange": "binance_usdm",
    "timestamp": "2024-05-01T00:00:00.080000Z",
    "sequence": 16,
    "scenario_id": "scenario-556-quote_stuffing",
    "agent_id": "agent-quote_stuffing",
    "order_id": "scenario-556-quote_stuffing-agent-quote_stuffing-16",
    "action": "new",
    "side": "buy",
    "price": 65549.44440000001,
    "quantity": 0.001,
    "remaining_quantity": 0.001
  },
  {
    "event_id": "f22bfe5c2c0ef03698aa93a9551a27671c61fc099c2ec27c18abab3ec80a3c50",
    "schema_version": "1.0.0",
    "event_type": "agent_order",
    "source": "synthetic_agent",
    "symbol": "BTCUSDT",
    "exchange": "binance_usdm",
    "timestamp": "2024-05-01T00:00:00.085000Z",
    "sequence": 17,
    "scenario_id": "scenario-556-quote_stuffing",
    "agent_id": "agent-quote_stuffing",
    "order_id": "scenario-556-quote_stuffing-agent-quote_stuffing-17",
    "action": "new",
    "side": "sell",
    "price": 65562.55559999999,
    "quantity": 0.001,
    "remaining_quantity": 0.001
  },
  {
    "event_id": "d75e940e0663904882e7a7d24f5396567ff86da6eea8d334814e74796da9053a",
    "schema_version": "1.0.0",
    "event_type": "agent_order",
    "source": "synthetic_agent",
    "symbol": "BTCUSDT",
    "exchange": "binance_usdm",
    "timestamp": "2024-05-01T00:00:00.090000Z",
    "sequence": 18,
    "scenario_id": "scenario-556-quote_stuffing",
    "agent_id": "agent-quote_stuffing",
    "order_id": "scenario-556-quote_stuffing-agent-quote_stuffing-18",
    "action": "new",
    "side": "buy",
    "price": 65549.44440000001,
    "quantity": 0.001,
    "remaining_quantity": 0.001
  },
  {
    "event_id": "67c0562fec1b7853c96f4beded3f25b163cfdbc16b60671c41105d7375c83c2e",
    "schema_version": "1.0.0",
    "event_type": "agent_order",
    "source": "synthetic_agent",
    "symbol": "BTCUSDT",
    "exchange": "binance_usdm",
    "timestamp": "2024-05-01T00:00:00.095000Z",
    "sequence": 19,
    "scenario_id": "scenario-556-quote_stuffing",
    "agent_id": "agent-quote_stuffing",
    "order_id": "scenario-556-quote_stuffing-agent-quote_stuffing-19",
    "action": "new",
    "side": "sell",
    "price": 65562.55559999999,
    "quantity": 0.001,
    "remaining_quantity": 0.001
  },
  {
    "event_id": "accd962617e3c19d0ec3eb5e78e47b8f60cdfec5a37518f597c6eeb4a29bdac4",
    "schema_version": "1.0.0",
    "event_type": "agent_order",
    "source": "synthetic_agent",
    "symbol": "BTCUSDT",
    "exchange": "binance_usdm",
    "timestamp": "2024-05-01T00:00:00.100000Z",
    "sequence": 20,
    "scenario_id": "scenario-556-quote_stuffing",
    "agent_id": "agent-quote_stuffing",
    "order_id": "scenario-556-quote_stuffing-agent-quote_stuffing-20",
    "action": "new",
    "side": "buy",
    "price": 65549.44440000001,
    "quantity": 0.001,
    "remaining_quantity": 0.001
  },
  {
    "event_id": "c0424827f66d1b9480c3eb219c80800aeef08cf38fcbc508388fc7bf1265ba79",
    "schema_version": "1.0.0",
    "event_type": "agent_order",
    "source": "synthetic_agent",
    "symbol": "BTCUSDT",
    "exchange": "binance_usdm",
    "timestamp": "2024-05-01T00:00:00.105000Z",
    "sequence": 21,
    "scenario_id": "scenario-556-quote_stuffing",
    "agent_id": "agent-quote_stuffing",
    "order_id": "scenario-556-quote_stuffing-agent-quote_stuffing-21",
    "action": "new",
    "side": "sell",
    "price": 65562.55559999999,
    "quantity": 0.001,
    "remaining_quantity": 0.001
  },
  {
    "event_id": "ed140ef7f1ca5078e89795d4a4736e44c58feca9eba126b5438849159b6d5b70",
    "schema_version": "1.0.0",
    "event_type": "agent_order",
    "source": "synthetic_agent",
    "symbol": "BTCUSDT",
    "exchange": "binance_usdm",
    "timestamp": "2024-05-01T00:00:00.110000Z",
    "sequence": 22,
    "scenario_id": "scenario-556-quote_stuffing",
    "agent_id": "agent-quote_stuffing",
    "order_id": "scenario-556-quote_stuffing-agent-quote_stuffing-22",
    "action": "new",
    "side": "buy",
    "price": 65549.44440000001,
    "quantity": 0.001,
    "remaining_quantity": 0.001
  },
  {
    "event_id": "ad7ab6b7fb6d4d2e24c1cf49e9049201bd1beb5e27825b9b1ebd95e13f59ed11",
    "schema_version": "1.0.0",
    "event_type": "agent_order",
    "source": "synthetic_agent",
    "symbol": "BTCUSDT",
    "exchange": "binance_usdm",
    "timestamp": "2024-05-01T00:00:00.115000Z",
    "sequence": 23,
    "scenario_id": "scenario-556-quote_stuffing",
    "agent_id": "agent-quote_stuffing",
    "order_id": "scenario-556-quote_stuffing-agent-quote_stuffing-23",
    "action": "new",
    "side": "sell",
    "price": 65562.55559999999,
    "quantity": 0.001,
    "remaining_quantity": 0.001
  },
  {
    "event_id": "d4f26d2106511e9e78b57aaa075bc2cc56447072350665d6d33fc3b284af078e",
    "schema_version": "1.0.0",
    "event_type": "agent_order",
    "source": "synthetic_agent",
    "symbol": "BTCUSDT",
    "exchange": "binance_usdm",
    "timestamp": "2024-05-01T00:00:00.120000Z",
    "sequence": 24,
    "scenario_id": "scenario-556-quote_stuffing",
    "agent_id": "agent-quote_stuffing",
    "order_id": "scenario-556-quote_stuffing-agent-quote_stuffing-24",
    "action": "new",
    "side": "buy",
    "price": 65549.44440000001,
    "quantity": 0.001,
    "remaining_quantity": 0.001
  },
  {
    "event_id": "6ff9576509e2c6758e75b6df6fbfaa450f9bc10cd8ca9196de0ae36df701ca6a",
    "schema_version": "1.0.0",
    "event_type": "agent_order",
    "source": "synthetic_agent",
    "symbol": "BTCUSDT",
    "exchange": "binance_usdm",
    "timestamp": "2024-05-01T00:00:00.125000Z",
    "sequence": 25,
    "scenario_id": "scenario-556-quote_stuffing",
    "agent_id": "agent-quote_stuffing",
    "order_id": "scenario-556-quote_stuffing-agent-quote_stuffing-25",
    "action": "new",
    "side": "sell",
    "price": 65562.55559999999,
    "quantity": 0.001,
    "remaining_quantity": 0.001
  },
  {
    "event_id": "46617a4e24a97b05bb9c82fc883d7cf145254cd4952ba88bd79d982306ba8954",
    "schema_version": "1.0.0",
    "event_type": "agent_order",
    "source": "synthetic_agent",
    "symbol": "BTCUSDT",
    "exchange": "binance_usdm",
    "timestamp": "2024-05-01T00:00:00.130000Z",
    "sequence": 26,
    "scenario_id": "scenario-556-quote_stuffing",
    "agent_id": "agent-quote_stuffing",
    "order_id": "scenario-556-quote_stuffing-agent-quote_stuffing-26",
    "action": "new",
    "side": "buy",
    "price": 65549.44440000001,
    "quantity": 0.001,
    "remaining_quantity": 0.001
  },
  {
    "event_id": "9ac770d11d6e0511817afef93397176559f7a0aff9c827dcd7dde1c027e082d7",
    "schema_version": "1.0.0",
    "event_type": "agent_order",
    "source": "synthetic_agent",
    "symbol": "BTCUSDT",
    "exchange": "binance_usdm",
    "timestamp": "2024-05-01T00:00:00.135000Z",
    "sequence": 27,
    "scenario_id": "scenario-556-quote_stuffing",
    "agent_id": "agent-quote_stuffing",
    "order_id": "scenario-556-quote_stuffing-agent-quote_stuffing-27",
    "action": "new",
    "side": "sell",
    "price": 65562.55559999999,
    "quantity": 0.001,
    "remaining_quantity": 0.001
  },
  {
    "event_id": "b2054df2035d22794fe07c6a9cca5b268f84ac68b08d3c022878dd7fe3c32e66",
    "schema_version": "1.0.0",
    "event_type": "agent_order",
    "source": "synthetic_agent",
    "symbol": "BTCUSDT",
    "exchange": "binance_usdm",
    "timestamp": "2024-05-01T00:00:00.140000Z",
    "sequence": 28,
    "scenario_id": "scenario-556-quote_stuffing",
    "agent_id": "agent-quote_stuffing",
    "order_id": "scenario-556-quote_stuffing-agent-quote_stuffing-28",
    "action": "new",
    "side": "buy",
    "price": 65549.44440000001,
    "quantity": 0.001,
    "remaining_quantity": 0.001
  },
  {
    "event_id": "c70ca5577af2b58ce727fb27015f5c84f5dec030ef4e1b1e28caae8886fef9c3",
    "schema_version": "1.0.0",
    "event_type": "agent_order",
    "source": "synthetic_agent",
    "symbol": "BTCUSDT",
    "exchange": "binance_usdm",
    "timestamp": "2024-05-01T00:00:00.145000Z",
    "sequence": 29,
    "scenario_id": "scenario-556-quote_stuffing",
    "agent_id": "agent-quote_stuffing",
    "order_id": "scenario-556-quote_stuffing-agent-quote_stuffing-29",
    "action": "new",
    "side": "sell",
    "price": 65562.55559999999,
    "quantity": 0.001,
    "remaining_quantity": 0.001
  }
]