[
  {
    "event_id": "48e3c9d145da70f547a2d4ab3f6b05e47cf30aa344370727953201c1127b4f5d",
    "schema_version": "1.0.0",
    "event_type": "agent_order",
    "source": "synthetic_agent",
    "symbol": "BTCUSDT",
    "exchange": "binance_usdm",
    "timestamp": "2024-05-01T00:00:00Z",
    "sequence": 0,
    "scenario_id": "scenario-136-quote_stuffing",
    "agent_id": "agent-quote_stuffing",
    "order_id": "scenario-136-quote_stuffing-agent-quote_stuffing-0",
    "action": "new",
    "side": "buy",
    "price": 65129.4864,
    "quantity": 0.001,
    "remaining_quantity": 0.001
  },
  {
    "event_id": "278f6d5af033b1874071c1a7efe8af3b5f15641e0b04273ff29d1482e04d563e",
    "schema_version": "1.0.0",
    "event_type": "agent_order",
    "source": "synthetic_agent",
    "symbol": "BTCUSDT",
    "exchange": "binance_usdm",
    "timestamp": "2024-05-01T00:00:00.005000Z",
    "sequence": 1,
    "scenario_id": "scenario-136-quote_stuffing",
    "agent_id": "agent-quote_stuffing",
    "order_id": "scenario-136-quote_stuffing-agent-quote_stuffing-1",
    "action": "new",
    "side": "sell",
    "price": 65142.5136,
    "quantity": 0.001,
    "remaining_quantity": 0.001
  },
  {
    "event_id": "73192005165a15323a4525ca98bd47dec69dec3a5a8c11ca2db77d4a9194aad8",
    "schema_version": "1.0.0",
    "event_type": "agent_order",
    "source": "synthetic_agent",
    "symbol": "BTCUSDT",
    "exchange": "binance_usdm",
    "timestamp": "2024-05-01T00:00:00.010000Z",
    "sequence": 2,
    "scenario_id": "scenario-136-quote_stuffing",
    "agent_id": "agent-quote_stuffing",
    "order_id": "scenario-136-quote_stuffing-agent-quote_stuffing-2",
    "action": "new",
    "side": "buy",
    "price": 65129.4864,
    "quantity": 0.001,
    "remaining_quantity": 0.001
  },
  {
    "event_id": "2617860b4d39a41ae86c1d6dd18a30faa0220a39975b24837d31a33c8583df31",
    "schema_version": "1.0.0",
    "event_type": "agent_order",
    "source": "synthetic_agent",
    "symbol": "BTCUSDT",
    "exchange": "binance_usdm",
    "timestamp": "2024-05-01T00:00:00.015000Z",
    "sequence": 3,
    "scenario_id": "scenario-136-quote_stuffing",
    "agent_id": "agent-quote_stuffing",
    "order_id": "scenario-136-quote_stuffing-agent-quote_stuffing-3",
    "action": "new",
    "side": "sell",
    "price": 65142.5136,
    "quantity": 0.001,
    "remaining_quantity": 0.001
  },
  {
    "event_id": "4bf49c112adae61f2d1ee2863c29597b9de0dd6d001fbd38dd5eead5582640de",
    "schema_version": "1.0.0",
    "event_type": "agent_order",
    "source": "synthetic_agent",
    "symbol": "BTCUSDT",
    "exchange": "binance_usdm",
    "timestamp": "2024-05-01T00:00:00.020000Z",
    "sequence": 4,
    "scenario_id": "scenario-136-quote_stuffing",
    "agent_id": "agent-quote_stuffing",
    "order_id": "scenario-136-quote_stuffing-agent-quote_stuffing-4",
    "action": "new",
    "side": "buy",
    "price": 65129.4864,
    "quantity": 0.001,
    "remaining_quantity": 0.001
  },
  {
    "event_id": "d6676ccb3f8dadbb3cc732ed24ac3fbdaea800e99409dc8379f458dd411737fb",
    "schema_version": "1.0.0",
    "event_type": "agent_order",
    "source": "synthetic_agent",
    "symbol": "BTCUSDT",
    "exchange": "binance_usdm",
    "timestamp": "2024-05-01T00:00:00.025000Z",
    "sequence": 5,
    "scenario_id": "scenario-136-quote_stuffing",
    "agent_id": "agent-quote_stuffing",
    "order_id": "scenario-136-quote_stuffing-agent-quote_stuffing-5",
    "action": "new",
    "side": "sell",
    "price": 65142.5136,
    "quantity": 0.001,
    "remaining_quantity": 0.001
  },
  {
    "event_id": "238f90255a50246201b0e211f1d2f70724c7fa9adb5db960ddcb0e8092bfd1b1",
    "schema_version": "1.0.0",
    "event_type": "agent_order",
    "source": "synthetic_agent",
    "symbol": "BTCUSDT",
    "exchange": "binance_usdm",
    "timestamp": "2024-05-01T00:00:00.030000Z",
    "sequence": 6,
    "scenario_id": "scenario-136-quote_stuffing",
    "agent_id": "agent-quote_stuffing",
    "order_id": "scenario-136-quote_stuffing-agent-quote_stuffing-6",
    "action": "new",
    "side": "buy",
    "price": 65129.4864,
    "quantity": 0.001,
    "remaining_quantity": 0.001
  },
  {
    "event_id": "257adc97352dbce14badb74cd15ccb811cd3679a2faa1826ad4ea6430ec64e19",
    "schema_version": "1.0.0",
    "event_type": "agent_order",
    "source": "synthetic_agent",
    "symbol": "BTCUSDT",
    "exchange": "binance_usdm",
    "timestamp": "2024-05-01T00:00:00.035000Z",
    "sequence": 7,
    "scenario_id": "scenario-136-quote_stuffing",
    "agent_id": "agent-quote_stuffing",
    "order_id": "scenario-136-quote_stuffing-agent-quote_stuffing-7",
    "action": "new",
    "side": "sell",
    "price": 65142.5136,
    "quantity": 0.001,
    "remaining_quantity": 0.001
  },
  {
    "event_id": "809287b11833c0dd56544b671b959254c9a3da43dc50f5590cb641bf04494403",
    "schema_version": "1.0.0",
    "event_type": "agent_order",
    "source": "synthetic_agent",
    "symbol": "BTCUSDT",
    "exchange": "binance_usdm",
    "timestamp": "2024-05-01T00:00:00.040000Z",
    "sequence": 8,
    "scenario_id": "scenario-136-quote_stuffing",
    "agent_id": "agent-quote_stuffing",
    "order_id": "scenario-136-quote_stuffing-agent-quote_stuffing-8",
    "action": "new",
    "side": "buy",
    "price": 65129.4864,
    "quantity": 0.001,
    "remaining_quantity": 0.001
  },
  {
    "event_id": "9f2f096e35bb8cb6dc22a17da7838c1fffa3863ac22666456079c7636c3d7d7f",
    "schema_version": "1.0.0",
    "event_type": "agent_order",
    "source": "synthetic_agent",
    "symbol": "BTCUSDT",
    "exchange": "binance_usdm",
    "timestamp": "2024-05-01T00:00:00.045000Z",
    "sequence": 9,
    "scenario_id": "scenario-136-quote_stuffing",
    "agent_id": "agent-quote_stuffing",
    "order_id": "scenario-136-quote_stuffing-agent-quote_stuffing-9",
    "action": "new",
    "side": "sell",
    "price": 65142.5136,
    "quantity": 0.001,
    "remaining_quantity": 0.001
  },
  {
    "event_id": "19e05764eb088d78fec1b55737778b85f5502a4954f856fdc5631aa84d9f86c5",
    "schema_version": "1.0.0",
    "event_type": "agent_order",
    "source": "synthetic_agent",
    "symbol": "BTCUSDT",
    "exchange": "binance_usdm",
    "timestamp": "2024-05-01T00:00:00.050000Z",
    "sequence": 10,
    "scenario_id": "scenario-136-quote_stuffing",
    "agent_id": "agent-quote_stuffing",
    "order_id": "scenario-136-quote_stuffing-agent-quote_stuffing-10",
    "action": "new",
    "side": "buy",
    "price": 65129.4864,
    "quantity": 0.001,
    "remaining_quantity": 0.001
  },
  {
    "event_id": "780d6fb1e39b6715261ec11834438f7f26b6b5f1ee5a00bd27dcce5eb5e881c6",
    "schema_version": "1.0.0",
    "event_type": "agent_order",
    "source": "synthetic_agent",
    "symbol": "BTCUSDT",
    "exchange": "binance_usdm",
    "timestamp": "2024-05-01T00:00:00.055000Z",
    "sequence": 11,
    "scenario_id": "scenario-136-quote_stuffing",
    "agent_id": "agent-quote_stuffing",
    "order_id": "scenario-136-quote_stuffing-agent-quote_stuffing-11",
    "action": "new",
    "side": "sell",
    "price": 65142.5136,
    "quantity": 0.001,
    "remaining_quantity": 0.001
  },
  {
    "event_id": "391efdd8fea6bc85a6a53241bcc01968912b1963052d58f26093a25fc462f990",
    "schema_version": "1.0.0",
    "event_type": "agent_order",
    "source": "synthetic_agent",
    "symbol": "BTCUSDT",
    "exchange": "binance_usdm",
    "timestamp": "2024-05-01T00:00:00.060000Z",
    "sequence": 12,
    "scenario_id": "scenario-136-quote_stuffing",
    "agent_id": "agent-quote_stuffing",
    "order_id": "scenario-136-quote_stuffing-agent-quote_stuffing-12",
    "action": "new",
    "side": "buy",
    "price": 65129.4864,
    "quantity": 0.001,
    "remaining_quantity": 0.001
  },
  {
    "event_id": "d3dc92f38ddc424a5c1bb3c4f24f2a032d7378d35f3419a08a36b09641e2f752",
    "schema_version": "1.0.0",
    "event_type": "agent_order",
    "source": "synthetic_agent",
    "symbol": "BTCUSDT",
    "exchange": "binance_usdm",
    "timestamp": "2024-05-01T00:00:00.065000Z",
    "sequence": 13,
    "scenario_id": "scenario-136-quote_stuffing",
    "agent_id": "agent-quote_stuffing",
    "order_id": "scenario-136-quote_stuffing-agent-quote_stuffing-13",
    "action": "new",
    "side": "sell",
    "price": 65142.5136,
    "quantity": 0.001,
    "remaining_quantity": 0.001
  },
  {
    "event_id": "92376651bd859745cf4ffa4f321a1fb95d04d12e46b97f126a11d285b1b8fd1e",
    "schema_version": "1.0.0",
    "event_type": "agent_order",
    "source": "synthetic_agent",
    "symbol": "BTCUSDT",
    "exchange": "binance_usdm",
    "timestamp": "2024-05-01T00:00:00.070000Z",
    "sequence": 14,
    "scenario_id": "scenario-136-quote_stuffing",
    "agent_id": "agent-quote_stuffing",
    "order_id": "scenario-136-quote_stuffing-agent-quote_stuffing-14",
    "action": "new",
    "side": "buy",
    "price": 65129.4864,
    "quantity": 0.001,
    "remaining_quantity": 0.001
  },
  {
    "event_id": "e575deaec81d337125b50ec42037c1b30150d11d0c95c2127cab68bd42c80dde",
    "schema_version": "1.0.0",
    "event_type": "agent_order",
    "source": "synthetic_agent",
    "symbol": "BTCUSDT",
    "exchange": "binance_usdm",
    "timestamp": "2024-05-01T00:00:00.075000Z",
    "sequence": 15,
    "scenario_id": "scenario-136-quote_stuffing",
    "agent_id": "agent-quote_stuffing",
    "order_id": "scenario-136-quote_stuffing-agent-quote_stuffing-15",
    "action": "new",
    "side": "sell",
    "price": 65142.5136,
    "quantity": 0.001,
    "remaining_quantity": 0.001
  },
  {
    "event_id": "d8f62e0745e8299801a7274824a78cbd871eef6e07ee98c188b640191666fd6d",
    "schema_version": "1.0.0",
    "event_type": "agent_order",
    "source": "synthetic_agent",
    "symbol": "BTCUSDT",
    "exchange": "binance_usdm",
    "timestamp": "2024-05-01T00:00:00.080000Z",
    "sequence": 16,
    "scenario_id": "scenario-136-quote_stuffing",
    "agent_id": "agent-quote_stuffing",
    "order_id": "scenario-136-quote_stuffing-agent-quote_stuffing-16",
    "action": "new",
    "side": "buy",
    "price": 65129.4864,
    "quantity": 0.001,
    "remaining_quantity": 0.001
  },
  {
    "event_id": "92c262c21ba97641fba7c4ddb7675f3eeedcebc8871a8d7227f0ce5269a6a77d",
    "schema_version": "1.0.0",
    "event_type": "agent_order",
    "source": "synthetic_agent",
    "symbol": "BTCUSDT",
    "exchange": "binance_usdm",
    "timestamp": "2024-05-01T00:00:00.085000Z",
    "sequence": 17,
    "scenario_id": "scenario-136-quote_stuffing",
    "agent_id": "agent-quote_stuffing",
    "order_id": "scenario-136-quote_stuffing-agent-quote_stuffing-17",
    "action": "new",
    "side": "sell",
    "price": 65142.5136,
    "quantity": 0.001,
    "remaining_quantity": 0.001
  },
  {
    "event_id": "b2d0a5548acbb1ccef9f3c986fc4f3ce93e5156ef5102e69ece233569f90a21f",
    "schema_version": "1.0.0",
    "event_type": "agent_order",
    "source": "synthetic_agent",
    "symbol": "BTCUSDT",
    "exchange": "binance_usdm",
    "timestamp": "2024-05-01T00:00:00.090000Z",
    "sequence": 18,
    "scenario_id": "scenario-136-quote_stuffing",
    "agent_id": "agent-quote_stuffing",
    "order_id": "scenario-136-quote_stuffing-agent-quote_stuffing-18",
    "action": "new",
    "side": "buy",
    "price": 65129.4864,
    "quantity": 0.001,
    "remaining_quantity": 0.001
  },
  {
    "event_id": "661ebbd7f9c6d344d9cabeba36e181637f7cac3940c5927e1ce2a6bf2a70d305",
    "schema_version": "1.0.0",
    "event_type": "agent_order",
    "source": "synthetic_agent",
    "symbol": "BTCUSDT",
    "exchange": "binance_usdm",
    "timestamp": "2024-05-01T00:00:00.095000Z",
    "sequence": 19,
    "scenario_id": "scenario-136-quote_stuffing",
    "agent_id": "agent-quote_stuffing",
    "order_id": "scenario-136-quote_stuffing-agent-quote_stuffing-19",
    "action": "new",
    "side": "sell",
    "price": 65142.5136,
    "quantity": 0.001,
    "remaining_quantity": 0.001
  },
  {
    "event_id": "a12751f53147e6422ee11012dde3371387180d5ecc1f098fc4988ed8779e6cdc",
    "schema_version": "1.0.0",
    "event_type": "agent_order",
    "source": "synthetic_agent",
    "symbol": "BTCUSDT",
    "exchange": "binance_usdm",
    "timestamp": "2024-05-01T00:00:00.100000Z",
    "sequence": 20,
    "scenario_id": "scenario-136-quote_stuffing",
    "agent_id": "agent-quote_stuffing",
    "order_id": "scenario-136-quote_stuffing-agent-quote_stuffing-20",
    "action": "new",
    "side": "buy",
    "price": 65129.4864,
    "quantity": 0.001,
    "remaining_quantity": 0.001
  },
  {
    "event_id": "f095bd6fc2e13e7a1d9a5584b8f9c0f87e07e06ceb471624844bfb707ba8050b",
    "schema_version": "1.0.0",
    "event_type": "agent_order",
    "source": "synthetic_agent",
    "symbol": "BTCUSDT",
    "exchange": "binance_usdm",
    "timestamp": "2024-05-01T00:00:00.105000Z",
    "sequence": 21,
    "scenario_id": "scenario-136-quote_stuffing",
    "agent_id": "agent-quote_stuffing",
    "order_id": "scenario-136-quote_stuffing-agent-quote_stuffing-21",
    "action": "new",
    "side": "sell",
    "price": 65142.5136,
    "quantity": 0.001,
    "remaining_quantity": 0.001
  },
  {
    "event_id": "854be233fb1725aeaadcabbc45cc23c4e816e2b761abc65a1efcde70eaecb526",
    "schema_version": "1.0.0",
    "event_type": "agent_order",
    "source": "synthetic_agent",
    "symbol": "BTCUSDT",
    "exchange": "binance_usdm",
    "timestamp": "2024-05-01T00:00:00.110000Z",
    "sequence": 22,
    "scenario_id": "scenario-136-quote_stuffing",
    "agent_id": "agent-quote_stuffing",
    "order_id": "scenario-136-quote_stuffing-agent-quote_stuffing-22",
    "action": "new",
    "side": "buy",
    "price": 65129.4864,
    "quantity": 0.001,
    "remaining_quantity": 0.001
  },
  {
    "event_id": "b6b201bd12e96d42f447096d3a66768db324cb652e39014c9cf6206595933c91",
    "schema_version": "1.0.0",
    "event_type": "agent_order",
    "source": "synthetic_agent",
    "symbol": "BTCUSDT",
    "exchange": "binance_usdm",
    "timestamp": "2024-05-01T00:00:00.115000Z",
    "sequence": 23,
    "scenario_id": "scenario-136-quote_stuffing",
    "agent_id": "agent-quote_stuffing",
    "order_id": "scenario-136-quote_stuffing-agent-quote_stuffing-23",
    "action": "new",
    "side": "sell",
    "price": 65142.5136,
    "quantity": 0.001,
    "remaining_quantity": 0.001
  },
  {
    "event_id": "4fedaa08a38b0487534f83b69972819f04666ea5a48e46feb580a5f1c4d131a0",
    "schema_version": "1.0.0",
    "event_type": "agent_order",
    "source": "synthetic_agent",
    "symbol": "BTCUSDT",
    "exchange": "binance_usdm",
    "timestamp": "2024-05-01T00:00:00.120000Z",
    "sequence": 24,
    "scenario_id": "scenario-136-quote_stuffing",
    "agent_id": "agent-quote_stuffing",
    "order_id": "scenario-136-quote_stuffing-agent-quote_stuffing-24",
    "action": "new",
    "side": "buy",
    "price": 65129.4864,
    "quantity": 0.001,
    "remaining_quantity": 0.001
  },
  {
    "event_id": "1fe1aee1f796161254555a2be1ae7508dd3d80eed30ede8bf42b0ebc0a5ceeed",
    "schema_version": "1.0.0",
    "event_type": "agent_order",
    "source": "synthetic_agent",
    "symbol": "BTCUSDT",
    "exchange": "binance_usdm",
    "timestamp": "2024-05-01T00:00:00.125000Z",
    "sequence": 25,
    "scenario_id": "scenario-136-quote_stuffing",
    "agent_id": "agent-quote_stuffing",
    "order_id": "scenario-136-quote_stuffing-agent-quote_stuffing-25",
    "action": "new",
    "side": "sell",
    "price": 65142.5136,
    "quantity": 0.001,
    "remaining_quantity": 0.001
  },
  {
    "event_id": "c603e79c41ffa1484d94661ac6f3cdafe27ae0384abe94507af84deaac486aa5",
    "schema_version": "1.0.0",
    "event_type": "agent_order",
    "source": "synthetic_agent",
    "symbol": "BTCUSDT",
    "exchange": "binance_usdm",
    "timestamp": "2024-05-01T00:00:00.130000Z",
    "sequence": 26,
    "scenario_id": "scenario-136-quote_stuffing",
    "agent_id": "agent-quote_stuffing",
    "order_id": "scenario-136-quote_stuffing-agent-quote_stuffing-26",
    "action": "new",
    "side": "buy",
    "price": 65129.4864,
    "quantity": 0.001,
    "remaining_quantity": 0.001
  },
  {
    "event_id": "0091e11a698791c67ebe5e3087832d792fb5c2427f23f48c80f6b8162d3339ce",
    "schema_version": "1.0.0",
    "event_type": "agent_order",
    "source": "synthetic_agent",
    "symbol": "BTCUSDT",
    "exchange": "binance_usdm",
    "timestamp": "2024-05-01T00:00:00.135000Z",
    "sequence": 27,
    "scenario_id": "scenario-136-quote_stuffing",
    "agent_id": "agent-quote_stuffing",
    "order_id": "scenario-136-quote_stuffing-agent-quote_stuffing-27",
    "action": "new",
    "side": "sell",
    "price": 65142.5136,
    "quantity": 0.001,
    "remaining_quantity": 0.001
  },
  {
    "event_id": "1c018eec8d9051bbdadc5c9e7e8079cc1d2a34b00a4648fa549eb40eaf62542f",
    "schema_version": "1.0.0",
    "event_type": "agent_order",
    "source": "synthetic_agent",
    "symbol": "BTCUSDT",
    "exchange": "binance_usdm",
    "timestamp": "2024-05-01T00:00:00.140000Z",
    "sequence": 28,
    "scenario_id": "scenario-136-quote_stuffing",
    "agent_id": "agent-quote_stuffing",
    "order_id": "scenario-136-quote_stuffing-agent-quote_stuffing-28",
    "action": "new",
    "side": "buy",
    "price": 65129.4864,
    "quantity": 0.001,
    "remaining_quantity": 0.001
  },
  {
    "event_id": "2a741b9d4b4280464ebe95d689dd4c9d2eb8fb912475023bb7c7464860f708bb",
    "schema_version": "1.0.0",
    "event_type": "agent_order",
    "source": "synthetic_agent",
    "symbol": "BTCUSDT",
    "exchange": "binance_usdm",
    "timestamp": "2024-05-01T00:00:00.145000Z",
    "sequence": 29,
    "scenario_id": "scenario-136-quote_stuffing",
    "agent_id": "agent-quote_stuffing",
    "order_id": "scenario-136-quote_stuffing-agent-quote_stuffing-29",
    "action": "new",
    "side": "sell",
    "price": 65142.5136,
    "quantity": 0.001,
    "remaining_quantity": 0.001
  }
]