[
  {
    "event_id": "20d78e232cbaad9a583b5063b0d39ded6e9f25fd2696b8c1115f773ff5820e77",
    "schema_version": "1.0.0",
    "event_type": "agent_order",
    "source": "synthetic_agent",
    "symbol": "BTCUSDT",
    "exchange": "binance_usdm",
    "timestamp": "2024-05-01T00:00:00Z",
    "sequence": 0,
    "scenario_id": "scenario-444-passive_market_maker",
    "agent_id": "agent-passive_market_maker",
    "order_id": "scenario-444-passive_market_maker-agent-passive_market_maker-0",
    "action": "new",
    "side": "buy",
    "price": 65378.556,
    "quantity": 0.01,
    "remaining_quantity": 0.01
  },
  {
    "event_id": "811de1a92153c016760f2287898c9c4d73053e99d168e34aff75f64ee264dcba",
    "schema_version": "1.0.0",
    "event_type": "agent_order",
    "source": "synthetic_agent",
    "symbol": "BTCUSDT",
    "exchange": "binance_usdm",
    "timestamp": "2024-05-01T00:00:00.100000Z",
    "sequence": 1,
    "scenario_id": "scenario-444-passive_market_maker",
    "agent_id": "agent-passive_market_maker",
    "order_id": "scenario-444-passive_market_maker-agent-passive_market_maker-1",
    "action": "new",
    "side": "sell",
    "price": 65509.443999999996,
    "quantity": 0.01,
    "remaining_quantity": 0.01
  },
  {
    "event_id": "209a40aafe1ad0425a77edb86c85cc54b0e2f4bd94a2a366cc6f6e04d67b2935",
    "schema_version": "1.0.0",
    "event_type": "agent_order",
    "source": "synthetic_agent",
    "symbol": "BTCUSDT",
    "exchange": "binance_usdm",
    "timestamp": "2024-05-01T00:00:00.200000Z",
    "sequence": 2,
    "scenario_id": "scenario-444-passive_market_maker",
    "agent_id": "agent-passive_market_maker",
    "order_id": "scenario-444-passive_market_maker-agent-passive_market_maker-2",
    "action": "new",
    "side": "buy",
    "price": 65378.556,
    "quantity": 0.01,
    "remaining_quantity": 0.01
  },
  {
    "event_id": "06b2d572b3193f25505057146e1a0899000c0adabfe9ae9e6f03e91aa6032088",
    "schema_version": "1.0.0",
    "event_type": "agent_order",
    "source": "synthetic_agent",
    "symbol": "BTCUSDT",
    "exchange": "binance_usdm",
    "timestamp": "2024-05-01T00:00:00.300000Z",
    "sequence": 3,
    "scenario_id": "scenario-444-passive_market_maker",
    "agent_id": "agent-passive_market_maker",
    "order_id": "scenario-444-passive_market_maker-agent-passive_market_maker-3",
    "action": "new",
    "side": "sell",
    "price": 65509.443999999996,
    "quantity": 0.01,
    "remaining_quantity": 0.01
  },
  {
    "event_id": "74a626618916c0c3e9b603b93a5909b28dc6619de8e24c30d7de6294f5218f86",
    "schema_version": "1.0.0",
    "event_type": "agent_order",
    "source": "synthetic_agent",
    "symbol": "BTCUSDT",
    "exchange": "binance_usdm",
    "timestamp": "2024-05-01T00:00:00.400000Z",
    "sequence": 4,
    "scenario_id": "scenario-444-passive_market_maker",
    "agent_id": "agent-passive_market_maker",
    "order_id": "scenario-444-passive_market_maker-agent-passive_market_maker-4",
    "action": "new",
    "side": "buy",
    "price": 65378.556,
    "quantity": 0.01,
    "remaining_quantity": 0.01
  },
  {
    "event_id": "01d7aa5e230670253c44f4ffba887ffe44e7e62d86eb23dbe91cd7a16fdef650",
    "schema_version": "1.0.0",
    "event_type": "agent_order",
    "source": "synthetic_agent",
    "symbol": "BTCUSDT",
    "exchange": "binance_usdm",
    "timestamp": "2024-05-01T00:00:00.500000Z",
    "sequence": 5,
    "scenario_id": "scenario-444-passive_market_maker",
    "agent_id": "agent-passive_market_maker",
    "order_id": "scenario-444-passive_market_maker-agent-passive_market_maker-5",
    "action": "new",
    "side": "sell",
    "price": 65509.443999999996,
    "quantity": 0.01,
    "remaining_quantity": 0.01
  },
  {
    "event_id": "3572497817aadb83ade1fd61d07c49a97011f3c8683ddc14f533d8bd7b15a2f9",
    "schema_version": "1.0.0",
    "event_type": "agent_order",
    "source": "synthetic_agent",
    "symbol": "BTCUSDT",
    "exchange": "binance_usdm",
    "timestamp": "2024-05-01T00:00:00.600000Z",
    "sequence": 6,
    "scenario_id": "scenario-444-passive_market_maker",
    "agent_id": "agent-passive_market_maker",
    "order_id": "scenario-444-passive_market_maker-agent-passive_market_maker-6",
    "action": "new",
    "side": "buy",
    "price": 65378.556,
    "quantity": 0.01,
    "remaining_quantity": 0.01
  },
  {
    "event_id": "8a588fe44e346a208656d28d853e84a2957240ef27b74cfc637ce20a11a32089",
    "schema_version": "1.0.0",
    "event_type": "agent_order",
    "source": "synthetic_agent",
    "symbol": "BTCUSDT",
    "exchange": "binance_usdm",
    "timestamp": "2024-05-01T00:00:00.700000Z",
    "sequence": 7,
    "scenario_id": "scenario-444-passive_market_maker",
    "agent_id": "agent-passive_market_maker",
    "order_id": "scenario-444-passive_market_maker-agent-passive_market_maker-7",
    "action": "new",
    "side": "sell",
    "price": 65509.443999999996,
    "quantity": 0.01,
    "remaining_quantity": 0.01
  },
  {
    "event_id": "8f4610f57e1f860215f697700b4523d13bf56cbf6c2abf46c69863b9d23d7fdd",
    "schema_version": "1.0.0",
    "event_type": "agent_order",
    "source": "synthetic_agent",
    "symbol": "BTCUSDT",
    "exchange": "binance_usdm",
    "timestamp": "2024-05-01T00:00:00.800000Z",
    "sequence": 8,
    "scenario_id": "scenario-444-passive_market_maker",
    "agent_id": "agent-passive_market_maker",
    "order_id": "scenario-444-passive_market_maker-agent-passive_market_maker-8",
    "action": "new",
    "side": "buy",
    "price": 65378.556,
    "quantity": 0.01,
    "remaining_quantity": 0.01
  },
  {
    "event_id": "6f3c2879345ca61cc27e23f791e6156dfa8e6380d1e52d4ca764fa37b09c16f2",
    "schema_version": "1.0.0",
    "event_type": "agent_order",
    "source": "synthetic_agent",
    "symbol": "BTCUSDT",
    "exchange": "binance_usdm",
    "timestamp": "2024-05-01T00:00:00.900000Z",
    "sequence": 9,
    "scenario_id": "scenario-444-passive_market_maker",
    "agent_id": "agent-passive_market_maker",
    "order_id": "scenario-444-passive_market_maker-agent-passive_market_maker-9",
    "action": "new",
    "side": "sell",
    "price": 65509.443999999996,
    "quantity": 0.01,
    "remaining_quantity": 0.01
  },
  {
    "event_id": "0ad2dbeb523b0b6cd71df227bec76b5c8fda6e0f48ceca0740f33ed24359eb7f",
    "schema_version": "1.0.0",
    "event_type": "agent_order",
    "source": "synthetic_agent",
    "symbol": "BTCUSDT",
    "exchange": "binance_usdm",
    "timestamp": "2024-05-01T00:00:01Z",
    "sequence": 10,
    "scenario_id": "scenario-444-passive_market_maker",
    "agent_id": "agent-passive_market_maker",
    "order_id": "scenario-444-passive_market_maker-agent-passive_market_maker-10",
    "action": "new",
    "side": "buy",
    "price": 65378.556,
    "quantity": 0.01,
    "remaining_quantity": 0.01
  },
  {
    "event_id": "5cf8e465e0a3037a19fcf71cb05233ab171c23f8d000a335a3abd4c6658a417e",
    "schema_version": "1.0.0",
    "event_type": "agent_order",
    "source": "synthetic_agent",
    "symbol": "BTCUSDT",
    "exchange": "binance_usdm",
    "timestamp": "2024-05-01T00:00:01.100000Z",
    "sequence": 11,
    "scenario_id": "scenario-444-passive_market_maker",
    "agent_id": "agent-passive_market_maker",
    "order_id": "scenario-444-passive_market_maker-agent-passive_market_maker-11",
    "action": "new",
    "side": "sell",
    "price": 65509.443999999996,
    "quantity": 0.01,
    "remaining_quantity": 0.01
  },
  {
    "event_id": "589309cf8d06401c8cdb6f169c8da05a1019f805ddebf52f2f42286bcaac3f8e",
    "schema_version": "1.0.0",
    "event_type": "agent_order",
    "source": "synthetic_agent",
    "symbol": "BTCUSDT",
    "exchange": "binance_usdm",
    "timestamp": "2024-05-01T00:00:01.200000Z",
    "sequence": 12,
    "scenario_id": "scenario-444-passive_market_maker",
    "agent_id": "agent-passive_market_maker",
    "order_id": "scenario-444-passive_market_maker-agent-passive_market_maker-12",
    "action": "new",
    "side": "buy",
    "price": 65378.556,
    "quantity": 0.01,
    "remaining_quantity": 0.01
  },
  {
    "event_id": "3ee93e6952e2f022dcd2f8b9bb43040e18d319106293efca432ef00785437fe1",
    "schema_version": "1.0.0",
    "event_type": "agent_order",
    "source": "synthetic_agent",
    "symbol": "BTCUSDT",
    "exchange": "binance_usdm",
    "timestamp": "2024-05-01T00:00:01.300000Z",
    "sequence": 13,
    "scenario_id": "scenario-444-passive_market_maker",
    "agent_id": "agent-passive_market_maker",
    "order_id": "scenario-444-passive_market_maker-agent-passive_market_maker-13",
    "action": "new",
    "side": "sell",
    "price": 65509.443999999996,
    "quantity": 0.01,
    "remaining_quantity": 0.01
  },
  {
    "event_id": "816bc7d0ced26f45a3480840178e25a4fdd5b9c2b80a5d01041420a68d510b26",
    "schema_version": "1.0.0",
    "event_type": "agent_order",
    "source": "synthetic_agent",
    "symbol": "BTCUSDT",
    "exchange": "binance_usdm",
    "timestamp": "2024-05-01T00:00:01.400000Z",
    "sequence": 14,
    "scenario_id": "scenario-444-passive_market_maker",
    "agent_id": "agent-passive_market_maker",
    "order_id": "scenario-444-passive_market_maker-agent-passive_market_maker-14",
    "action": "new",
    "side": "buy",
    "price": 65378.556,
    "quantity": 0.01,
    "remaining_quantity": 0.01
  },
  {
    "event_id": "6eec86dc4a8fa51f1185a50371d201a815b5a1095a9a795b2101cf06197b19db",
    "schema_version": "1.0.0",
    "event_type": "agent_order",
    "source": "synthetic_agent",
    "symbol": "BTCUSDT",
    "exchange": "binance_usdm",
    "timestamp": "2024-05-01T00:00:01.500000Z",
    "sequence": 15,
    "scenario_id": "scenario-444-passive_market_maker",
    "agent_id": "agent-passive_market_maker",
    "order_id": "scenario-444-passive_market_maker-agent-passive_market_maker-15",
    "action": "new",
    "side": "sell",
    "price": 65509.443999999996,
    "quantity": 0.01,
    "remaining_quantity": 0.01
  },
  {
    "event_id": "e44125cf06b7a8cdcafcef9e9cb375c512759a50f1bc157471a9c60f5996c2a5",
    "schema_version": "1.0.0",
    "event_type": "agent_order",
    "source": "synthetic_agent",
    "symbol": "BTCUSDT",
    "exchange": "binance_usdm",
    "timestamp": "2024-05-01T00:00:01.600000Z",
    "sequence": 16,
    "scenario_id": "scenario-444-passive_market_maker",
    "agent_id": "agent-passive_market_maker",
    "order_id": "scenario-444-passive_market_maker-agent-passive_market_maker-16",
    "action": "new",
    "side": "buy",
    "price": 65378.556,
    "quantity": 0.01,
    "remaining_quantity": 0.01
  },
  {
    "event_id": "7f81ec0ac86c3dd48d7767ae218f4fa1e3a6c5ef9ae8f28190062ffbce48eca0",
    "schema_version": "1.0.0",
    "event_type": "agent_order",
    "source": "synthetic_agent",
    "symbol": "BTCUSDT",
    "exchange": "binance_usdm",
    "timestamp": "2024-05-01T00:00:01.700000Z",
    "sequence": 17,
    "scenario_id": "scenario-444-passive_market_maker",
    "agent_id": "agent-passive_market_maker",
    "order_id": "scenario-444-passive_market_maker-agent-passive_market_maker-17",
    "action": "new",
    "side": "sell",
    "price": 65509.443999999996,
    "quantity": 0.01,
    "remaining_quantity": 0.01
  },
  {
    "event_id": "f3b87a6f0165b4186936d50673fb8f14302982f186b4f65f075033a8bcff1475",
    "schema_version": "1.0.0",
    "event_type": "agent_order",
    "source": "synthetic_agent",
    "symbol": "BTCUSDT",
    "exchange": "binance_usdm",
    "timestamp": "2024-05-01T00:00:01.800000Z",
    "sequence": 18,
    "scenario_id": "scenario-444-passive_market_maker",
    "agent_id": "agent-passive_market_maker",
    "order_id": "scenario-444-passive_market_maker-agent-passive_market_maker-18",
    "action": "new",
    "side": "buy",
    "price": 65378.556,
    "quantity": 0.01,
    "remaining_quantity": 0.01
  },
  {
    "event_id": "770dbec1925758d76916e8fb2684321d11ba591db538ca62562e68009c448393",
    "schema_version": "1.0.0",
    "event_type": "agent_order",
    "source": "synthetic_agent",
    "symbol": "BTCUSDT",
    "exchange": "binance_usdm",
    "timestamp": "2024-05-01T00:00:01.900000Z",
    "sequence": 19,
    "scenario_id": "scenario-444-passive_market_maker",
    "agent_id": "agent-passive_market_maker",
    "order_id": "scenario-444-passive_market_maker-agent-passive_market_maker-19",
    "action": "new",
    "side": "sell",
    "price": 65509.443999999996,
    "quantity": 0.01,
    "remaining_quantity": 0.01
  },
  {
    "event_id": "ab4c9edf17db5d6cf0183867601ab434a9c3323dd445c6e9be7bcf249eed95e1",
    "schema_version": "1.0.0",
    "event_type": "agent_order",
    "source": "synthetic_agent",
    "symbol": "BTCUSDT",
    "exchange": "binance_usdm",
    "timestamp": "2024-05-01T00:00:02Z",
    "sequence": 20,
    "scenario_id": "scenario-444-passive_market_maker",
    "agent_id": "agent-passive_market_maker",
    "order_id": "scenario-444-passive_market_maker-agent-passive_market_maker-20",
    "action": "new",
    "side": "buy",
    "price": 65378.556,
    "quantity": 0.01,
    "remaining_quantity": 0.01
  },
  {
    "event_id": "05e9620511dd438ae54b4f6a6f8d1f6fa8f4c5374a3a9bbfbdea9576360503c4",
    "schema_version": "1.0.0",
    "event_type": "agent_order",
    "source": "synthetic_agent",
    "symbol": "BTCUSDT",
    "exchange": "binance_usdm",
    "timestamp": "2024-05-01T00:00:02.100000Z",
    "sequence": 21,
    "scenario_id": "scenario-444-passive_market_maker",
    "agent_id": "agent-passive_market_maker",
    "order_id": "scenario-444-passive_market_maker-agent-passive_market_maker-21",
    "action": "new",
    "side": "sell",
    "price": 65509.443999999996,
    "quantity": 0.01,
    "remaining_quantity": 0.01
  },
  {
    "event_id": "e8d4edeb8c6e410c7cd6cae56e2ec45a275e842cee52c07ce06cd6a170ff9fba",
    "schema_version": "1.0.0",
    "event_type": "agent_order",
    "source": "synthetic_agent",
    "symbol": "BTCUSDT",
    "exchange": "binance_usdm",
    "timestamp": "2024-05-01T00:00:02.200000Z",
    "sequence": 22,
    "scenario_id": "scenario-444-passive_market_maker",
    "agent_id": "agent-passive_market_maker",
    "order_id": "scenario-444-passive_market_maker-agent-passive_market_maker-22",
    "action": "new",
    "side": "buy",
    "price": 65378.556,
    "quantity": 0.01,
    "remaining_quantity": 0.01
  },
  {
    "event_id": "304349add82d7373807860c2964c31591ab3570e65a1713f69200aef1eb2cb72",
    "schema_version": "1.0.0",
    "event_type": "agent_order",
    "source": "synthetic_agent",
    "symbol": "BTCUSDT",
    "exchange": "binance_usdm",
    "timestamp": "2024-05-01T00:00:02.300000Z",
    "sequence": 23,
    "scenario_id": "scenario-444-passive_market_maker",
    "agent_id": "agent-passive_market_maker",
    "order_id": "scenario-444-passive_market_maker-agent-passive_market_maker-23",
    "action": "new",
    "side": "sell",
    "price": 65509.443999999996,
    "quantity": 0.01,
    "remaining_quantity": 0.01
  },
  {
    "event_id": "e339e823b8d2dba2c0e5e98a7eaf3a9a7320a942737eaa24f16398666e0eb009",
    "schema_version": "1.0.0",
    "event_type": "agent_order",
    "source": "synthetic_agent",
    "symbol": "BTCUSDT",
    "exchange": "binance_usdm",
    "timestamp": "2024-05-01T00:00:02.400000Z",
    "sequence": 24,
    "scenario_id": "scenario-444-passive_market_maker",
    "agent_id": "agent-passive_market_maker",
    "order_id": "scenario-444-passive_market_maker-agent-passive_market_maker-24",
    "action": "new",
    "side": "buy",
    "price": 65378.556,
    "quantity": 0.01,
    "remaining_quantity": 0.01
  },
  {
    "event_id": "3a5b75d25b1f2aadf6ed18d2f2bbb1d104450edb457fef80eae46f8f010aadf5",
    "schema_version": "1.0.0",
    "event_type": "agent_order",
    "source": "synthetic_agent",
    "symbol": "BTCUSDT",
    "exchange": "binance_usdm",
    "timestamp": "2024-05-01T00:00:02.500000Z",
    "sequence": 25,
    "scenario_id": "scenario-444-passive_market_maker",
    "agent_id": "agent-passive_market_maker",
    "order_id": "scenario-444-passive_market_maker-agent-passive_market_maker-25",
    "action": "new",
    "side": "sell",
    "price": 65509.443999999996,
    "quantity": 0.01,
    "remaining_quantity": 0.01
  },
  {
    "event_id": "b76d83e50ddb3c074bdb955b69c12ef7c82638c3fa9dc9128d696bc342e56ac6",
    "schema_version": "1.0.0",
    "event_type": "agent_order",
    "source": "synthetic_agent",
    "symbol": "BTCUSDT",
    "exchange": "binance_usdm",
    "timestamp": "2024-05-01T00:00:02.600000Z",
    "sequence": 26,
    "scenario_id": "scenario-444-passive_market_maker",
    "agent_id": "agent-passive_market_maker",
    "order_id": "scenario-444-passive_market_maker-agent-passive_market_maker-26",
    "action": "new",
    "side": "buy",
    "price": 65378.556,
    "quantity": 0.01,
    "remaining_quantity": 0.01
  },
  {
    "event_id": "00de38345ccb456fc4efe97e86babbdddffb218d8889d857dfeafe1caa75450c",
    "schema_version": "1.0.0",
    "event_type": "agent_order",
    "source": "synthetic_agent",
    "symbol": "BTCUSDT",
    "exchange": "binance_usdm",
    "timestamp": "2024-05-01T00:00:02.700000Z",
    "sequence": 27,
    "scenario_id": "scenario-444-passive_market_maker",
    "agent_id": "agent-passive_market_maker",
    "order_id": "scenario-444-passive_market_maker-agent-passive_market_maker-27",
    "action": "new",
    "side": "sell",
    "price": 65509.443999999996,
    "quantity": 0.01,
    "remaining_quantity": 0.01
  },
  {
    "event_id": "8899b093f9ba2ad3d9a6e2e94063d46ff9dbe9d1e13cfebe81b1e0ee5f058ad4",
    "schema_version": "1.0.0",
    "event_type": "agent_order",
    "source": "synthetic_agent",
    "symbol": "BTCUSDT",
    "exchange": "binance_usdm",
    "timestamp": "2024-05-01T00:00:02.800000Z",
    "sequence": 28,
    "scenario_id": "scenario-444-passive_market_maker",
    "agent_id": "agent-passive_market_maker",
    "order_id": "scenario-444-passive_market_maker-agent-passive_market_maker-28",
    "action": "new",
    "side": "buy",
    "price": 65378.556,
    "quantity": 0.01,
    "remaining_quantity": 0.01
  },
  {
    "event_id": "a52a94c60c1a4ab196d192c91d2cac3c2967530073fa773a8bcf9f990b23cdd1",
    "schema_version": "1.0.0",
    "event_type": "agent_order",
    "source": "synthetic_agent",
    "symbol": "BTCUSDT",
    "exchange": "binance_usdm",
    "timestamp": "2024-05-01T00:00:02.900000Z",
    "sequence": 29,
    "scenario_id": "scenario-444-passive_market_maker",
    "agent_id": "agent-passive_market_maker",
    "order_id": "scenario-444-passive_market_maker-agent-passive_market_maker-29",
    "action": "new",
    "side": "sell",
    "price": 65509.443999999996,
    "quantity": 0.01,
    "remaining_quantity": 0.01
  }
]