[
  {
    "event_id": "a6234f056a45675c752f2d11e0009862218ed082c96bb90e89c303724bda8f2d",
    "schema_version": "1.0.0",
    "event_type": "agent_order",
    "source": "synthetic_agent",
    "symbol": "BTCUSDT",
    "exchange": "binance_usdm",
    "timestamp": "2024-05-01T00:00:00Z",
    "sequence": 0,
    "scenario_id": "scenario-232-quote_stuffing",
    "agent_id": "agent-quote_stuffing",
    "order_id": "scenario-232-quote_stuffing-agent-quote_stuffing-0",
    "action": "new",
    "side": "buy",
    "price": 65225.476800000004,
    "quantity": 0.001,
    "remaining_quantity": 0.001
  },
  {
    "event_id": "ed875051a34885e13da38783b565c162b03a0a0ec47200f622169b188b50fe76",
    "schema_version": "1.0.0",
    "event_type": "agent_order",
    "source": "synthetic_agent",
    "symbol": "BTCUSDT",
    "exchange": "binance_usdm",
    "timestamp": "2024-05-01T00:00:00.005000Z",
    "sequence": 1,
    "scenario_id": "scenario-232-quote_stuffing",
    "agent_id": "agent-quote_stuffing",
    "order_id": "scenario-232-quote_stuffing-agent-quote_stuffing-1",
    "action": "new",
    "side": "sell",
    "price": 65238.523199999996,
    "quantity": 0.001,
    "remaining_quantity": 0.001
  },
  {
    "event_id": "0621d29e57216445ab328a4572108d6abae882cd8e1526b4a51ad03401fb750f",
    "schema_version": "1.0.0",
    "event_type": "agent_order",
    "source": "synthetic_agent",
    "symbol": "BTCUSDT",
    "exchange": "binance_usdm",
    "timestamp": "2024-05-01T00:00:00.010000Z",
    "sequence": 2,
    "scenario_id": "scenario-232-quote_stuffing",
    "agent_id": "agent-quote_stuffing",
    "order_id": "scenario-232-quote_stuffing-agent-quote_stuffing-2",
    "action": "new",
    "side": "buy",
    "price": 65225.476800000004,
    "quantity": 0.001,
    "remaining_quantity": 0.001
  },
  {
    "event_id": "612ee56ec9a10ccf19ebe771b581cd0302af0e66f7c7e1ea5a635e569bd48917",
    "schema_version": "1.0.0",
    "event_type": "agent_order",
    "source": "synthetic_agent",
    "symbol": "BTCUSDT",
    "exchange": "binance_usdm",
    "timestamp": "2024-05-01T00:00:00.015000Z",
    "sequence": 3,
    "scenario_id": "scenario-232-quote_stuffing",
    "agent_id": "agent-quote_stuffing",
    "order_id": "scenario-232-quote_stuffing-agent-quote_stuffing-3",
    "action": "new",
    "side": "sell",
    "price": 65238.523199999996,
    "quantity": 0.001,
    "remaining_quantity": 0.001
  },
  {
    "event_id": "a751a0f262fa6d386399635684066685620e266b500144b253cdf120744e3045",
    "schema_version": "1.0.0",
    "event_type": "agent_order",
    "source": "synthetic_agent",
    "symbol": "BTCUSDT",
    "exchange": "binance_usdm",
    "timestamp": "2024-05-01T00:00:00.020000Z",
    "sequence": 4,
    "scenario_id": "scenario-232-quote_stuffing",
    "agent_id": "agent-quote_stuffing",
    "order_id": "scenario-232-quote_stuffing-agent-quote_stuffing-4",
    "action": "new",
    "side": "buy",
    "price": 65225.476800000004,
    "quantity": 0.001,
    "remaining_quantity": 0.001
  },
  {
    "event_id": "1badbca1bd1c3eeb372c952fb93496ba2d2df4087169fa555ea671f9d3a21603",
    "schema_version": "1.0.0",
    "event_type": "agent_order",
    "source": "synthetic_agent",
    "symbol": "BTCUSDT",
    "exchange": "binance_usdm",
    "timestamp": "2024-05-01T00:00:00.025000Z",
    "sequence": 5,
    "scenario_id": "scenario-232-quote_stuffing",
    "agent_id": "agent-quote_stuffing",
    "order_id": "scenario-232-quote_stuffing-agent-quote_stuffing-5",
    "action": "new",
    "side": "sell",
    "price": 65238.523199999996,
    "quantity": 0.001,
    "remaining_quantity": 0.001
  },
  {
    "event_id": "77b0189c22bc3d114ee0ac4c9cf4a6169d8d2c04a53fdb5e03a3f7b2b76b27d7",
    "schema_version": "1.0.0",
    "event_type": "agent_order",
    "source": "synthetic_agent",
    "symbol": "BTCUSDT",
    "exchange": "binance_usdm",
    "timestamp": "2024-05-01T00:00:00.030000Z",
    "sequence": 6,
    "scenario_id": "scenario-232-quote_stuffing",
    "agent_id": "agent-quote_stuffing",
    "order_id": "scenario-232-quote_stuffing-agent-quote_stuffing-6",
    "action": "new",
    "side": "buy",
    "price": 65225.476800000004,
    "quantity": 0.001,
    "remaining_quantity": 0.001
  },
  {
    "event_id": "3c128c6de4c7abf2074e34d4823095a38c7f587f32ae944d7fd806b081dd0b72",
    "schema_version": "1.0.0",
    "event_type": "agent_order",
    "source": "synthetic_agent",
    "symbol": "BTCUSDT",
    "exchange": "binance_usdm",
    "timestamp": "2024-05-01T00:00:00.035000Z",
    "sequence": 7,
    "scenario_id": "scenario-232-quote_stuffing",
    "agent_id": "agent-quote_stuffing",
    "order_id": "scenario-232-quote_stuffing-agent-quote_stuffing-7",
    "action": "new",
    "side": "sell",
    "price": 65238.523199999996,
    "quantity": 0.001,
    "remaining_quantity": 0.001
  },
  {
    "event_id": "c42b2e03f729ca02cdcd5938a5451a0f600636c1a1949db0be202c96d38fea5d",
    "schema_version": "1.0.0",
    "event_type": "agent_order",
    "source": "synthetic_agent",
    "symbol": "BTCUSDT",
    "exchange": "binance_usdm",
    "timestamp": "2024-05-01T00:00:00.040000Z",
    "sequence": 8,
    "scenario_id": "scenario-232-quote_stuffing",
    "agent_id": "agent-quote_stuffing",
    "order_id": "scenario-232-quote_stuffing-agent-quote_stuffing-8",
    "action": "new",
    "side": "buy",
    "price": 65225.476800000004,
    "quantity": 0.001,
    "remaining_quantity": 0.001
  },
  {
    "event_id": "286d8423caf5bd37b2c256288e13cbbde541bbe5aee975f29ef6fb1b6c98b041",
    "schema_version": "1.0.0",
    "event_type": "agent_order",
    "source": "synthetic_agent",
    "symbol": "BTCUSDT",
    "exchange": "binance_usdm",
    "timestamp": "2024-05-01T00:00:00.045000Z",
    "sequence": 9,
    "scenario_id": "scenario-232-quote_stuffing",
    "agent_id": "agent-quote_stuffing",
    "order_id": "scenario-232-quote_stuffing-agent-quote_stuffing-9",
    "action": "new",
    "side": "sell",
    "price": 65238.523199999996,
    "quantity": 0.001,
    "remaining_quantity": 0.001
  },
  {
    "event_id": "61793a66996334ff9f61b2bd8b8948aa6835bba00323485b29b8aaa42e4cd0e5",
    "schema_version": "1.0.0",
    "event_type": "agent_order",
    "source": "synthetic_agent",
    "symbol": "BTCUSDT",
    "exchange": "binance_usdm",
    "timestamp": "2024-05-01T00:00:00.050000Z",
    "sequence": 10,
    "scenario_id": "scenario-232-quote_stuffing",
    "agent_id": "agent-quote_stuffing",
    "order_id": "scenario-232-quote_stuffing-agent-quote_stuffing-10",
    "action": "new",
    "side": "buy",
    "price": 65225.476800000004,
    "quantity": 0.001,
    "remaining_quantity": 0.001
  },
  {
    "event_id": "c01c4483c386f33b537d41ab5f4d9ff40f51d3bbb948f27384cedf429f645757",
    "schema_version": "1.0.0",
    "event_type": "agent_order",
    "source": "synthetic_agent",
    "symbol": "BTCUSDT",
    "exchange": "binance_usdm",
    "timestamp": "2024-05-01T00:00:00.055000Z",
    "sequence": 11,
    "scenario_id": "scenario-232-quote_stuffing",
    "agent_id": "agent-quote_stuffing",
    "order_id": "scenario-232-quote_stuffing-agent-quote_stuffing-11",
    "action": "new",
    "side": "sell",
    "price": 65238.523199999996,
    "quantity": 0.001,
    "remaining_quantity": 0.001
  },
  {
    "event_id": "66a9390663fd46c3931022366ae313774b990f5fb39521bd2344eaddaaf3b7a3",
    "schema_version": "1.0.0",
    "event_type": "agent_order",
    "source": "synthetic_agent",
    "symbol": "BTCUSDT",
    "exchange": "binance_usdm",
    "timestamp": "2024-05-01T00:00:00.060000Z",
    "sequence": 12,
    "scenario_id": "scenario-232-quote_stuffing",
    "agent_id": "agent-quote_stuffing",
    "order_id": "scenario-232-quote_stuffing-agent-quote_stuffing-12",
    "action": "new",
    "side": "buy",
    "price": 65225.476800000004,
    "quantity": 0.001,
    "remaining_quantity": 0.001
  },
  {
    "event_id": "2ffd51e2748ec1edab3cb0b2a01dcad2e0a987fdaa499273f8e918a5137f341f",
    "schema_version": "1.0.0",
    "event_type": "agent_order",
    "source": "synthetic_agent",
    "symbol": "BTCUSDT",
    "exchange": "binance_usdm",
    "timestamp": "2024-05-01T00:00:00.065000Z",
    "sequence": 13,
    "scenario_id": "scenario-232-quote_stuffing",
    "agent_id": "agent-quote_stuffing",
    "order_id": "scenario-232-quote_stuffing-agent-quote_stuffing-13",
    "action": "new",
    "side": "sell",
    "price": 65238.523199999996,
    "quantity": 0.001,
    "remaining_quantity": 0.001
  },
  {
    "event_id": "bb1f9e69b6f79ea4cbb35ff80e23aebd00d19cec57697420e0cdd954cb712558",
    "schema_version": "1.0.0",
    "event_type": "agent_order",
    "source": "synthetic_agent",
    "symbol": "BTCUSDT",
    "exchange": "binance_usdm",
    "timestamp": "2024-05-01T00:00:00.070000Z",
    "sequence": 14,
    "scenario_id": "scenario-232-quote_stuffing",
    "agent_id": "agent-quote_stuffing",
    "order_id": "scenario-232-quote_stuffing-agent-quote_stuffing-14",
    "action": "new",
    "side": "buy",
    "price": 65225.476800000004,
    "quantity": 0.001,
    "remaining_quantity": 0.001
  },
  {
    "event_id": "2bcd1987423cd7027311252efca455083cc50cbf880b228afc47856ad006abbc",
    "schema_version": "1.0.0",
    "event_type": "agent_order",
    "source": "synthetic_agent",
    "symbol": "BTCUSDT",
    "exchange": "binance_usdm",
    "timestamp": "2024-05-01T00:00:00.075000Z",
    "sequence": 15,
    "scenario_id": "scenario-232-quote_stuffing",
    "agent_id": "agent-quote_stuffing",
    "order_id": "scenario-232-quote_stuffing-agent-quote_stuffing-15",
    "action": "new",
    "side": "sell",
    "price": 65238.523199999996,
    "quantity": 0.001,
    "remaining_quantity": 0.001
  },
  {
    "event_id": "f84fd251e41f68c91aa212d8c7246ba393cdf4230a1046fb8bbb1e5ab2be1f02",
    "schema_version": "1.0.0",
    "event_type": "agent_order",
    "source": "synthetic_agent",
    "symbol": "BTCUSDT",
    "exchange": "binance_usdm",
    "timestamp": "2024-05-01T00:00:00.080000Z",
    "sequence": 16,
    "scenario_id": "scenario-232-quote_stuffing",
    "agent_id": "agent-quote_stuffing",
    "order_id": "scenario-232-quote_stuffing-agent-quote_stuffing-16",
    "action": "new",
    "side": "buy",
    "price": 65225.476800000004,
    "quantity": 0.001,
    "remaining_quantity": 0.001
  },
  {
    "event_id": "ea6c4710a01c5fb0b3b7c66aa43df0b58a33bdf077edff89fbaa26fa338ba111",
    "schema_version": "1.0.0",
    "event_type": "agent_order",
    "source": "synthetic_agent",
    "symbol": "BTCUSDT",
    "exchange": "binance_usdm",
    "timestamp": "2024-05-01T00:00:00.085000Z",
    "sequence": 17,
    "scenario_id": "scenario-232-quote_stuffing",
    "agent_id": "agent-quote_stuffing",
    "order_id": "scenario-232-quote_stuffing-agent-quote_stuffing-17",
    "action": "new",
    "side": "sell",
    "price": 65238.523199999996,
    "quantity": 0.001,
    "remaining_quantity": 0.001
  },
  {
    "event_id": "62fcc0daec155faaeef6139d1d0baf6fede701b4253d39925ff62b6273091dfb",
    "schema_version": "1.0.0",
    "event_type": "agent_order",
    "source": "synthetic_agent",
    "symbol": "BTCUSDT",
    "exchange": "binance_usdm",
    "timestamp": "2024-05-01T00:00:00.090000Z",
    "sequence": 18,
    "scenario_id": "scenario-232-quote_stuffing",
    "agent_id": "agent-quote_stuffing",
    "order_id": "scenario-232-quote_stuffing-agent-quote_stuffing-18",
    "action": "new",
    "side": "buy",
    "price": 65225.476800000004,
    "quantity": 0.001,
    "remaining_quantity": 0.001
  },
  {
    "event_id": "e0a6abb8b27ebee75087ff06f1fe140e29b6890f86bbfdca14099fe707c29ca1",
    "schema_version": "1.0.0",
    "event_type": "agent_order",
    "source": "synthetic_agent",
    "symbol": "BTCUSDT",
    "exchange": "binance_usdm",
    "timestamp": "2024-05-01T00:00:00.095000Z",
    "sequence": 19,
    "scenario_id": "scenario-232-quote_stuffing",
    "agent_id": "agent-quote_stuffing",
    "order_id": "scenario-232-quote_stuffing-agent-quote_stuffing-19",
    "action": "new",
    "side": "sell",
    "price": 65238.523199999996,
    "quantity": 0.001,
    "remaining_quantity": 0.001
  },
  {
    "event_id": "4d4764e40e6de9adbfa503a270e0ca0a830406e5297b193a4add56541def30d2",
    "schema_version": "1.0.0",
    "event_type": "agent_order",
    "source": "synthetic_agent",
    "symbol": "BTCUSDT",
    "exchange": "binance_usdm",
    "timestamp": "2024-05-01T00:00:00.100000Z",
    "sequence": 20,
    "scenario_id": "scenario-232-quote_stuffing",
    "agent_id": "agent-quote_stuffing",
    "order_id": "scenario-232-quote_stuffing-agent-quote_stuffing-20",
    "action": "new",
    "side": "buy",
    "price": 65225.476800000004,
    "quantity": 0.001,
    "remaining_quantity": 0.001
  },
  {
    "event_id": "346daf3533872f7d1750b87f18f0e97b99103d1f7b8a26d15449c9aa452b8b4a",
    "schema_version": "1.0.0",
    "event_type": "agent_order",
    "source": "synthetic_agent",
    "symbol": "BTCUSDT",
    "exchange": "binance_usdm",
    "timestamp": "2024-05-01T00:00:00.105000Z",
    "sequence": 21,
    "scenario_id": "scenario-232-quote_stuffing",
    "agent_id": "agent-quote_stuffing",
    "order_id": "scenario-232-quote_stuffing-agent-quote_stuffing-21",
    "action": "new",
    "side": "sell",
    "price": 65238.523199999996,
    "quantity": 0.001,
    "remaining_quantity": 0.001
  },
  {
    "event_id": "6b0581c0e28c4f85075ad9894959cd7f1340059cbea776cae04299930ba8ca28",
    "schema_version": "1.0.0",
    "event_type": "agent_order",
    "source": "synthetic_agent",
    "symbol": "BTCUSDT",
    "exchange": "binance_usdm",
    "timestamp": "2024-05-01T00:00:00.110000Z",
    "sequence": 22,
    "scenario_id": "scenario-232-quote_stuffing",
    "agent_id": "agent-quote_stuffing",
    "order_id": "scenario-232-quote_stuffing-agent-quote_stuffing-22",
    "action": "new",
    "side": "buy",
    "price": 65225.476800000004,
    "quantity": 0.001,
    "remaining_quantity": 0.001
  },
  {
    "event_id": "d6bee0112acea9bac2b0856bc5301ba8481c0bee59eb14ebede6adc84de3a87b",
    "schema_version": "1.0.0",
    "event_type": "agent_order",
    "source": "synthetic_agent",
    "symbol": "BTCUSDT",
    "exchange": "binance_usdm",
    "timestamp": "2024-05-01T00:00:00.115000Z",
    "sequence": 23,
    "scenario_id": "scenario-232-quote_stuffing",
    "agent_id": "agent-quote_stuffing",
    "order_id": "scenario-232-quote_stuffing-agent-quote_stuffing-23",
    "action": "new",
    "side": "sell",
    "price": 65238.523199999996,
    "quantity": 0.001,
    "remaining_quantity": 0.001
  },
  {
    "event_id": "a8d46eb0931c96feae94dcebd78daa7aa5f3682ef1001c0a8024dd47fce429a3",
    "schema_version": "1.0.0",
    "event_type": "agent_order",
    "source": "synthetic_agent",
    "symbol": "BTCUSDT",
    "exchange": "binance_usdm",
    "timestamp": "2024-05-01T00:00:00.120000Z",
    "sequence": 24,
    "scenario_id": "scenario-232-quote_stuffing",
    "agent_id": "agent-quote_stuffing",
    "order_id": "scenario-232-quote_stuffing-agent-quote_stuffing-24",
    "action": "new",
    "side": "buy",
    "price": 65225.476800000004,
    "quantity": 0.001,
    "remaining_quantity": 0.001
  },
  {
    "event_id": "e672d9e73b97bd6db934ca4d4ef31e669a0b6a79c6aed427d02007204355a56f",
    "schema_version": "1.0.0",
    "event_type": "agent_order",
    "source": "synthetic_agent",
    "symbol": "BTCUSDT",
    "exchange": "binance_usdm",
    "timestamp": "2024-05-01T00:00:00.125000Z",
    "sequence": 25,
    "scenario_id": "scenario-232-quote_stuffing",
    "agent_id": "agent-quote_stuffing",
    "order_id": "scenario-232-quote_stuffing-agent-quote_stuffing-25",
    "action": "new",
    "side": "sell",
    "price": 65238.523199999996,
    "quantity": 0.001,
    "remaining_quantity": 0.001
  },
  {
    "event_id": "59c82aa2eea78481cc5c1106f4f10b216ec7a263662322218c0450b98353e313",
    "schema_version": "1.0.0",
    "event_type": "agent_order",
    "source": "synthetic_agent",
    "symbol": "BTCUSDT",
    "exchange": "binance_usdm",
    "timestamp": "2024-05-01T00:00:00.130000Z",
    "sequence": 26,
    "scenario_id": "scenario-232-quote_stuffing",
    "agent_id": "agent-quote_stuffing",
    "order_id": "scenario-232-quote_stuffing-agent-quote_stuffing-26",
    "action": "new",
    "side": "buy",
    "price": 65225.476800000004,
    "quantity": 0.001,
    "remaining_quantity": 0.001
  },
  {
    "event_id": "2630066d466f7622277c387fce6fd420ef9788768b49d0cde689659237c342b8",
    "schema_version": "1.0.0",
    "event_type": "agent_order",
    "source": "synthetic_agent",
    "symbol": "BTCUSDT",
    "exchange": "binance_usdm",
    "timestamp": "2024-05-01T00:00:00.135000Z",
    "sequence": 27,
    "scenario_id": "scenario-232-quote_stuffing",
    "agent_id": "agent-quote_stuffing",
    "order_id": "scenario-232-quote_stuffing-agent-quote_stuffing-27",
    "action": "new",
    "side": "sell",
    "price": 65238.523199999996,
    "quantity": 0.001,
    "remaining_quantity": 0.001
  },
  {
    "event_id": "f6c0dc7f8b21e8be578f109029a77a99e7b0093400184798e6727329c84fb95a",
    "schema_version": "1.0.0",
    "event_type": "agent_order",
    "source": "synthetic_agent",
    "symbol": "BTCUSDT",
    "exchange": "binance_usdm",
    "timestamp": "2024-05-01T00:00:00.140000Z",
    "sequence": 28,
    "scenario_id": "scenario-232-quote_stuffing",
    "agent_id": "agent-quote_stuffing",
    "order_id": "scenario-232-quote_stuffing-agent-quote_stuffing-28",
    "action": "new",
    "side": "buy",
    "price": 65225.476800000004,
    "quantity": 0.001,
    "remaining_quantity": 0.001
  },
  {
    "event_id": "4d05ad4baa66c271104e4dc4e11a6cb45b203864de47fa888e8b7f2f145a23cd",
    "schema_version": "1.0.0",
    "event_type": "agent_order",
    "source": "synthetic_agent",
    "symbol": "BTCUSDT",
    "exchange": "binance_usdm",
    "timestamp": "2024-05-01T00:00:00.145000Z",
    "sequence": 29,
    "scenario_id": "scenario-232-quote_stuffing",
    "agent_id": "agent-quote_stuffing",
    "order_id": "scenario-232-quote_stuffing-agent-quote_stuffing-29",
    "action": "new",
    "side": "sell",
    "price": 65238.523199999996,
    "quantity": 0.001,
    "remaining_quantity": 0.001
  }
]