[
  {
    "event_id": "83786d7bf3239ceb5232d6b9a542ca5e0dffe737b26ba1592c36b55ee4087c8c",
    "schema_version": "1.0.0",
    "event_type": "agent_order",
    "source": "synthetic_agent",
    "symbol": "BTCUSDT",
    "exchange": "binance_usdm",
    "timestamp": "2024-05-01T00:00:00Z",
    "sequence": 0,
    "scenario_id": "scenario-533-momentum_ignition",
    "agent_id": "agent-momentum_ignition",
    "order_id": "scenario-533-momentum_ignition-agent-momentum_ignition-0",
    "action": "new",
    "side": "buy",
    "price": 65598.533,
    "quantity": 0.08,
    "remaining_quantity": 0.08
  },
  {
    "event_id": "6c4d0a6cbbc07b326c95e982f95fcce68c26a6984214a311d3a910dadaf3b3a2",
    "schema_version": "1.0.0",
    "event_type": "agent_order",
    "source": "synthetic_agent",
    "symbol": "BTCUSDT",
    "exchange": "binance_usdm",
    "timestamp": "2024-05-01T00:00:00.080000Z",
    "sequence": 1,
    "scenario_id": "scenario-533-momentum_ignition",
    "agent_id": "agent-momentum_ignition",
    "order_id": "scenario-533-momentum_ignition-agent-momentum_ignition-1",
    "action": "new",
    "side": "buy",
    "price": 65599.84365999998,
    "quantity": 0.08,
    "remaining_quantity": 0.08
  },
  {
    "event_id": "f5a68747c499461d67700622ab7d21da0add8436e8098f04668235b2776d9d25",
    "schema_version": "1.0.0",
    "event_type": "agent_order",
    "source": "synthetic_agent",
    "symbol": "BTCUSDT",
    "exchange": "binance_usdm",
    "timestamp": "2024-05-01T00:00:00.160000Z",
    "sequence": 2,
    "scenario_id": "scenario-533-momentum_ignition",
    "agent_id": "agent-momentum_ignition",
    "order_id": "scenario-533-momentum_ignition-agent-momentum_ignition-2",
    "action": "new",
    "side": "buy",
    "price": 65601.15432,
    "quantity": 0.08,
    "remaining_quantity": 0.08
  },
  {
    "event_id": "4c878f46bf98c152b6175cfe31127a21d692aa186601202b6d84b0416cdad1ac",
    "schema_version": "1.0.0",
    "event_type": "agent_order",
    "source": "synthetic_agent",
    "symbol": "BTCUSDT",
    "exchange": "binance_usdm",
    "timestamp": "2024-05-01T00:00:00.240000Z",
    "sequence": 3,
    "scenario_id": "scenario-533-momentum_ignition",
    "agent_id": "agent-momentum_ignition",
    "order_id": "scenario-533-momentum_ignition-agent-momentum_ignition-3",
    "action": "new",
    "side": "buy",
    "price": 65602.46497999999,
    "quantity": 0.08,
    "remaining_quantity": 0.08
  },
  {
    "event_id": "bc0f65d5762f46fd8b9d3b7f129f02cc7f107f71cd99aa58be2fc7ef30035773",
    "schema_version": "1.0.0",
    "event_type": "agent_order",
    "source": "synthetic_agent",
    "symbol": "BTCUSDT",
    "exchange": "binance_usdm",
    "timestamp": "2024-05-01T00:00:00.320000Z",
    "sequence": 4,
    "scenario_id": "scenario-533-momentum_ignition",
    "agent_id": "agent-momentum_ignition",
    "order_id": "scenario-533-momentum_ignition-agent-momentum_ignition-4",
    "action": "new",
    "side": "buy",
    "price": 65603.77563999999,
    "quantity": 0.08,
    "remaining_quantity": 0.08
  },
  {
    "event_id": "b8883acd68b5a669855da77fba32973aebff346e8936bd344531a14173cd9c9d",
    "schema_version": "1.0.0",
    "event_type": "agent_order",
    "source": "synthetic_agent",
    "symbol": "BTCUSDT",
    "exchange": "binance_usdm",
    "timestamp": "2024-05-01T00:00:00.400000Z",
    "sequence": 5,
    "scenario_id": "scenario-533-momentum_ignition",
    "agent_id": "agent-momentum_ignition",
    "order_id": "scenario-533-momentum_ignition-agent-momentum_ignition-5",
    "action": "new",
    "side": "buy",
    "price": 65605.0863,
    "quantity": 0.08,
    "remaining_quantity": 0.08
  },
  {
    "event_id": "ca444d1620e49f9b0f922ec902214bc083f5fcdd99bbba7e5ba52acf1765c8f9",
    "schema_version": "1.0.0",
    "event_type": "agent_order",
    "source": "synthetic_agent",
    "symbol": "BTCUSDT",
    "exchange": "binance_usdm",
    "timestamp": "2024-05-01T00:00:00.480000Z",
    "sequence": 6,
    "scenario_id": "scenario-533-momentum_ignition",
    "agent_id": "agent-momentum_ignition",
    "order_id": "scenario-533-momentum_ignition-agent-momentum_ignition-6",
    "action": "new",
    "side": "buy",
    "price": 65606.39695999998,
    "quantity": 0.08,
    "remaining_quantity": 0.08
  },
  {
    "event_id": "1cc286c2889e303fe180218ffd3645e9f7f0415df469e565b5af38c9ebdef569",
    "schema_version": "1.0.0",
    "event_type": "agent_order",
    "source": "synthetic_agent",
    "symbol": "BTCUSDT",
    "exchange": "binance_usdm",
    "timestamp": "2024-05-01T00:00:00.560000Z",
    "sequence": 7,
    "scenario_id": "scenario-533-momentum_ignition",
    "agent_id": "agent-momentum_ignition",
    "order_id": "scenario-533-momentum_ignition-agent-momentum_ignition-7",
    "action": "new",
    "side": "buy",
    "price": 65607.70762,
    "quantity": 0.08,
    "remaining_quantity": 0.08
  },
  {
    "event_id": "28cc56df08fb273a8bb37b7dc63c8ebe38ed38ad0aa9975f7fc8bfd0141edb3c",
    "schema_version": "1.0.0",
    "event_type": "agent_order",
    "source": "synthetic_agent",
    "symbol": "BTCUSDT",
    "exchange": "binance_usdm",
    "timestamp": "2024-05-01T00:00:00.640000Z",
    "sequence": 8,
    "scenario_id": "scenario-533-momentum_ignition",
    "agent_id": "agent-momentum_ignition",
    "order_id": "scenario-533-momentum_ignition-agent-momentum_ignition-8",
    "action": "new",
    "side": "buy",
    "price": 65609.01827999999,
    "quantity": 0.08,
    "remaining_quantity": 0.08
  },
  {
    "event_id": "2416c6f09dd8eebbae0ad9d82068a8a3c5f14627e431e47d8eed02ab0382cf3e",
    "schema_version": "1.0.0",
    "event_type": "agent_order",
    "source": "synthetic_agent",
    "symbol": "BTCUSDT",
    "exchange": "binance_usdm",
    "timestamp": "2024-05-01T00:00:00.720000Z",
    "sequence": 9,
    "scenario_id": "scenario-533-momentum_ignition",
    "agent_id": "agent-momentum_ignition",
    "order_id": "scenario-533-momentum_ignition-agent-momentum_ignition-9",
    "action": "new",
    "side": "buy",
    "price": 65610.32893999999,
    "quantity": 0.08,
    "remaining_quantity": 0.08
  },
  {
    "event_id": "d5c339d6b06b12213a79bef6f44d617a373b435afde8712a345903bceafc3c13",
    "schema_version": "1.0.0",
    "event_type": "agent_order",
    "source": "synthetic_agent",
    "symbol": "BTCUSDT",
    "exchange": "binance_usdm",
    "timestamp": "2024-05-01T00:00:00.800000Z",
    "sequence": 10,
    "scenario_id": "scenario-533-momentum_ignition",
    "agent_id": "agent-momentum_ignition",
    "order_id": "scenario-533-momentum_ignition-agent-momentum_ignition-10",
    "action": "new",
    "side": "buy",
    "price": 65611.6396,
    "quantity": 0.08,
    "remaining_quantity": 0.08
  },
  {
    "event_id": "38aa2f5def3932d7b93c35f0de5f223d595f1d6812aacdcaf6c86cc460249f1f",
    "schema_version": "1.0.0",
    "event_type": "agent_order",
    "source": "synthetic_agent",
    "symbol": "BTCUSDT",
    "exchange": "binance_usdm",
    "timestamp": "2024-05-01T00:00:00.880000Z",
    "sequence": 11,
    "scenario_id": "scenario-533-momentum_ignition",
    "agent_id": "agent-momentum_ignition",
    "order_id": "scenario-533-momentum_ignition-agent-momentum_ignition-11",
    "action": "new",
    "side": "buy",
    "price": 65612.95026,
    "quantity": 0.08,
    "remaining_quantity": 0.08
  },
  {
    "event_id": "15d840210de8e69e14db923c114b76bda73ddc60c7076acfef3214e948d8a4c4",
    "schema_version": "1.0.0",
    "event_type": "agent_order",
    "source": "synthetic_agent",
    "symbol": "BTCUSDT",
    "exchange": "binance_usdm",
    "timestamp": "2024-05-01T00:00:00.960000Z",
    "sequence": 12,
    "scenario_id": "scenario-533-momentum_ignition",
    "agent_id": "agent-momentum_ignition",
    "order_id": "scenario-533-momentum_ignition-agent-momentum_ignition-12",
    "action": "new",
    "side": "buy",
    "price": 65614.26092,
    "quantity": 0.08,
    "remaining_quantity": 0.08
  },
  {
    "event_id": "39972f5a1af138c7b2a9201cea46926e449d22330523621d9a63bb32937a074b",
    "schema_version": "1.0.0",
    "event_type": "agent_order",
    "source": "synthetic_agent",
    "symbol": "BTCUSDT",
    "exchange": "binance_usdm",
    "timestamp": "2024-05-01T00:00:01.040000Z",
    "sequence": 13,
    "scenario_id": "scenario-533-momentum_ignition",
    "agent_id": "agent-momentum_ignition",
    "order_id": "scenario-533-momentum_ignition-agent-momentum_ignition-13",
    "action": "new",
    "side": "buy",
    "price": 65615.57157999999,
    "quantity": 0.08,
    "remaining_quantity": 0.08
  },
  {
    "event_id": "0e68eb4d336dafa553a2e11a16c28a874798b620e54c85e07a143fa88cd9e5a9",
    "schema_version": "1.0.0",
    "event_type": "agent_order",
    "source": "synthetic_agent",
    "symbol": "BTCUSDT",
    "exchange": "binance_usdm",
    "timestamp": "2024-05-01T00:00:01.120000Z",
    "sequence": 14,
    "scenario_id": "scenario-533-momentum_ignition",
    "agent_id": "agent-momentum_ignition",
    "order_id": "scenario-533-momentum_ignition-agent-momentum_ignition-14",
    "action": "new",
    "side": "buy",
    "price": 65616.88223999999,
    "quantity": 0.08,
    "remaining_quantity": 0.08
  },
  {
    "event_id": "dd5e09a4ac64fc4e38d97e47eaa1a1b6020181758b4d51e59848cc1146f0c72f",
    "schema_version": "1.0.0",
    "event_type": "agent_order",
    "source": "synthetic_agent",
    "symbol": "BTCUSDT",
    "exchange": "binance_usdm",
    "timestamp": "2024-05-01T00:00:01.200000Z",
    "sequence": 15,
    "scenario_id": "scenario-533-momentum_ignition",
    "agent_id": "agent-momentum_ignition",
    "order_id": "scenario-533-momentum_ignition-agent-momentum_ignition-15",
    "action": "new",
    "side": "buy",
    "price": 65618.1929,
    "quantity": 0.08,
    "remaining_quantity": 0.08
  },
  {
    "event_id": "f78ea337e32cd94b058889511aae87aa5b9d857a906f4986bc3298454163d908",
    "schema_version": "1.0.0",
    "event_type": "agent_order",
    "source": "synthetic_agent",
    "symbol": "BTCUSDT",
    "exchange": "binance_usdm",
    "timestamp": "2024-05-01T00:00:01.280000Z",
    "sequence": 16,
    "scenario_id": "scenario-533-momentum_ignition",
    "agent_id": "agent-momentum_ignition",
    "order_id": "scenario-533-momentum_ignition-agent-momentum_ignition-16",
    "action": "new",
    "side": "buy",
    "price": 65619.50356,
    "quantity": 0.08,
    "remaining_quantity": 0.08
  },
  {
    "event_id": "12cd5efd08b5c8c7f60f29fce09dd009eaeeb7d828dc783396249df3c315b1b5",
    "schema_version": "1.0.0",
    "event_type": "agent_order",
    "source": "synthetic_agent",
    "symbol": "BTCUSDT",
    "exchange": "binance_usdm",
    "timestamp": "2024-05-01T00:00:01.360000Z",
    "sequence": 17,
    "scenario_id": "scenario-533-momentum_ignition",
    "agent_id": "agent-momentum_ignition",
    "order_id": "scenario-533-momentum_ignition-agent-momentum_ignition-17",
    "action": "new",
    "side": "buy",
    "price": 65620.81422,
    "quantity": 0.08,
    "remaining_quantity": 0.08
  },
  {
    "event_id": "484680b9399d5301dd0655696344997b9e88c6a08f40d82c92966fd24f65c275",
    "schema_version": "1.0.0",
    "event_type": "agent_order",
    "source": "synthetic_agent",
    "symbol": "BTCUSDT",
    "exchange": "binance_usdm",
    "timestamp": "2024-05-01T00:00:01.440000Z",
    "sequence": 18,
    "scenario_id": "scenario-533-momentum_ignition",
    "agent_id": "agent-momentum_ignition",
    "order_id": "scenario-533-momentum_ignition-agent-momentum_ignition-18",
    "action": "new",
    "side": "buy",
    "price": 65622.12487999999,
    "quantity": 0.08,
    "remaining_quantity": 0.08
  },
  {
    "event_id": "266ba604211da3247baafc93b1733d5ad6201d06bdd62531574fb2286eddf288",
    "schema_version": "1.0.0",
    "event_type": "agent_order",
    "source": "synthetic_agent",
    "symbol": "BTCUSDT",
    "exchange": "binance_usdm",
    "timestamp": "2024-05-01T00:00:01.520000Z",
    "sequence": 19,
    "scenario_id": "scenario-533-momentum_ignition",
    "agent_id": "agent-momentum_ignition",
    "order_id": "scenario-533-momentum_ignition-agent-momentum_ignition-19",
    "action": "new",
    "side": "buy",
    "price": 65623.43553999999,
    "quantity": 0.08,
    "remaining_quantity": 0.08
  },
  {
    "event_id": "5583dd4fdd3a34967dcd161965c0bdefffe20e7015559c924b9f9cd2368f9c48",
    "schema_version": "1.0.0",
    "event_type": "agent_order",
    "source": "synthetic_agent",
    "symbol": "BTCUSDT",
    "exchange": "binance_usdm",
    "timestamp": "2024-05-01T00:00:01.600000Z",
    "sequence": 20,
    "scenario_id": "scenario-533-momentum_ignition",
    "agent_id": "agent-momentum_ignition",
    "order_id": "scenario-533-momentum_ignition-agent-momentum_ignition-20",
    "action": "new",
    "side": "buy",
    "price": 65624.7462,
    "quantity": 0.08,
    "remaining_quantity": 0.08
  },
  {
    "event_id": "20b230642ef44b3bcddb6cbf838841a919f0f8ba05baa40b5596865b9137f64c",
    "schema_version": "1.0.0",
    "event_type": "agent_order",
    "source": "synthetic_agent",
    "symbol": "BTCUSDT",
    "exchange": "binance_usdm",
    "timestamp": "2024-05-01T00:00:01.680000Z",
    "sequence": 21,
    "scenario_id": "scenario-533-momentum_ignition",
    "agent_id": "agent-momentum_ignition",
    "order_id": "scenario-533-momentum_ignition-agent-momentum_ignition-21",
    "action": "new",
    "side": "buy",
    "price": 65626.05686,
    "quantity": 0.08,
    "remaining_quantity": 0.08
  },
  {
    "event_id": "ae2718e43d44bef7a53e32b433908cd559b4efecef81e5092ed13e5c50a96af6",
    "schema_version": "1.0.0",
    "event_type": "agent_order",
    "source": "synthetic_agent",
    "symbol": "BTCUSDT",
    "exchange": "binance_usdm",
    "timestamp": "2024-05-01T00:00:01.760000Z",
    "sequence": 22,
    "scenario_id": "scenario-533-momentum_ignition",
    "agent_id": "agent-momentum_ignition",
    "order_id": "scenario-533-momentum_ignition-agent-momentum_ignition-22",
    "action": "new",
    "side": "buy",
    "price": 65627.36752,
    "quantity": 0.08,
    "remaining_quantity": 0.08
  },
  {
    "event_id": "b2a1c1b5649d9015ad597017fc1dfb16bbc34e130915daf2d2d3c9140eb13827",
    "schema_version": "1.0.0",
    "event_type": "agent_order",
    "source": "synthetic_agent",
    "symbol": "BTCUSDT",
    "exchange": "binance_usdm",
    "timestamp": "2024-05-01T00:00:01.840000Z",
    "sequence": 23,
    "scenario_id": "scenario-533-momentum_ignition",
    "agent_id": "agent-momentum_ignition",
    "order_id": "scenario-533-momentum_ignition-agent-momentum_ignition-23",
    "action": "new",
    "side": "buy",
    "price": 65628.67817999999,
    "quantity": 0.08,
    "remaining_quantity": 0.08
  },
  {
    "event_id": "d1d4c39fbfbfc4006b03012cf9d839b5ecd4329f562661be396825a74f913d04",
    "schema_version": "1.0.0",
    "event_type": "agent_order",
    "source": "synthetic_agent",
    "symbol": "BTCUSDT",
    "exchange": "binance_usdm",
    "timestamp": "2024-05-01T00:00:01.920000Z",
    "sequence": 24,
    "scenario_id": "scenario-533-momentum_ignition",
    "agent_id": "agent-momentum_ignition",
    "order_id": "scenario-533-momentum_ignition-agent-momentum_ignition-24",
    "action": "new",
    "side": "buy",
    "price": 65629.98883999999,
    "quantity": 0.08,
    "remaining_quantity": 0.08
  },
  {
    "event_id": "9e947efbeda1f01bd8efd0e5c521645ecf155b16c9439ea09afe0655c55598f0",
    "schema_version": "1.0.0",
    "event_type": "agent_order",
    "source": "synthetic_agent",
    "symbol": "BTCUSDT",
    "exchange": "binance_usdm",
    "timestamp": "2024-05-01T00:00:02Z",
    "sequence": 25,
    "scenario_id": "scenario-533-momentum_ignition",
    "agent_id": "agent-momentum_ignition",
    "order_id": "scenario-533-momentum_ignition-agent-momentum_ignition-25",
    "action": "new",
    "side": "buy",
    "price": 65631.2995,
    "quantity": 0.08,
    "remaining_quantity": 0.08
  },
  {
    "event_id": "98b0842e8fd4abdaa4a683ae1f1a55d96383f15417e12a7d65f14cd8d46658d3",
    "schema_version": "1.0.0",
    "event_type": "agent_order",
    "source": "synthetic_agent",
    "symbol": "BTCUSDT",
    "exchange": "binance_usdm",
    "timestamp": "2024-05-01T00:00:02.080000Z",
    "sequence": 26,
    "scenario_id": "scenario-533-momentum_ignition",
    "agent_id": "agent-momentum_ignition",
    "order_id": "scenario-533-momentum_ignition-agent-momentum_ignition-26",
    "action": "new",
    "side": "buy",
    "price": 65632.61016,
    "quantity": 0.08,
    "remaining_quantity": 0.08
  },
  {
    "event_id": "b691599354f323acc87549ae47a99653926b6b067d62212f79aaf3817c8a3569",
    "schema_version": "1.0.0",
    "event_type": "agent_order",
    "source": "synthetic_agent",
    "symbol": "BTCUSDT",
    "exchange": "binance_usdm",
    "timestamp": "2024-05-01T00:00:02.160000Z",
    "sequence": 27,
    "scenario_id": "scenario-533-momentum_ignition",
    "agent_id": "agent-momentum_ignition",
    "order_id": "scenario-533-momentum_ignition-agent-momentum_ignition-27",
    "action": "new",
    "side": "buy",
    "price": 65633.92081999998,
    "quantity": 0.08,
    "remaining_quantity": 0.08
  },
  {
    "event_id": "7f1342cfdc1ef79e3632d6164b2751408036dfa0a375e64610b72fadc25f44eb",
    "schema_version": "1.0.0",
    "event_type": "agent_order",
    "source": "synthetic_agent",
    "symbol": "BTCUSDT",
    "exchange": "binance_usdm",
    "timestamp": "2024-05-01T00:00:02.240000Z",
    "sequence": 28,
    "scenario_id": "scenario-533-momentum_ignition",
    "agent_id": "agent-momentum_ignition",
    "order_id": "scenario-533-momentum_ignition-agent-momentum_ignition-28",
    "action": "new",
    "side": "buy",
    "price": 65635.23147999999,
    "quantity": 0.08,
    "remaining_quantity": 0.08
  },
  {
    "event_id": "ca6f18410765917dac9d5f63411692a2ecccce0a0a5408d90d5c09f191fc137f",
    "schema_version": "1.0.0",
    "event_type": "agent_order",
    "source": "synthetic_agent",
    "symbol": "BTCUSDT",
    "exchange": "binance_usdm",
    "timestamp": "2024-05-01T00:00:02.320000Z",
    "sequence": 29,
    "scenario_id": "scenario-533-momentum_ignition",
    "agent_id": "agent-momentum_ignition",
    "order_id": "scenario-533-momentum_ignition-agent-momentum_ignition-29",
    "action": "new",
    "side": "buy",
    "price": 65636.54213999999,
    "quantity": 0.08,
    "remaining_quantity": 0.08
  }
]