[
  {
    "event_id": "8edf35e7afa8ec49153bc869fdf8d28c614123b858439cfb9cad783c4cd26cf7",
    "schema_version": "1.0.0",
    "event_type": "agent_order",
    "source": "synthetic_agent",
    "symbol": "BTCUSDT",
    "exchange": "binance_usdm",
    "timestamp": "2024-05-01T00:00:00Z",
    "sequence": 0,
    "scenario_id": "scenario-148-quote_stuffing",
    "agent_id": "agent-quote_stuffing",
    "order_id": "scenario-148-quote_stuffing-agent-quote_stuffing-0",
    "action": "new",
    "side": "buy",
    "price": 65141.4852,
    "quantity": 0.001,
    "remaining_quantity": 0.001
  },
  {
    "event_id": "642c153efed295119e9d18fe1e5bd17c8c87a0325243c73793af9895802fe394",
    "schema_version": "1.0.0",
    "event_type": "agent_order",
    "source": "synthetic_agent",
    "symbol": "BTCUSDT",
    "exchange": "binance_usdm",
    "timestamp": "2024-05-01T00:00:00.005000Z",
    "sequence": 1,
    "scenario_id": "scenario-148-quote_stuffing",
    "agent_id": "agent-quote_stuffing",
    "order_id": "scenario-148-quote_stuffing-agent-quote_stuffing-1",
    "action": "new",
    "side": "sell",
    "price": 65154.5148,
    "quantity": 0.001,
    "remaining_quantity": 0.001
  },
  {
    "event_id": "115024b22de7f9c9a7fa47fb904671f5f7b157d02f78a16be6226cac17e6f045",
    "schema_version": "1.0.0",
    "event_type": "agent_order",
    "source": "synthetic_agent",
    "symbol": "BTCUSDT",
    "exchange": "binance_usdm",
    "timestamp": "2024-05-01T00:00:00.010000Z",
    "sequence": 2,
    "scenario_id": "scenario-148-quote_stuffing",
    "agent_id": "agent-quote_stuffing",
    "order_id": "scenario-148-quote_stuffing-agent-quote_stuffing-2",
    "action": "new",
    "side": "buy",
    "price": 65141.4852,
    "quantity": 0.001,
    "remaining_quantity": 0.001
  },
  {
    "event_id": "efd3f63ddf0297447baf45b2b8f1b9121869d813c23e50d2c5059bb8c56a91ef",
    "schema_version": "1.0.0",
    "event_type": "agent_order",
    "source": "synthetic_agent",
    "symbol": "BTCUSDT",
    "exchange": "binance_usdm",
    "timestamp": "2024-05-01T00:00:00.015000Z",
    "sequence": 3,
    "scenario_id": "scenario-148-quote_stuffing",
    "agent_id": "agent-quote_stuffing",
    "order_id": "scenario-148-quote_stuffing-agent-quote_stuffing-3",
    "action": "new",
    "side": "sell",
    "price": 65154.5148,
    "quantity": 0.001,
    "remaining_quantity": 0.001
  },
  {
    "event_id": "f8b12ec8de463aef59f91100112b6adfcf50baa1521f5ba2761275270ee5c4fa",
    "schema_version": "1.0.0",
    "event_type": "agent_order",
    "source": "synthetic_agent",
    "symbol": "BTCUSDT",
    "exchange": "binance_usdm",
    "timestamp": "2024-05-01T00:00:00.020000Z",
    "sequence": 4,
    "scenario_id": "scenario-148-quote_stuffing",
    "agent_id": "agent-quote_stuffing",
    "order_id": "scenario-148-quote_stuffing-agent-quote_stuffing-4",
    "action": "new",
    "side": "buy",
    "price": 65141.4852,
    "quantity": 0.001,
    "remaining_quantity": 0.001
  },
  {
    "event_id": "fd2253420a683b87dedbd995897f5d401b2548f915b18542cd7a35df9041d002",
    "schema_version": "1.0.0",
    "event_type": "agent_order",
    "source": "synthetic_agent",
    "symbol": "BTCUSDT",
    "exchange": "binance_usdm",
    "timestamp": "2024-05-01T00:00:00.025000Z",
    "sequence": 5,
    "scenario_id": "scenario-148-quote_stuffing",
    "agent_id": "agent-quote_stuffing",
    "order_id": "scenario-148-quote_stuffing-agent-quote_stuffing-5",
    "action": "new",
    "side": "sell",
    "price": 65154.5148,
    "quantity": 0.001,
    "remaining_quantity": 0.001
  },
  {
    "event_id": "d8706ffa57f5c67759c77ed7ff45bc47e9736a63e1c6087b1b9bd7ab2ea3af2b",
    "schema_version": "1.0.0",
    "event_type": "agent_order",
    "source": "synthetic_agent",
    "symbol": "BTCUSDT",
    "exchange": "binance_usdm",
    "timestamp": "2024-05-01T00:00:00.030000Z",
    "sequence": 6,
    "scenario_id": "scenario-148-quote_stuffing",
    "agent_id": "agent-quote_stuffing",
    "order_id": "scenario-148-quote_stuffing-agent-quote_stuffing-6",
    "action": "new",
    "side": "buy",
    "price": 65141.4852,
    "quantity": 0.001,
    "remaining_quantity": 0.001
  },
  {
    "event_id": "df49a7158a4c910e0fd1766eb33f0a42b3ae9d1f59480523cbba3fb276feff6d",
    "schema_version": "1.0.0",
    "event_type": "agent_order",
    "source": "synthetic_agent",
    "symbol": "BTCUSDT",
    "exchange": "binance_usdm",
    "timestamp": "2024-05-01T00:00:00.035000Z",
    "sequence": 7,
    "scenario_id": "scenario-148-quote_stuffing",
    "agent_id": "agent-quote_stuffing",
    "order_id": "scenario-148-quote_stuffing-agent-quote_stuffing-7",
    "action": "new",
    "side": "sell",
    "price": 65154.5148,
    "quantity": 0.001,
    "remaining_quantity": 0.001
  },
  {
    "event_id": "e5b7aea54b7cb0ee7069c9a81d33c87202f666902ff5f99109bc2b4c3c9852f7",
    "schema_version": "1.0.0",
    "event_type": "agent_order",
    "source": "synthetic_agent",
    "symbol": "BTCUSDT",
    "exchange": "binance_usdm",
    "timestamp": "2024-05-01T00:00:00.040000Z",
    "sequence": 8,
    "scenario_id": "scenario-148-quote_stuffing",
    "agent_id": "agent-quote_stuffing",
    "order_id": "scenario-148-quote_stuffing-agent-quote_stuffing-8",
    "action": "new",
    "side": "buy",
    "price": 65141.4852,
    "quantity": 0.001,
    "remaining_quantity": 0.001
  },
  {
    "event_id": "d052119411f469e1bd9a2f8979aca6c57b88d6ca2f2a80efb76de6ed7867acaa",
    "schema_version": "1.0.0",
    "event_type": "agent_order",
    "source": "synthetic_agent",
    "symbol": "BTCUSDT",
    "exchange": "binance_usdm",
    "timestamp": "2024-05-01T00:00:00.045000Z",
    "sequence": 9,
    "scenario_id": "scenario-148-quote_stuffing",
    "agent_id": "agent-quote_stuffing",
    "order_id": "scenario-148-quote_stuffing-agent-quote_stuffing-9",
    "action": "new",
    "side": "sell",
    "price": 65154.5148,
    "quantity": 0.001,
    "remaining_quantity": 0.001
  },
  {
    "event_id": "1b90159938898c9c29b3485764877f584d7c3f2347eb04c277b937eaa5511e47",
    "schema_version": "1.0.0",
    "event_type": "agent_order",
    "source": "synthetic_agent",
    "symbol": "BTCUSDT",
    "exchange": "binance_usdm",
    "timestamp": "2024-05-01T00:00:00.050000Z",
    "sequence": 10,
    "scenario_id": "scenario-148-quote_stuffing",
    "agent_id": "agent-quote_stuffing",
    "order_id": "scenario-148-quote_stuffing-agent-quote_stuffing-10",
    "action": "new",
    "side": "buy",
    "price": 65141.4852,
    "quantity": 0.001,
    "remaining_quantity": 0.001
  },
  {
    "event_id": "01e8e528213c3584cf56ef41f95ad6695314941137efa3097e8b741389019a3c",
    "schema_version": "1.0.0",
    "event_type": "agent_order",
    "source": "synthetic_agent",
    "symbol": "BTCUSDT",
    "exchange": "binance_usdm",
    "timestamp": "2024-05-01T00:00:00.055000Z",
    "sequence": 11,
    "scenario_id": "scenario-148-quote_stuffing",
    "agent_id": "agent-quote_stuffing",
    "order_id": "scenario-148-quote_stuffing-agent-quote_stuffing-11",
    "action": "new",
    "side": "sell",
    "price": 65154.5148,
    "quantity": 0.001,
    "remaining_quantity": 0.001
  },
  {
    "event_id": "caa3b7304987ddebbc026b6fa9dbff81988e51b9be714ba0f525e4eeaebaebe2",
    "schema_version": "1.0.0",
    "event_type": "agent_order",
    "source": "synthetic_agent",
    "symbol": "BTCUSDT",
    "exchange": "binance_usdm",
    "timestamp": "2024-05-01T00:00:00.060000Z",
    "sequence": 12,
    "scenario_id": "scenario-148-quote_stuffing",
    "agent_id": "agent-quote_stuffing",
    "order_id": "scenario-148-quote_stuffing-agent-quote_stuffing-12",
    "action": "new",
    "side": "buy",
    "price": 65141.4852,
    "quantity": 0.001,
    "remaining_quantity": 0.001
  },
  {
    "event_id": "867c6623c73b7354caadcebf33987861c6badeef1c422e520f2f3a6404ebdf8c",
    "schema_version": "1.0.0",
    "event_type": "agent_order",
    "source": "synthetic_agent",
    "symbol": "BTCUSDT",
    "exchange": "binance_usdm",
    "timestamp": "2024-05-01T00:00:00.065000Z",
    "sequence": 13,
    "scenario_id": "scenario-148-quote_stuffing",
    "agent_id": "agent-quote_stuffing",
    "order_id": "scenario-148-quote_stuffing-agent-quote_stuffing-13",
    "action": "new",
    "side": "sell",
    "price": 65154.5148,
    "quantity": 0.001,
    "remaining_quantity": 0.001
  },
  {
    "event_id": "091e44c718643dc72250da63f14c000f2504ece5aafda86a92d16ae5c598f56f",
    "schema_version": "1.0.0",
    "event_type": "agent_order",
    "source": "synthetic_agent",
    "symbol": "BTCUSDT",
    "exchange": "binance_usdm",
    "timestamp": "2024-05-01T00:00:00.070000Z",
    "sequence": 14,
    "scenario_id": "scenario-148-quote_stuffing",
    "agent_id": "agent-quote_stuffing",
    "order_id": "scenario-148-quote_stuffing-agent-quote_stuffing-14",
    "action": "new",
    "side": "buy",
    "price": 65141.4852,
    "quantity": 0.001,
    "remaining_quantity": 0.001
  },
  {
    "event_id": "0ce4437cd74d3ae5871fcbdfa6ed078b0fdd7b57635820ecce740c1b359c4a55",
    "schema_version": "1.0.0",
    "event_type": "agent_order",
    "source": "synthetic_agent",
    "symbol": "BTCUSDT",
    "exchange": "binance_usdm",
    "timestamp": "2024-05-01T00:00:00.075000Z",
    "sequence": 15,
    "scenario_id": "scenario-148-quote_stuffing",
    "agent_id": "agent-quote_stuffing",
    "order_id": "scenario-148-quote_stuffing-agent-quote_stuffing-15",
    "action": "new",
    "side": "sell",
    "price": 65154.5148,
    "quantity": 0.001,
    "remaining_quantity": 0.001
  },
  {
    "event_id": "b49cd60f8ad043a6d53c7960346a743c7b4d9aaae2ff880279b28b0fbecfd75c",
    "schema_version": "1.0.0",
    "event_type": "agent_order",
    "source": "synthetic_agent",
    "symbol": "BTCUSDT",
    "exchange": "binance_usdm",
    "timestamp": "2024-05-01T00:00:00.080000Z",
    "sequence": 16,
    "scenario_id": "scenario-148-quote_stuffing",
    "agent_id": "agent-quote_stuffing",
    "order_id": "scenario-148-quote_stuffing-agent-quote_stuffing-16",
    "action": "new",
    "side": "buy",
    "price": 65141.4852,
    "quantity": 0.001,
    "remaining_quantity": 0.001
  },
  {
    "event_id": "8288ce6465b4b8b00b99cd23dc97026bb793972f66c4778a68b73d5541d1d40c",
    "schema_version": "1.0.0",
    "event_type": "agent_order",
    "source": "synthetic_agent",
    "symbol": "BTCUSDT",
    "exchange": "binance_usdm",
    "timestamp": "2024-05-01T00:00:00.085000Z",
    "sequence": 17,
    "scenario_id": "scenario-148-quote_stuffing",
    "agent_id": "agent-quote_stuffing",
    "order_id": "scenario-148-quote_stuffing-agent-quote_stuffing-17",
    "action": "new",
    "side": "sell",
    "price": 65154.5148,
    "quantity": 0.001,
    "remaining_quantity": 0.001
  },
  {
    "event_id": "52fdf5b807d4f1ba880d2981780ac51d862f28ce7967e0e6684a029fa02e7f0b",
    "schema_version": "1.0.0",
    "event_type": "agent_order",
    "source": "synthetic_agent",
    "symbol": "BTCUSDT",
    "exchange": "binance_usdm",
    "timestamp": "2024-05-01T00:00:00.090000Z",
    "sequence": 18,
    "scenario_id": "scenario-148-quote_stuffing",
    "agent_id": "agent-quote_stuffing",
    "order_id": "scenario-148-quote_stuffing-agent-quote_stuffing-18",
    "action": "new",
    "side": "buy",
    "price": 65141.4852,
    "quantity": 0.001,
    "remaining_quantity": 0.001
  },
  {
    "event_id": "3e6ad41a12a08f049a1927377534438f819953e7220099322ee5a87b71b353d0",
    "schema_version": "1.0.0",
    "event_type": "agent_order",
    "source": "synthetic_agent",
    "symbol": "BTCUSDT",
    "exchange": "binance_usdm",
    "timestamp": "2024-05-01T00:00:00.095000Z",
    "sequence": 19,
    "scenario_id": "scenario-148-quote_stuffing",
    "agent_id": "agent-quote_stuffing",
    "order_id": "scenario-148-quote_stuffing-agent-quote_stuffing-19",
    "action": "new",
    "side": "sell",
    "price": 65154.5148,
    "quantity": 0.001,
    "remaining_quantity": 0.001
  },
  {
    "event_id": "1a5491d58c753fddb0e35ee90b42d37b7e2050addd406949c7cf37c9389a602f",
    "schema_version": "1.0.0",
    "event_type": "agent_order",
    "source": "synthetic_agent",
    "symbol": "BTCUSDT",
    "exchange": "binance_usdm",
    "timestamp": "2024-05-01T00:00:00.100000Z",
    "sequence": 20,
    "scenario_id": "scenario-148-quote_stuffing",
    "agent_id": "agent-quote_stuffing",
    "order_id": "scenario-148-quote_stuffing-agent-quote_stuffing-20",
    "action": "new",
    "side": "buy",
    "price": 65141.4852,
    "quantity": 0.001,
    "remaining_quantity": 0.001
  },
  {
    "event_id": "f22a41f89c8cc20c37e0f8ceca5515e59e9a8c83c89a4b76cfa079b457ca82a4",
    "schema_version": "1.0.0",
    "event_type": "agent_order",
    "source": "synthetic_agent",
    "symbol": "BTCUSDT",
    "exchange": "binance_usdm",
    "timestamp": "2024-05-01T00:00:00.105000Z",
    "sequence": 21,
    "scenario_id": "scenario-148-quote_stuffing",
    "agent_id": "agent-quote_stuffing",
    "order_id": "scenario-148-quote_stuffing-agent-quote_stuffing-21",
    "action": "new",
    "side": "sell",
    "price": 65154.5148,
    "quantity": 0.001,
    "remaining_quantity": 0.001
  },
  {
    "event_id": "e95e74ebdf1f70fcab7b6d0081abd9d56d06b49291eed6e3e344b9c47a70b275",
    "schema_version": "1.0.0",
    "event_type": "agent_order",
    "source": "synthetic_agent",
    "symbol": "BTCUSDT",
    "exchange": "binance_usdm",
    "timestamp": "2024-05-01T00:00:00.110000Z",
    "sequence": 22,
    "scenario_id": "scenario-148-quote_stuffing",
    "agent_id": "agent-quote_stuffing",
    "order_id": "scenario-148-quote_stuffing-agent-quote_stuffing-22",
    "action": "new",
    "side": "buy",
    "price": 65141.4852,
    "quantity": 0.001,
    "remaining_quantity": 0.001
  },
  {
    "event_id": "d8ca6f97e5359249b6d0aa0dd64af2da1f2c6334058d78afcb4e7484806f9a3f",
    "schema_version": "1.0.0",
    "event_type": "agent_order",
    "source": "synthetic_agent",
    "symbol": "BTCUSDT",
    "exchange": "binance_usdm",
    "timestamp": "2024-05-01T00:00:00.115000Z",
    "sequence": 23,
    "scenario_id": "scenario-148-quote_stuffing",
    "agent_id": "agent-quote_stuffing",
    "order_id": "scenario-148-quote_stuffing-agent-quote_stuffing-23",
    "action": "new",
    "side": "sell",
    "price": 65154.5148,
    "quantity": 0.001,
    "remaining_quantity": 0.001
  },
  {
    "event_id": "a4366aa317336735f38f1c7592dbc6706a2c1d550ed3a18d6c284c5e2e57f0f6",
    "schema_version": "1.0.0",
    "event_type": "agent_order",
    "source": "synthetic_agent",
    "symbol": "BTCUSDT",
    "exchange": "binance_usdm",
    "timestamp": "2024-05-01T00:00:00.120000Z",
    "sequence": 24,
    "scenario_id": "scenario-148-quote_stuffing",
    "agent_id": "agent-quote_stuffing",
    "order_id": "scenario-148-quote_stuffing-agent-quote_stuffing-24",
    "action": "new",
    "side": "buy",
    "price": 65141.4852,
    "quantity": 0.001,
    "remaining_quantity": 0.001
  },
  {
    "event_id": "732150562bda0d52c3bb25df6766609d4bed42d2aac482e248a70142ef707a71",
    "schema_version": "1.0.0",
    "event_type": "agent_order",
    "source": "synthetic_agent",
    "symbol": "BTCUSDT",
    "exchange": "binance_usdm",
    "timestamp": "2024-05-01T00:00:00.125000Z",
    "sequence": 25,
    "scenario_id": "scenario-148-quote_stuffing",
    "agent_id": "agent-quote_stuffing",
    "order_id": "scenario-148-quote_stuffing-agent-quote_stuffing-25",
    "action": "new",
    "side": "sell",
    "price": 65154.5148,
    "quantity": 0.001,
    "remaining_quantity": 0.001
  },
  {
    "event_id": "cbe999c34e112a924c7631b43726a0cdc4d653e0daa7d876fb919aa496188810",
    "schema_version": "1.0.0",
    "event_type": "agent_order",
    "source": "synthetic_agent",
    "symbol": "BTCUSDT",
    "exchange": "binance_usdm",
    "timestamp": "2024-05-01T00:00:00.130000Z",
    "sequence": 26,
    "scenario_id": "scenario-148-quote_stuffing",
    "agent_id": "agent-quote_stuffing",
    "order_id": "scenario-148-quote_stuffing-agent-quote_stuffing-26",
    "action": "new",
    "side": "buy",
    "price": 65141.4852,
    "quantity": 0.001,
    "remaining_quantity": 0.001
  },
  {
    "event_id": "61082c266d5c6a7712c694bca26bd11894cb449da26798fcb636c6fa3c394658",
    "schema_version": "1.0.0",
    "event_type": "agent_order",
    "source": "synthetic_agent",
    "symbol": "BTCUSDT",
    "exchange": "binance_usdm",
    "timestamp": "2024-05-01T00:00:00.135000Z",
    "sequence": 27,
    "scenario_id": "scenario-148-quote_stuffing",
    "agent_id": "agent-quote_stuffing",
    "order_id": "scenario-148-quote_stuffing-agent-quote_stuffing-27",
    "action": "new",
    "side": "sell",
    "price": 65154.5148,
    "quantity": 0.001,
    "remaining_quantity": 0.001
  },
  {
    "event_id": "5c296cbda95be4d22f3abb6facf49f3dbdd2020c180e62e62d34e498854a3f39",
    "schema_version": "1.0.0",
    "event_type": "agent_order",
    "source": "synthetic_agent",
    "symbol": "BTCUSDT",
    "exchange": "binance_usdm",
    "timestamp": "2024-05-01T00:00:00.140000Z",
    "sequence": 28,
    "scenario_id": "scenario-148-quote_stuffing",
    "agent_id": "agent-quote_stuffing",
    "order_id": "scenario-148-quote_stuffing-agent-quote_stuffing-28",
    "action": "new",
    "side": "buy",
    "price": 65141.4852,
    "quantity": 0.001,
    "remaining_quantity": 0.001
  },
  {
    "event_id": "fd4e1069717dc776c533698ff2c89c744fabe6993ce471b08f63cf910fa6054b",
    "schema_version": "1.0.0",
    "event_type": "agent_order",
    "source": "synthetic_agent",
    "symbol": "BTCUSDT",
    "exchange": "binance_usdm",
    "timestamp": "2024-05-01T00:00:00.145000Z",
    "sequence": 29,
    "scenario_id": "scenario-148-quote_stuffing",
    "agent_id": "agent-quote_stuffing",
    "order_id": "scenario-148-quote_stuffing-agent-quote_stuffing-29",
    "action": "new",
    "side": "sell",
    "price": 65154.5148,
    "quantity": 0.001,
    "remaining_quantity": 0.001
  }
]