[
  {
    "event_id": "d29d95e1cdd050c662c4e0850f25a0687d0db44eee46fd3ae28c9ec13e2cc240",
    "schema_version": "1.0.0",
    "event_type": "agent_order",
    "source": "synthetic_agent",
    "symbol": "BTCUSDT",
    "exchange": "binance_usdm",
    "timestamp": "2024-05-01T00:00:00Z",
    "sequence": 0,
    "scenario_id": "scenario-184-quote_stuffing",
    "agent_id": "agent-quote_stuffing",
    "order_id": "scenario-184-quote_stuffing-agent-quote_stuffing-0",
    "action": "new",
    "side": "buy",
    "price": 65177.4816,
    "quantity": 0.001,
    "remaining_quantity": 0.001
  },
  {
    "event_id": "054e4712df0d6712b871ee5d2ba447d527adea6edec7ea371225841e8edb7177",
    "schema_version": "1.0.0",
    "event_type": "agent_order",
    "source": "synthetic_agent",
    "symbol": "BTCUSDT",
    "exchange": "binance_usdm",
    "timestamp": "2024-05-01T00:00:00.005000Z",
    "sequence": 1,
    "scenario_id": "scenario-184-quote_stuffing",
    "agent_id": "agent-quote_stuffing",
    "order_id": "scenario-184-quote_stuffing-agent-quote_stuffing-1",
    "action": "new",
    "side": "sell",
    "price": 65190.5184,
    "quantity": 0.001,
    "remaining_quantity": 0.001
  },
  {
    "event_id": "c498da1938e13cbe43568cd4adc9dc4368944ffa7dfc49c4ddd27200a02142fe",
    "schema_version": "1.0.0",
    "event_type": "agent_order",
    "source": "synthetic_agent",
    "symbol": "BTCUSDT",
    "exchange": "binance_usdm",
    "timestamp": "2024-05-01T00:00:00.010000Z",
    "sequence": 2,
    "scenario_id": "scenario-184-quote_stuffing",
    "agent_id": "agent-quote_stuffing",
    "order_id": "scenario-184-quote_stuffing-agent-quote_stuffing-2",
    "action": "new",
    "side": "buy",
    "price": 65177.4816,
    "quantity": 0.001,
    "remaining_quantity": 0.001
  },
  {
    "event_id": "90c4a18b454e850951805662ceaebcc486c12739006158d8a1698f75c88af357",
    "schema_version": "1.0.0",
    "event_type": "agent_order",
    "source": "synthetic_agent",
    "symbol": "BTCUSDT",
    "exchange": "binance_usdm",
    "timestamp": "2024-05-01T00:00:00.015000Z",
    "sequence": 3,
    "scenario_id": "scenario-184-quote_stuffing",
    "agent_id": "agent-quote_stuffing",
    "order_id": "scenario-184-quote_stuffing-agent-quote_stuffing-3",
    "action": "new",
    "side": "sell",
    "price": 65190.5184,
    "quantity": 0.001,
    "remaining_quantity": 0.001
  },
  {
    "event_id": "5de4b1eecbe4abbc7359421d355fd43389a170eb441e8087ce853f996b51c42a",
    "schema_version": "1.0.0",
    "event_type": "agent_order",
    "source": "synthetic_agent",
    "symbol": "BTCUSDT",
    "exchange": "binance_usdm",
    "timestamp": "2024-05-01T00:00:00.020000Z",
    "sequence": 4,
    "scenario_id": "scenario-184-quote_stuffing",
    "agent_id": "agent-quote_stuffing",
    "order_id": "scenario-184-quote_stuffing-agent-quote_stuffing-4",
    "action": "new",
    "side": "buy",
    "price": 65177.4816,
    "quantity": 0.001,
    "remaining_quantity": 0.001
  },
  {
    "event_id": "aeecfa26d1bf47356e748ff0d516ea0935f3120cffc597774c01bdfd64b0ffb2",
    "schema_version": "1.0.0",
    "event_type": "agent_order",
    "source": "synthetic_agent",
    "symbol": "BTCUSDT",
    "exchange": "binance_usdm",
    "timestamp": "2024-05-01T00:00:00.025000Z",
    "sequence": 5,
    "scenario_id": "scenario-184-quote_stuffing",
    "agent_id": "agent-quote_stuffing",
    "order_id": "scenario-184-quote_stuffing-agent-quote_stuffing-5",
    "action": "new",
    "side": "sell",
    "price": 65190.5184,
    "quantity": 0.001,
    "remaining_quantity": 0.001
  },
  {
    "event_id": "e526f80442796c91c04fcd70ec9bc6697e41df8fdb50275215239ba985ec74ad",
    "schema_version": "1.0.0",
    "event_type": "agent_order",
    "source": "synthetic_agent",
    "symbol": "BTCUSDT",
    "exchange": "binance_usdm",
    "timestamp": "2024-05-01T00:00:00.030000Z",
    "sequence": 6,
    "scenario_id": "scenario-184-quote_stuffing",
    "agent_id": "agent-quote_stuffing",
    "order_id": "scenario-184-quote_stuffing-agent-quote_stuffing-6",
    "action": "new",
    "side": "buy",
    "price": 65177.4816,
    "quantity": 0.001,
    "remaining_quantity": 0.001
  },
  {
    "event_id": "020b06d7566481872f456a689956fc93d6f5a8b471efdc71b867c0d9047d1f2a",
    "schema_version": "1.0.0",
    "event_type": "agent_order",
    "source": "synthetic_agent",
    "symbol": "BTCUSDT",
    "exchange": "binance_usdm",
    "timestamp": "2024-05-01T00:00:00.035000Z",
    "sequence": 7,
    "scenario_id": "scenario-184-quote_stuffing",
    "agent_id": "agent-quote_stuffing",
    "order_id": "scenario-184-quote_stuffing-agent-quote_stuffing-7",
    "action": "new",
    "side": "sell",
    "price": 65190.5184,
    "quantity": 0.001,
    "remaining_quantity": 0.001
  },
  {
    "event_id": "eec931f3f97facb1f3754f5f70f3540c662584811f2d0e508d67151584724c8b",
    "schema_version": "1.0.0",
    "event_type": "agent_order",
    "source": "synthetic_agent",
    "symbol": "BTCUSDT",
    "exchange": "binance_usdm",
    "timestamp": "2024-05-01T00:00:00.040000Z",
    "sequence": 8,
    "scenario_id": "scenario-184-quote_stuffing",
    "agent_id": "agent-quote_stuffing",
    "order_id": "scenario-184-quote_stuffing-agent-quote_stuffing-8",
    "action": "new",
    "side": "buy",
    "price": 65177.4816,
    "quantity": 0.001,
    "remaining_quantity": 0.001
  },
  {
    "event_id": "2db580f5f412c4dee09b5b14ae20d53e753425fa3c81b7c39467d16a192c4b14",
    "schema_version": "1.0.0",
    "event_type": "agent_order",
    "source": "synthetic_agent",
    "symbol": "BTCUSDT",
    "exchange": "binance_usdm",
    "timestamp": "2024-05-01T00:00:00.045000Z",
    "sequence": 9,
    "scenario_id": "scenario-184-quote_stuffing",
    "agent_id": "agent-quote_stuffing",
    "order_id": "scenario-184-quote_stuffing-agent-quote_stuffing-9",
    "action": "new",
    "side": "sell",
    "price": 65190.5184,
    "quantity": 0.001,
    "remaining_quantity": 0.001
  },
  {
    "event_id": "50119b8b5817b3d0e429f61c64177875303ee9e2a5fc6a49c0aab1f90f734c43",
    "schema_version": "1.0.0",
    "event_type": "agent_order",
    "source": "synthetic_agent",
    "symbol": "BTCUSDT",
    "exchange": "binance_usdm",
    "timestamp": "2024-05-01T00:00:00.050000Z",
    "sequence": 10,
    "scenario_id": "scenario-184-quote_stuffing",
    "agent_id": "agent-quote_stuffing",
    "order_id": "scenario-184-quote_stuffing-agent-quote_stuffing-10",
    "action": "new",
    "side": "buy",
    "price": 65177.4816,
    "quantity": 0.001,
    "remaining_quantity": 0.001
  },
  {
    "event_id": "6c28fa6ad11a1a770a147ff21e0d68d7c569959fb7ab44e6781fb9e94ae04292",
    "schema_version": "1.0.0",
    "event_type": "agent_order",
    "source": "synthetic_agent",
    "symbol": "BTCUSDT",
    "exchange": "binance_usdm",
    "timestamp": "2024-05-01T00:00:00.055000Z",
    "sequence": 11,
    "scenario_id": "scenario-184-quote_stuffing",
    "agent_id": "agent-quote_stuffing",
    "order_id": "scenario-184-quote_stuffing-agent-quote_stuffing-11",
    "action": "new",
    "side": "sell",
    "price": 65190.5184,
    "quantity": 0.001,
    "remaining_quantity": 0.001
  },
  {
    "event_id": "6f5fdd20eb704ce7277d6e8b370eb91c330659e58ffe15682624e1f730e8f49d",
    "schema_version": "1.0.0",
    "event_type": "agent_order",
    "source": "synthetic_agent",
    "symbol": "BTCUSDT",
    "exchange": "binance_usdm",
    "timestamp": "2024-05-01T00:00:00.060000Z",
    "sequence": 12,
    "scenario_id": "scenario-184-quote_stuffing",
    "agent_id": "agent-quote_stuffing",
    "order_id": "scenario-184-quote_stuffing-agent-quote_stuffing-12",
    "action": "new",
    "side": "buy",
    "price": 65177.4816,
    "quantity": 0.001,
    "remaining_quantity": 0.001
  },
  {
    "event_id": "04261504c20ba84f8f7302d576b887a7008458caecf7c3a2f40cfa46e3239166",
    "schema_version": "1.0.0",
    "event_type": "agent_order",
    "source": "synthetic_agent",
    "symbol": "BTCUSDT",
    "exchange": "binance_usdm",
    "timestamp": "2024-05-01T00:00:00.065000Z",
    "sequence": 13,
    "scenario_id": "scenario-184-quote_stuffing",
    "agent_id": "agent-quote_stuffing",
    "order_id": "scenario-184-quote_stuffing-agent-quote_stuffing-13",
    "action": "new",
    "side": "sell",
    "price": 65190.5184,
    "quantity": 0.001,
    "remaining_quantity": 0.001
  },
  {
    "event_id": "80169e1bcdb3b43e2f694bb0111f91680b8eaadec67504bfbca6aaf861c7de1f",
    "schema_version": "1.0.0",
    "event_type": "agent_order",
    "source": "synthetic_agent",
    "symbol": "BTCUSDT",
    "exchange": "binance_usdm",
    "timestamp": "2024-05-01T00:00:00.070000Z",
    "sequence": 14,
    "scenario_id": "scenario-184-quote_stuffing",
    "agent_id": "agent-quote_stuffing",
    "order_id": "scenario-184-quote_stuffing-agent-quote_stuffing-14",
    "action": "new",
    "side": "buy",
    "price": 65177.4816,
    "quantity": 0.001,
    "remaining_quantity": 0.001
  },
  {
    "event_id": "0c3f79b768b41be45e5418483d8baae3ef87d5e0bf0eadefdb8947133ae7ab1b",
    "schema_version": "1.0.0",
    "event_type": "agent_order",
    "source": "synthetic_agent",
    "symbol": "BTCUSDT",
    "exchange": "binance_usdm",
    "timestamp": "2024-05-01T00:00:00.075000Z",
    "sequence": 15,
    "scenario_id": "scenario-184-quote_stuffing",
    "agent_id": "agent-quote_stuffing",
    "order_id": "scenario-184-quote_stuffing-agent-quote_stuffing-15",
    "action": "new",
    "side": "sell",
    "price": 65190.5184,
    "quantity": 0.001,
    "remaining_quantity": 0.001
  },
  {
    "event_id": "21a18cf016cb5ac032737859d925c47d81689b801bb6c23bd0601f350fe830ba",
    "schema_version": "1.0.0",
    "event_type": "agent_order",
    "source": "synthetic_agent",
    "symbol": "BTCUSDT",
    "exchange": "binance_usdm",
    "timestamp": "2024-05-01T00:00:00.080000Z",
    "sequence": 16,
    "scenario_id": "scenario-184-quote_stuffing",
    "agent_id": "agent-quote_stuffing",
    "order_id": "scenario-184-quote_stuffing-agent-quote_stuffing-16",
    "action": "new",
    "side": "buy",
    "price": 65177.4816,
    "quantity": 0.001,
    "remaining_quantity": 0.001
  },
  {
    "event_id": "9442724ef3cdae2ebd8327c863f636e4a575cec61d304bd7a72292d8e946c71c",
    "schema_version": "1.0.0",
    "event_type": "agent_order",
    "source": "synthetic_agent",
    "symbol": "BTCUSDT",
    "exchange": "binance_usdm",
    "timestamp": "2024-05-01T00:00:00.085000Z",
    "sequence": 17,
    "scenario_id": "scenario-184-quote_stuffing",
    "agent_id": "agent-quote_stuffing",
    "order_id": "scenario-184-quote_stuffing-agent-quote_stuffing-17",
    "action": "new",
    "side": "sell",
    "price": 65190.5184,
    "quantity": 0.001,
    "remaining_quantity": 0.001
  },
  {
    "event_id": "c706059dd735214c4f9fb5f1f63fa28c006ae2811687b2db114c9e236ce88bf2",
    "schema_version": "1.0.0",
    "event_type": "agent_order",
    "source": "synthetic_agent",
    "symbol": "BTCUSDT",
    "exchange": "binance_usdm",
    "timestamp": "2024-05-01T00:00:00.090000Z",
    "sequence": 18,
    "scenario_id": "scenario-184-quote_stuffing",
    "agent_id": "agent-quote_stuffing",
    "order_id": "scenario-184-quote_stuffing-agent-quote_stuffing-18",
    "action": "new",
    "side": "buy",
    "price": 65177.4816,
    "quantity": 0.001,
    "remaining_quantity": 0.001
  },
  {
    "event_id": "18ba65bff15f05f29dcc4507eb335f397bdf291b6f8c4da1daaeadca56966a51",
    "schema_version": "1.0.0",
    "event_type": "agent_order",
    "source": "synthetic_agent",
    "symbol": "BTCUSDT",
    "exchange": "binance_usdm",
    "timestamp": "2024-05-01T00:00:00.095000Z",
    "sequence": 19,
    "scenario_id": "scenario-184-quote_stuffing",
    "agent_id": "agent-quote_stuffing",
    "order_id": "scenario-184-quote_stuffing-agent-quote_stuffing-19",
    "action": "new",
    "side": "sell",
    "price": 65190.5184,
    "quantity": 0.001,
    "remaining_quantity": 0.001
  },
  {
    "event_id": "bfcc56125bc49ee344fe7a210561fec82c3f7fd9f1627355048f1f3a02154fef",
    "schema_version": "1.0.0",
    "event_type": "agent_order",
    "source": "synthetic_agent",
    "symbol": "BTCUSDT",
    "exchange": "binance_usdm",
    "timestamp": "2024-05-01T00:00:00.100000Z",
    "sequence": 20,
    "scenario_id": "scenario-184-quote_stuffing",
    "agent_id": "agent-quote_stuffing",
    "order_id": "scenario-184-quote_stuffing-agent-quote_stuffing-20",
    "action": "new",
    "side": "buy",
    "price": 65177.4816,
    "quantity": 0.001,
    "remaining_quantity": 0.001
  },
  {
    "event_id": "42978eeebb7229f1500ce3fd51451a369eea56c8ecba3015c2b3781215a0418e",
    "schema_version": "1.0.0",
    "event_type": "agent_order",
    "source": "synthetic_agent",
    "symbol": "BTCUSDT",
    "exchange": "binance_usdm",
    "timestamp": "2024-05-01T00:00:00.105000Z",
    "sequence": 21,
    "scenario_id": "scenario-184-quote_stuffing",
    "agent_id": "agent-quote_stuffing",
    "order_id": "scenario-184-quote_stuffing-agent-quote_stuffing-21",
    "action": "new",
    "side": "sell",
    "price": 65190.5184,
    "quantity": 0.001,
    "remaining_quantity": 0.001
  },
  {
    "event_id": "052bb0c625fb9489167efc6b58633aa927529739b8ae4b08f234ecfd8d095ca6",
    "schema_version": "1.0.0",
    "event_type": "agent_order",
    "source": "synthetic_agent",
    "symbol": "BTCUSDT",
    "exchange": "binance_usdm",
    "timestamp": "2024-05-01T00:00:00.110000Z",
    "sequence": 22,
    "scenario_id": "scenario-184-quote_stuffing",
    "agent_id": "agent-quote_stuffing",
    "order_id": "scenario-184-quote_stuffing-agent-quote_stuffing-22",
    "action": "new",
    "side": "buy",
    "price": 65177.4816,
    "quantity": 0.001,
    "remaining_quantity": 0.001
  },
  {
    "event_id": "2d991ea0631767934d2b73dc61e1eb62a74674a25dbf3b526e9b90dba72b27b4",
    "schema_version": "1.0.0",
    "event_type": "agent_order",
    "source": "synthetic_agent",
    "symbol": "BTCUSDT",
    "exchange": "binance_usdm",
    "timestamp": "2024-05-01T00:00:00.115000Z",
    "sequence": 23,
    "scenario_id": "scenario-184-quote_stuffing",
    "agent_id": "agent-quote_stuffing",
    "order_id": "scenario-184-quote_stuffing-agent-quote_stuffing-23",
    "action": "new",
    "side": "sell",
    "price": 65190.5184,
    "quantity": 0.001,
    "remaining_quantity": 0.001
  },
  {
    "event_id": "f7e2d68983a8cbe25895be7cda6eb4b29261aa316133bd1f3dca2e591818b812",
    "schema_version": "1.0.0",
    "event_type": "agent_order",
    "source": "synthetic_agent",
    "symbol": "BTCUSDT",
    "exchange": "binance_usdm",
    "timestamp": "2024-05-01T00:00:00.120000Z",
    "sequence": 24,
    "scenario_id": "scenario-184-quote_stuffing",
    "agent_id": "agent-quote_stuffing",
    "order_id": "scenario-184-quote_stuffing-agent-quote_stuffing-24",
    "action": "new",
    "side": "buy",
    "price": 65177.4816,
    "quantity": 0.001,
    "remaining_quantity": 0.001
  },
  {
    "event_id": "6ab736b373535fdd7cc50845de557aa68970ac5e65b233afacd9c7fff440e75d",
    "schema_version": "1.0.0",
    "event_type": "agent_order",
    "source": "synthetic_agent",
    "symbol": "BTCUSDT",
    "exchange": "binance_usdm",
    "timestamp": "2024-05-01T00:00:00.125000Z",
    "sequence": 25,
    "scenario_id": "scenario-184-quote_stuffing",
    "agent_id": "agent-quote_stuffing",
    "order_id": "scenario-184-quote_stuffing-agent-quote_stuffing-25",
    "action": "new",
    "side": "sell",
    "price": 65190.5184,
    "quantity": 0.001,
    "remaining_quantity": 0.001
  },
  {
    "event_id": "442aa0c86b63af94a152eb4a88b78b579349cb865775aa8911dafddfb360889b",
    "schema_version": "1.0.0",
    "event_type": "agent_order",
    "source": "synthetic_agent",
    "symbol": "BTCUSDT",
    "exchange": "binance_usdm",
    "timestamp": "2024-05-01T00:00:00.130000Z",
    "sequence": 26,
    "scenario_id": "scenario-184-quote_stuffing",
    "agent_id": "agent-quote_stuffing",
    "order_id": "scenario-184-quote_stuffing-agent-quote_stuffing-26",
    "action": "new",
    "side": "buy",
    "price": 65177.4816,
    "quantity": 0.001,
    "remaining_quantity": 0.001
  },
  {
    "event_id": "ecb45d5b955e3f68f8f20a5b4831e40db8d754502a804eaa88fdef34a9f36891",
    "schema_version": "1.0.0",
    "event_type": "agent_order",
    "source": "synthetic_agent",
    "symbol": "BTCUSDT",
    "exchange": "binance_usdm",
    "timestamp": "2024-05-01T00:00:00.135000Z",
    "sequence": 27,
    "scenario_id": "scenario-184-quote_stuffing",
    "agent_id": "agent-quote_stuffing",
    "order_id": "scenario-184-quote_stuffing-agent-quote_stuffing-27",
    "action": "new",
    "side": "sell",
    "price": 65190.5184,
    "quantity": 0.001,
    "remaining_quantity": 0.001
  },
  {
    "event_id": "8dbdd85c4351cc39e24bd335ca4a0f6c9b99927c8e48e3543ae3ed1b7cec7940",
    "schema_version": "1.0.0",
    "event_type": "agent_order",
    "source": "synthetic_agent",
    "symbol": "BTCUSDT",
    "exchange": "binance_usdm",
    "timestamp": "2024-05-01T00:00:00.140000Z",
    "sequence": 28,
    "scenario_id": "scenario-184-quote_stuffing",
    "agent_id": "agent-quote_stuffing",
    "order_id": "scenario-184-quote_stuffing-agent-quote_stuffing-28",
    "action": "new",
    "side": "buy",
    "price": 65177.4816,
    "quantity": 0.001,
    "remaining_quantity": 0.001
  },
  {
    "event_id": "de27da63791a780915c2b26972d79725935ab41ae354bde2f03afd3190d51b28",
    "schema_version": "1.0.0",
    "event_type": "agent_order",
    "source": "synthetic_agent",
    "symbol": "BTCUSDT",
    "exchange": "binance_usdm",
    "timestamp": "2024-05-01T00:00:00.145000Z",
    "sequence": 29,
    "scenario_id": "scenario-184-quote_stuffing",
    "agent_id": "agent-quote_stuffing",
    "order_id": "scenario-184-quote_stuffing-agent-quote_stuffing-29",
    "action": "new",
    "side": "sell",
    "price": 65190.5184,
    "quantity": 0.001,
    "remaining_quantity": 0.001
  }
]