[
  {
    "event_id": "ddb4b54daba87e40780b4155cc6406be7763c162fac242efef86212cc4a12a5c",
    "schema_version": "1.0.0",
    "event_type": "agent_order",
    "source": "synthetic_agent",
    "symbol": "BTCUSDT",
    "exchange": "binance_usdm",
    "timestamp": "2024-05-01T00:00:00Z",
    "sequence": 0,
    "scenario_id": "scenario-565-twap_execution",
    "agent_id": "agent-twap_execution",
    "order_id": "scenario-565-twap_execution-agent-twap_execution-0",
    "action": "new",
    "side": "buy",
    "price": 65532.217500000006,
    "quantity": 0.005,
    "remaining_quantity": 0.005
  },
  {
    "event_id": "f80a43efa497a893821725c564dccfba3adfbbd7096c700040f0f1bfedf38f03",
    "schema_version": "1.0.0",
    "event_type": "agent_order",
    "source": "synthetic_agent",
    "symbol": "BTCUSDT",
    "exchange": "binance_usdm",
    "timestamp": "2024-05-01T00:00:01Z",
    "sequence": 1,
    "scenario_id": "scenario-565-twap_execution",
    "agent_id": "agent-twap_execution",
    "order_id": "scenario-565-twap_execution-agent-twap_execution-1",
    "action": "new",
    "side": "buy",
    "price": 65532.217500000006,
    "quantity": 0.005,
    "remaining_quantity": 0.005
  },
  {
    "event_id": "e15b3db309972eb8aab619fafe517b3143a816d495e0c4acdbaea143ec2599f9",
    "schema_version": "1.0.0",
    "event_type": "agent_order",
    "source": "synthetic_agent",
    "symbol": "BTCUSDT",
    "exchange": "binance_usdm",
    "timestamp": "2024-05-01T00:00:02Z",
    "sequence": 2,
    "scenario_id": "scenario-565-twap_execution",
    "agent_id": "agent-twap_execution",
    "order_id": "scenario-565-twap_execution-agent-twap_execution-2",
    "action": "new",
    "side": "buy",
    "price": 65532.217500000006,
    "quantity": 0.005,
    "remaining_quantity": 0.005
  },
  {
    "event_id": "94d68949ce7fe1410a02142f6ef1bc3dffe39dd882ad742f6e0671673c547070",
    "schema_version": "1.0.0",
    "event_type": "agent_order",
    "source": "synthetic_agent",
    "symbol": "BTCUSDT",
    "exchange": "binance_usdm",
    "timestamp": "2024-05-01T00:00:03Z",
    "sequence": 3,
    "scenario_id": "scenario-565-twap_execution",
    "agent_id": "agent-twap_execution",
    "order_id": "scenario-565-twap_execution-agent-twap_execution-3",
    "action": "new",
    "side": "buy",
    "price": 65532.217500000006,
    "quantity": 0.005,
    "remaining_quantity": 0.005
  },
  {
    "event_id": "5dd0b9439e58243607467c10039b6bd9aef3377cf3f51252c254fa7f99f3572c",
    "schema_version": "1.0.0",
    "event_type": "agent_order",
    "source": "synthetic_agent",
    "symbol": "BTCUSDT",
    "exchange": "binance_usdm",
    "timestamp": "2024-05-01T00:00:04Z",
    "sequence": 4,
    "scenario_id": "scenario-565-twap_execution",
    "agent_id": "agent-twap_execution",
    "order_id": "scenario-565-twap_execution-agent-twap_execution-4",
    "action": "new",
    "side": "buy",
    "price": 65532.217500000006,
    "quantity": 0.005,
    "remaining_quantity": 0.005
  },
  {
    "event_id": "e06f944eb39a9b037bd509032bc2678d38f607457acbe2a232fb1ad6793ee6a9",
    "schema_version": "1.0.0",
    "event_type": "agent_order",
    "source": "synthetic_agent",
    "symbol": "BTCUSDT",
    "exchange": "binance_usdm",
    "timestamp": "2024-05-01T00:00:05Z",
    "sequence": 5,
    "scenario_id": "scenario-565-twap_execution",
    "agent_id": "agent-twap_execution",
    "order_id": "scenario-565-twap_execution-agent-twap_execution-5",
    "action": "new",
    "side": "buy",
    "price": 65532.217500000006,
    "quantity": 0.005,
    "remaining_quantity": 0.005
  },
  {
    "event_id": "61b5ed2370029e17e6a5f855b928866c31ade0db4f51907479cd6355ccf4902a",
    "schema_version": "1.0.0",
    "event_type": "agent_order",
    "source": "synthetic_agent",
    "symbol": "BTCUSDT",
    "exchange": "binance_usdm",
    "timestamp": "2024-05-01T00:00:06Z",
    "sequence": 6,
    "scenario_id": "scenario-565-twap_execution",
    "agent_id": "agent-twap_execution",
    "order_id": "scenario-565-twap_execution-agent-twap_execution-6",
    "action": "new",
    "side": "buy",
    "price": 65532.217500000006,
    "quantity": 0.005,
    "remaining_quantity": 0.005
  },
  {
    "event_id": "2a3abe286476c91e54dd25daa6c3c34b24969fb3ad9d651a5ec58de6ef64974e",
    "schema_version": "1.0.0",
    "event_type": "agent_order",
    "source": "synthetic_agent",
    "symbol": "BTCUSDT",
    "exchange": "binance_usdm",
    "timestamp": "2024-05-01T00:00:07Z",
    "sequence": 7,
    "scenario_id": "scenario-565-twap_execution",
    "agent_id": "agent-twap_execution",
    "order_id": "scenario-565-twap_execution-agent-twap_execution-7",
    "action": "new",
    "side": "buy",
    "price": 65532.217500000006,
    "quantity": 0.005,
    "remaining_quantity": 0.005
  },
  {
    "event_id": "e71db97e5538700ed6fa46d634f6ce070700268a1a4fe3c1753268395f1848dd",
    "schema_version": "1.0.0",
    "event_type": "agent_order",
    "source": "synthetic_agent",
    "symbol": "BTCUSDT",
    "exchange": "binance_usdm",
    "timestamp": "2024-05-01T00:00:08Z",
    "sequence": 8,
    "scenario_id": "scenario-565-twap_execution",
    "agent_id": "agent-twap_execution",
    "order_id": "scenario-565-twap_execution-agent-twap_execution-8",
    "action": "new",
    "side": "buy",
    "price": 65532.217500000006,
    "quantity": 0.005,
    "remaining_quantity": 0.005
  },
  {
    "event_id": "29219b810a6dea0f0d56d2a70371121da749c7983eb6cee3665f5a4489600778",
    "schema_version": "1.0.0",
    "event_type": "agent_order",
    "source": "synthetic_agent",
    "symbol": "BTCUSDT",
    "exchange": "binance_usdm",
    "timestamp": "2024-05-01T00:00:09Z",
    "sequence": 9,
    "scenario_id": "scenario-565-twap_execution",
    "agent_id": "agent-twap_execution",
    "order_id": "scenario-565-twap_execution-agent-twap_execution-9",
    "action": "new",
    "side": "buy",
    "price": 65532.217500000006,
    "quantity": 0.005,
    "remaining_quantity": 0.005
  },
  {
    "event_id": "863b5bf1886b40956f025746db98272c3849cf886cfb34fd88879d81a7d5671d",
    "schema_version": "1.0.0",
    "event_type": "agent_order",
    "source": "synthetic_agent",
    "symbol": "BTCUSDT",
    "exchange": "binance_usdm",
    "timestamp": "2024-05-01T00:00:10Z",
    "sequence": 10,
    "scenario_id": "scenario-565-twap_execution",
    "agent_id": "agent-twap_execution",
    "order_id": "scenario-565-twap_execution-agent-twap_execution-10",
    "action": "new",
    "side": "buy",
    "price": 65532.217500000006,
    "quantity": 0.005,
    "remaining_quantity": 0.005
  },
  {
    "event_id": "d4b329467b708f2afdccd063e54dd7c4d8b49579bd3ea1416027a4223d79ff2e",
    "schema_version": "1.0.0",
    "event_type": "agent_order",
    "source": "synthetic_agent",
    "symbol": "BTCUSDT",
    "exchange": "binance_usdm",
    "timestamp": "2024-05-01T00:00:11Z",
    "sequence": 11,
    "scenario_id": "scenario-565-twap_execution",
    "agent_id": "agent-twap_execution",
    "order_id": "scenario-565-twap_execution-agent-twap_execution-11",
    "action": "new",
    "side": "buy",
    "price": 65532.217500000006,
    "quantity": 0.005,
    "remaining_quantity": 0.005
  },
  {
    "event_id": "de53d6013892195bf87be53a34338e2b3e42a71ab793bac5d9383886d828e68f",
    "schema_version": "1.0.0",
    "event_type": "agent_order",
    "source": "synthetic_agent",
    "symbol": "BTCUSDT",
    "exchange": "binance_usdm",
    "timestamp": "2024-05-01T00:00:12Z",
    "sequence": 12,
    "scenario_id": "scenario-565-twap_execution",
    "agent_id": "agent-twap_execution",
    "order_id": "scenario-565-twap_execution-agent-twap_execution-12",
    "action": "new",
    "side": "buy",
    "price": 65532.217500000006,
    "quantity": 0.005,
    "remaining_quantity": 0.005
  },
  {
    "event_id": "8ee76b3be457433e52797c8e84f904b3f556b8e0ccd8c5626b4bdf2cca79094c",
    "schema_version": "1.0.0",
    "event_type": "agent_order",
    "source": "synthetic_agent",
    "symbol": "BTCUSDT",
    "exchange": "binance_usdm",
    "timestamp": "2024-05-01T00:00:13Z",
    "sequence": 13,
    "scenario_id": "scenario-565-twap_execution",
    "agent_id": "agent-twap_execution",
    "order_id": "scenario-565-twap_execution-agent-twap_execution-13",
    "action": "new",
    "side": "buy",
    "price": 65532.217500000006,
    "quantity": 0.005,
    "remaining_quantity": 0.005
  },
  {
    "event_id": "6fc3bb8b3d5168d54ad847cc7ae896d5e6a966e35c4454d73d8eba9e7f820f67",
    "schema_version": "1.0.0",
    "event_type": "agent_order",
    "source": "synthetic_agent",
    "symbol": "BTCUSDT",
    "exchange": "binance_usdm",
    "timestamp": "2024-05-01T00:00:14Z",
    "sequence": 14,
    "scenario_id": "scenario-565-twap_execution",
    "agent_id": "agent-twap_execution",
    "order_id": "scenario-565-twap_execution-agent-twap_execution-14",
    "action": "new",
    "side": "buy",
    "price": 65532.217500000006,
    "quantity": 0.005,
    "remaining_quantity": 0.005
  },
  {
    "event_id": "1254f3d82091008b586e674ad21f092c54e302e4cee9ccb85f9a4470096692d5",
    "schema_version": "1.0.0",
    "event_type": "agent_order",
    "source": "synthetic_agent",
    "symbol": "BTCUSDT",
    "exchange": "binance_usdm",
    "timestamp": "2024-05-01T00:00:15Z",
    "sequence": 15,
    "scenario_id": "scenario-565-twap_execution",
    "agent_id": "agent-twap_execution",
    "order_id": "scenario-565-twap_execution-agent-twap_execution-15",
    "action": "new",
    "side": "buy",
    "price": 65532.217500000006,
    "quantity": 0.005,
    "remaining_quantity": 0.005
  },
  {
    "event_id": "6831de74080c4b27c9807bca317c1cd8a6cd35676b155a9fd1f38869786ad7f4",
    "schema_version": "1.0.0",
    "event_type": "agent_order",
    "source": "synthetic_agent",
    "symbol": "BTCUSDT",
    "exchange": "binance_usdm",
    "timestamp": "2024-05-01T00:00:16Z",
    "sequence": 16,
    "scenario_id": "scenario-565-twap_execution",
    "agent_id": "agent-twap_execution",
    "order_id": "scenario-565-twap_execution-agent-twap_execution-16",
    "action": "new",
    "side": "buy",
    "price": 65532.217500000006,
    "quantity": 0.005,
    "remaining_quantity": 0.005
  },
  {
    "event_id": "8e16324aa1b9f8f7df36b15c4e673483808145c95d8ab5e6f56b8fd68435e4c4",
    "schema_version": "1.0.0",
    "event_type": "agent_order",
    "source": "synthetic_agent",
    "symbol": "BTCUSDT",
    "exchange": "binance_usdm",
    "timestamp": "2024-05-01T00:00:17Z",
    "sequence": 17,
    "scenario_id": "scenario-565-twap_execution",
    "agent_id": "agent-twap_execution",
    "order_id": "scenario-565-twap_execution-agent-twap_execution-17",
    "action": "new",
    "side": "buy",
    "price": 65532.217500000006,
    "quantity": 0.005,
    "remaining_quantity": 0.005
  },
  {
    "event_id": "5bdb831f0fcb7e4eeffa2bd3da4d243c3e24be5dfcb6683be9217e08cafa905e",
    "schema_version": "1.0.0",
    "event_type": "agent_order",
    "source": "synthetic_agent",
    "symbol": "BTCUSDT",
    "exchange": "binance_usdm",
    "timestamp": "2024-05-01T00:00:18Z",
    "sequence": 18,
    "scenario_id": "scenario-565-twap_execution",
    "agent_id": "agent-twap_execution",
    "order_id": "scenario-565-twap_execution-agent-twap_execution-18",
    "action": "new",
    "side": "buy",
    "price": 65532.217500000006,
    "quantity": 0.005,
    "remaining_quantity": 0.005
  },
  {
    "event_id": "c4828fd07c7716e8378194bcf70e861460744b5ba24b6cf6210c50a4c14ead6b",
    "schema_version": "1.0.0",
    "event_type": "agent_order",
    "source": "synthetic_agent",
    "symbol": "BTCUSDT",
    "exchange": "binance_usdm",
    "timestamp": "2024-05-01T00:00:19Z",
    "sequence": 19,
    "scenario_id": "scenario-565-twap_execution",
    "agent_id": "agent-twap_execution",
    "order_id": "scenario-565-twap_execution-agent-twap_execution-19",
    "action": "new",
    "side": "buy",
    "price": 65532.217500000006,
    "quantity": 0.005,
    "remaining_quantity": 0.005
  },
  {
    "event_id": "b5a5872cc767f1e27d021865af83c1e2ad2575c574a88b40f8d364722213be5b",
    "schema_version": "1.0.0",
    "event_type": "agent_order",
    "source": "synthetic_agent",
    "symbol": "BTCUSDT",
    "exchange": "binance_usdm",
    "timestamp": "2024-05-01T00:00:20Z",
    "sequence": 20,
    "scenario_id": "scenario-565-twap_execution",
    "agent_id": "agent-twap_execution",
    "order_id": "scenario-565-twap_execution-agent-twap_execution-20",
    "action": "new",
    "side": "buy",
    "price": 65532.217500000006,
    "quantity": 0.005,
    "remaining_quantity": 0.005
  },
  {
    "event_id": "b508860bae70165ebbc5a9134c53f296bf682de1b81c4b7d626c8daaed1dd017",
    "schema_version": "1.0.0",
    "event_type": "agent_order",
    "source": "synthetic_agent",
    "symbol": "BTCUSDT",
    "exchange": "binance_usdm",
    "timestamp": "2024-05-01T00:00:21Z",
    "sequence": 21,
    "scenario_id": "scenario-565-twap_execution",
    "agent_id": "agent-twap_execution",
    "order_id": "scenario-565-twap_execution-agent-twap_execution-21",
    "action": "new",
    "side": "buy",
    "price": 65532.217500000006,
    "quantity": 0.005,
    "remaining_quantity": 0.005
  },
  {
    "event_id": "87e5ac349c5acf471582a72759096295ab1b8eeb6a2cc0a6191526d5ef4cd8ec",
    "schema_version": "1.0.0",
    "event_type": "agent_order",
    "source": "synthetic_agent",
    "symbol": "BTCUSDT",
    "exchange": "binance_usdm",
    "timestamp": "2024-05-01T00:00:22Z",
    "sequence": 22,
    "scenario_id": "scenario-565-twap_execution",
    "agent_id": "agent-twap_execution",
    "order_id": "scenario-565-twap_execution-agent-twap_execution-22",
    "action": "new",
    "side": "buy",
    "price": 65532.217500000006,
    "quantity": 0.005,
    "remaining_quantity": 0.005
  },
  {
    "event_id": "a8754ac509b46675fc4f5e2da5af74618a22c7b389e00878c80b945090a76afb",
    "schema_version": "1.0.0",
    "event_type": "agent_order",
    "source": "synthetic_agent",
    "symbol": "BTCUSDT",
    "exchange": "binance_usdm",
    "timestamp": "2024-05-01T00:00:23Z",
    "sequence": 23,
    "scenario_id": "scenario-565-twap_execution",
    "agent_id": "agent-twap_execution",
    "order_id": "scenario-565-twap_execution-agent-twap_execution-23",
    "action": "new",
    "side": "buy",
    "price": 65532.217500000006,
    "quantity": 0.005,
    "remaining_quantity": 0.005
  },
  {
    "event_id": "c0bf6d3b54d1f7411c2b157f9907c703c5c31f6d9230fc2768a1e7f1d0f803be",
    "schema_version": "1.0.0",
    "event_type": "agent_order",
    "source": "synthetic_agent",
    "symbol": "BTCUSDT",
    "exchange": "binance_usdm",
    "timestamp": "2024-05-01T00:00:24Z",
    "sequence": 24,
    "scenario_id": "scenario-565-twap_execution",
    "agent_id": "agent-twap_execution",
    "order_id": "scenario-565-twap_execution-agent-twap_execution-24",
    "action": "new",
    "side": "buy",
    "price": 65532.217500000006,
    "quantity": 0.005,
    "remaining_quantity": 0.005
  },
  {
    "event_id": "b121d71a4fcb462aa7049e33fe43e872bfb6f432fa9ac81885d62a4b4e1fad56",
    "schema_version": "1.0.0",
    "event_type": "agent_order",
    "source": "synthetic_agent",
    "symbol": "BTCUSDT",
    "exchange": "binance_usdm",
    "timestamp": "2024-05-01T00:00:25Z",
    "sequence": 25,
    "scenario_id": "scenario-565-twap_execution",
    "agent_id": "agent-twap_execution",
    "order_id": "scenario-565-twap_execution-agent-twap_execution-25",
    "action": "new",
    "side": "buy",
    "price": 65532.217500000006,
    "quantity": 0.005,
    "remaining_quantity": 0.005
  },
  {
    "event_id": "f9dc2dcca4a57ae8c8578a20c27488f6b49b104e0b909a1a1c6abeda8c0c9c4b",
    "schema_version": "1.0.0",
    "event_type": "agent_order",
    "source": "synthetic_agent",
    "symbol": "BTCUSDT",
    "exchange": "binance_usdm",
    "timestamp": "2024-05-01T00:00:26Z",
    "sequence": 26,
    "scenario_id": "scenario-565-twap_execution",
    "agent_id": "agent-twap_execution",
    "order_id": "scenario-565-twap_execution-agent-twap_execution-26",
    "action": "new",
    "side": "buy",
    "price": 65532.217500000006,
    "quantity": 0.005,
    "remaining_quantity": 0.005
  },
  {
    "event_id": "dd729aad9001cc330a9bdbedb5e47ccdb30fb78b29178626b122e82074bb4181",
    "schema_version": "1.0.0",
    "event_type": "agent_order",
    "source": "synthetic_agent",
    "symbol": "BTCUSDT",
    "exchange": "binance_usdm",
    "timestamp": "2024-05-01T00:00:27Z",
    "sequence": 27,
    "scenario_id": "scenario-565-twap_execution",
    "agent_id": "agent-twap_execution",
    "order_id": "scenario-565-twap_execution-agent-twap_execution-27",
    "action": "new",
    "side": "buy",
    "price": 65532.217500000006,
    "quantity": 0.005,
    "remaining_quantity": 0.005
  },
  {
    "event_id": "255488287f67d33ef47c1b310bf9d1110512c0f4d7e4ccfc6ac46b91d3b6b75a",
    "schema_version": "1.0.0",
    "event_type": "agent_order",
    "source": "synthetic_agent",
    "symbol": "BTCUSDT",
    "exchange": "binance_usdm",
    "timestamp": "2024-05-01T00:00:28Z",
    "sequence": 28,
    "scenario_id": "scenario-565-twap_execution",
    "agent_id": "agent-twap_execution",
    "order_id": "scenario-565-twap_execution-agent-twap_execution-28",
    "action": "new",
    "side": "buy",
    "price": 65532.217500000006,
    "quantity": 0.005,
    "remaining_quantity": 0.005
  },
  {
    "event_id": "0d6012600ff8e391e4bbb07810f10f697896b9051c9be2c0bd92c981d0d45dda",
    "schema_version": "1.0.0",
    "event_type": "agent_order",
    "source": "synthetic_agent",
    "symbol": "BTCUSDT",
    "exchange": "binance_usdm",
    "timestamp": "2024-05-01T00:00:29Z",
    "sequence": 29,
    "scenario_id": "scenario-565-twap_execution",
    "agent_id": "agent-twap_execution",
    "order_id": "scenario-565-twap_execution-agent-twap_execution-29",
    "action": "new",
    "side": "buy",
    "price": 65532.217500000006,
    "quantity": 0.005,
    "remaining_quantity": 0.005
  }
]