[
  {
    "event_id": "47bb920c66fadd3fa1ba28b05d36df2565a5370830bb4f3c95a82ebb3d4cdf17",
    "schema_version": "1.0.0",
    "event_type": "agent_order",
    "source": "synthetic_agent",
    "symbol": "BTCUSDT",
    "exchange": "binance_usdm",
    "timestamp": "2024-05-01T00:00:00Z",
    "sequence": 0,
    "scenario_id": "scenario-419-volatility_feedback",
    "agent_id": "agent-volatility_feedback",
    "order_id": "scenario-419-volatility_feedback-agent-volatility_feedback-0",
    "action": "new",
    "side": "buy",
    "price": 65484.418999999994,
    "quantity": 0.02,
    "remaining_quantity": 0.02
  },
  {
    "event_id": "9a4a2eded9593a670844f4bfea4ba2aad9d011c6355528812eabda18ef0dd40b",
    "schema_version": "1.0.0",
    "event_type": "agent_order",
    "source": "synthetic_agent",
    "symbol": "BTCUSDT",
    "exchange": "binance_usdm",
    "timestamp": "2024-05-01T00:00:00.020000Z",
    "sequence": 1,
    "scenario_id": "scenario-419-volatility_feedback",
    "agent_id": "agent-volatility_feedback",
    "order_id": "scenario-419-volatility_feedback-agent-volatility_feedback-1",
    "action": "new",
    "side": "sell",
    "price": 65352.272619999996,
    "quantity": 0.03,
    "remaining_quantity": 0.03
  },
  {
    "event_id": "6bbf739e3d3d0243863c86185afdd799d666f0a9d12a045732c4f8f8a6486695",
    "schema_version": "1.0.0",
    "event_type": "agent_order",
    "source": "synthetic_agent",
    "symbol": "BTCUSDT",
    "exchange": "binance_usdm",
    "timestamp": "2024-05-01T00:00:00.040000Z",
    "sequence": 2,
    "scenario_id": "scenario-419-volatility_feedback",
    "agent_id": "agent-volatility_feedback",
    "order_id": "scenario-419-volatility_feedback-agent-volatility_feedback-2",
    "action": "new",
    "side": "buy",
    "price": 65487.03576,
    "quantity": 0.04,
    "remaining_quantity": 0.04
  },
  {
    "event_id": "b3f400a10c3f5b07208b8d7fee470c2b35f5c8854dc080abd99c079018432d13",
    "schema_version": "1.0.0",
    "event_type": "agent_order",
    "source": "synthetic_agent",
    "symbol": "BTCUSDT",
    "exchange": "binance_usdm",
    "timestamp": "2024-05-01T00:00:00.060000Z",
    "sequence": 3,
    "scenario_id": "scenario-419-volatility_feedback",
    "agent_id": "agent-volatility_feedback",
    "order_id": "scenario-419-volatility_feedback-agent-volatility_feedback-3",
    "action": "new",
    "side": "sell",
    "price": 65349.655860000006,
    "quantity": 0.05,
    "remaining_quantity": 0.05
  },
  {
    "event_id": "1f37cde75e9181c302078d51e99ee0c6ac0d5feb1dd8b6841a4e6d7ee3ad68f5",
    "schema_version": "1.0.0",
    "event_type": "agent_order",
    "source": "synthetic_agent",
    "symbol": "BTCUSDT",
    "exchange": "binance_usdm",
    "timestamp": "2024-05-01T00:00:00.080000Z",
    "sequence": 4,
    "scenario_id": "scenario-419-volatility_feedback",
    "agent_id": "agent-volatility_feedback",
    "order_id": "scenario-419-volatility_feedback-agent-volatility_feedback-4",
    "action": "new",
    "side": "buy",
    "price": 65489.652519999996,
    "quantity": 0.02,
    "remaining_quantity": 0.02
  },
  {
    "event_id": "b4a2297bea69e2488935e798c0ea2572f1e42f4dceae23261f1dbdbdb4a0f02e",
    "schema_version": "1.0.0",
    "event_type": "agent_order",
    "source": "synthetic_agent",
    "symbol": "BTCUSDT",
    "exchange": "binance_usdm",
    "timestamp": "2024-05-01T00:00:00.100000Z",
    "sequence": 5,
    "scenario_id": "scenario-419-volatility_feedback",
    "agent_id": "agent-volatility_feedback",
    "order_id": "scenario-419-volatility_feedback-agent-volatility_feedback-5",
    "action": "new",
    "side": "sell",
    "price": 65347.0391,
    "quantity": 0.03,
    "remaining_quantity": 0.03
  },
  {
    "event_id": "4d7e57c1a3cc2dc86e361affd66d2d0fd8947783d262ee2783a0f52f3444c39d",
    "schema_version": "1.0.0",
    "event_type": "agent_order",
    "source": "synthetic_agent",
    "symbol": "BTCUSDT",
    "exchange": "binance_usdm",
    "timestamp": "2024-05-01T00:00:00.120000Z",
    "sequence": 6,
    "scenario_id": "scenario-419-volatility_feedback",
    "agent_id": "agent-volatility_feedback",
    "order_id": "scenario-419-volatility_feedback-agent-volatility_feedback-6",
    "action": "new",
    "side": "buy",
    "price": 65492.26928,
    "quantity": 0.04,
    "remaining_quantity": 0.04
  },
  {
    "event_id": "191325d09441c157443941bd36b1a98d149c756541a95b435914f5811c941647",
    "schema_version": "1.0.0",
    "event_type": "agent_order",
    "source": "synthetic_agent",
    "symbol": "BTCUSDT",
    "exchange": "binance_usdm",
    "timestamp": "2024-05-01T00:00:00.140000Z",
    "sequence": 7,
    "scenario_id": "scenario-419-volatility_feedback",
    "agent_id": "agent-volatility_feedback",
    "order_id": "scenario-419-volatility_feedback-agent-volatility_feedback-7",
    "action": "new",
    "side": "sell",
    "price": 65344.42234,
    "quantity": 0.05,
    "remaining_quantity": 0.05
  },
  {
    "event_id": "b55c8e5becc7291cc535f194d1438408772135df246bf1cd915e9e9d487b8d46",
    "schema_version": "1.0.0",
    "event_type": "agent_order",
    "source": "synthetic_agent",
    "symbol": "BTCUSDT",
    "exchange": "binance_usdm",
    "timestamp": "2024-05-01T00:00:00.160000Z",
    "sequence": 8,
    "scenario_id": "scenario-419-volatility_feedback",
    "agent_id": "agent-volatility_feedback",
    "order_id": "scenario-419-volatility_feedback-agent-volatility_feedback-8",
    "action": "new",
    "side": "buy",
    "price": 65494.886040000005,
    "quantity": 0.02,
    "remaining_quantity": 0.02
  },
  {
    "event_id": "d61c51204bfe2a1eb9654db8596e08096c15b3e2d0aea8f9fd067e0659fb4546",
    "schema_version": "1.0.0",
    "event_type": "agent_order",
    "source": "synthetic_agent",
    "symbol": "BTCUSDT",
    "exchange": "binance_usdm",
    "timestamp": "2024-05-01T00:00:00.180000Z",
    "sequence": 9,
    "scenario_id": "scenario-419-volatility_feedback",
    "agent_id": "agent-volatility_feedback",
    "order_id": "scenario-419-volatility_feedback-agent-volatility_feedback-9",
    "action": "new",
    "side": "sell",
    "price": 65341.80558,
    "quantity": 0.03,
    "remaining_quantity": 0.03
  },
  {
    "event_id": "1a4d0ac073e43712566c4afa04a9efc486f4421095ad44751973fd115ba4355b",
    "schema_version": "1.0.0",
    "event_type": "agent_order",
    "source": "synthetic_agent",
    "symbol": "BTCUSDT",
    "exchange": "binance_usdm",
    "timestamp": "2024-05-01T00:00:00.200000Z",
    "sequence": 10,
    "scenario_id": "scenario-419-volatility_feedback",
    "agent_id": "agent-volatility_feedback",
    "order_id": "scenario-419-volatility_feedback-agent-volatility_feedback-10",
    "action": "new",
    "side": "buy",
    "price": 65497.50280000001,
    "quantity": 0.04,
    "remaining_quantity": 0.04
  },
  {
    "event_id": "8b540ce75d17095320e8426381e6ee21876e63a861eef2c8371ef22689cef3db",
    "schema_version": "1.0.0",
    "event_type": "agent_order",
    "source": "synthetic_agent",
    "symbol": "BTCUSDT",
    "exchange": "binance_usdm",
    "timestamp": "2024-05-01T00:00:00.220000Z",
    "sequence": 11,
    "scenario_id": "scenario-419-volatility_feedback",
    "agent_id": "agent-volatility_feedback",
    "order_id": "scenario-419-volatility_feedback-agent-volatility_feedback-11",
    "action": "new",
    "side": "sell",
    "price": 65339.18882,
    "quantity": 0.05,
    "remaining_quantity": 0.05
  },
  {
    "event_id": "b762bf9226dc0c84aa4d0275e695b6ef54bff5ac114ade93da7f33197d5309c4",
    "schema_version": "1.0.0",
    "event_type": "agent_order",
    "source": "synthetic_agent",
    "symbol": "BTCUSDT",
    "exchange": "binance_usdm",
    "timestamp": "2024-05-01T00:00:00.240000Z",
    "sequence": 12,
    "scenario_id": "scenario-419-volatility_feedback",
    "agent_id": "agent-volatility_feedback",
    "order_id": "scenario-419-volatility_feedback-agent-volatility_feedback-12",
    "action": "new",
    "side": "buy",
    "price": 65500.11955999999,
    "quantity": 0.02,
    "remaining_quantity": 0.02
  },
  {
    "event_id": "f26d8bf3854bd948f0f150404d29c56fdf5612a42dd51d9c53c71b2b4a19bbb9",
    "schema_version": "1.0.0",
    "event_type": "agent_order",
    "source": "synthetic_agent",
    "symbol": "BTCUSDT",
    "exchange": "binance_usdm",
    "timestamp": "2024-05-01T00:00:00.260000Z",
    "sequence": 13,
    "scenario_id": "scenario-419-volatility_feedback",
    "agent_id": "agent-volatility_feedback",
    "order_id": "scenario-419-volatility_feedback-agent-volatility_feedback-13",
    "action": "new",
    "side": "sell",
    "price": 65336.57206,
    "quantity": 0.03,
    "remaining_quantity": 0.03
  },
  {
    "event_id": "c22b54cbb1afd4f200a1b9a64492e7f60c20f934033edf9c3e07a951b009de2e",
    "schema_version": "1.0.0",
    "event_type": "agent_order",
    "source": "synthetic_agent",
    "symbol": "BTCUSDT",
    "exchange": "binance_usdm",
    "timestamp": "2024-05-01T00:00:00.280000Z",
    "sequence": 14,
    "scenario_id": "scenario-419-volatility_feedback",
    "agent_id": "agent-volatility_feedback",
    "order_id": "scenario-419-volatility_feedback-agent-volatility_feedback-14",
    "action": "new",
    "side": "buy",
    "price": 65502.736319999996,
    "quantity": 0.04,
    "remaining_quantity": 0.04
  },
  {
    "event_id": "cd2801857373b4437dee43c626532faf09be221db926e6937038b3c6cbcd3919",
    "schema_version": "1.0.0",
    "event_type": "agent_order",
    "source": "synthetic_agent",
    "symbol": "BTCUSDT",
    "exchange": "binance_usdm",
    "timestamp": "2024-05-01T00:00:00.300000Z",
    "sequence": 15,
    "scenario_id": "scenario-419-volatility_feedback",
    "agent_id": "agent-volatility_feedback",
    "order_id": "scenario-419-volatility_feedback-agent-volatility_feedback-15",
    "action": "new",
    "side": "sell",
    "price": 65333.9553,
    "quantity": 0.05,
    "remaining_quantity": 0.05
  },
  {
    "event_id": "5d70d22b12c60541b674d3f2df34ff314b25edc86f72533f8f10b19b0161a79d",
    "schema_version": "1.0.0",
    "event_type": "agent_order",
    "source": "synthetic_agent",
    "symbol": "BTCUSDT",
    "exchange": "binance_usdm",
    "timestamp": "2024-05-01T00:00:00.320000Z",
    "sequence": 16,
    "scenario_id": "scenario-419-volatility_feedback",
    "agent_id": "agent-volatility_feedback",
    "order_id": "scenario-419-volatility_feedback-agent-volatility_feedback-16",
    "action": "new",
    "side": "buy",
    "price": 65505.35308,
    "quantity": 0.02,
    "remaining_quantity": 0.02
  },
  {
    "event_id": "331003a67e7a24d9c1e38513a210df4754d2b5925d2bc5eda08cb166c7092272",
    "schema_version": "1.0.0",
    "event_type": "agent_order",
    "source": "synthetic_agent",
    "symbol": "BTCUSDT",
    "exchange": "binance_usdm",
    "timestamp": "2024-05-01T00:00:00.340000Z",
    "sequence": 17,
    "scenario_id": "scenario-419-volatility_feedback",
    "agent_id": "agent-volatility_feedback",
    "order_id": "scenario-419-volatility_feedback-agent-volatility_feedback-17",
    "action": "new",
    "side": "sell",
    "price": 65331.33854,
    "quantity": 0.03,
    "remaining_quantity": 0.03
  },
  {
    "event_id": "4da735f4a77b3b187a0cd54698e83fa837aa61e11881a666e5eaaffed5e652a2",
    "schema_version": "1.0.0",
    "event_type": "agent_order",
    "source": "synthetic_agent",
    "symbol": "BTCUSDT",
    "exchange": "binance_usdm",
    "timestamp": "2024-05-01T00:00:00.360000Z",
    "sequence": 18,
    "scenario_id": "scenario-419-volatility_feedback",
    "agent_id": "agent-volatility_feedback",
    "order_id": "scenario-419-volatility_feedback-agent-volatility_feedback-18",
    "action": "new",
    "side": "buy",
    "price": 65507.969840000005,
    "quantity": 0.04,
    "remaining_quantity": 0.04
  },
  {
    "event_id": "baa35875f83fbbdd29e6afb6b293b7e5f24ed908b7b38c093551a8798be38e49",
    "schema_version": "1.0.0",
    "event_type": "agent_order",
    "source": "synthetic_agent",
    "symbol": "BTCUSDT",
    "exchange": "binance_usdm",
    "timestamp": "2024-05-01T00:00:00.380000Z",
    "sequence": 19,
    "scenario_id": "scenario-419-volatility_feedback",
    "agent_id": "agent-volatility_feedback",
    "order_id": "scenario-419-volatility_feedback-agent-volatility_feedback-19",
    "action": "new",
    "side": "sell",
    "price": 65328.72178,
    "quantity": 0.05,
    "remaining_quantity": 0.05
  },
  {
    "event_id": "cff08cb7ab6ee88a82fe95e3eeb28c1a7008e00da89faff0b311d76ea0c0d640",
    "schema_version": "1.0.0",
    "event_type": "agent_order",
    "source": "synthetic_agent",
    "symbol": "BTCUSDT",
    "exchange": "binance_usdm",
    "timestamp": "2024-05-01T00:00:00.400000Z",
    "sequence": 20,
    "scenario_id": "scenario-419-volatility_feedback",
    "agent_id": "agent-volatility_feedback",
    "order_id": "scenario-419-volatility_feedback-agent-volatility_feedback-20",
    "action": "new",
    "side": "buy",
    "price": 65510.5866,
    "quantity": 0.02,
    "remaining_quantity": 0.02
  },
  {
    "event_id": "0015a5e1386da97125b6ab9681d2a4a0b5327b84ee058198ed3d914413bca63e",
    "schema_version": "1.0.0",
    "event_type": "agent_order",
    "source": "synthetic_agent",
    "symbol": "BTCUSDT",
    "exchange": "binance_usdm",
    "timestamp": "2024-05-01T00:00:00.420000Z",
    "sequence": 21,
    "scenario_id": "scenario-419-volatility_feedback",
    "agent_id": "agent-volatility_feedback",
    "order_id": "scenario-419-volatility_feedback-agent-volatility_feedback-21",
    "action": "new",
    "side": "sell",
    "price": 65326.10502,
    "quantity": 0.03,
    "remaining_quantity": 0.03
  },
  {
    "event_id": "9d23586be88ec11fbd050ad14d863ca3f549aec1922c412edb02103020f63689",
    "schema_version": "1.0.0",
    "event_type": "agent_order",
    "source": "synthetic_agent",
    "symbol": "BTCUSDT",
    "exchange": "binance_usdm",
    "timestamp": "2024-05-01T00:00:00.440000Z",
    "sequence": 22,
    "scenario_id": "scenario-419-volatility_feedback",
    "agent_id": "agent-volatility_feedback",
    "order_id": "scenario-419-volatility_feedback-agent-volatility_feedback-22",
    "action": "new",
    "side": "buy",
    "price": 65513.20336000001,
    "quantity": 0.04,
    "remaining_quantity": 0.04
  },
  {
    "event_id": "af5eea0ebaea8e4a2a4e4f0ad0aabbdbb68f6a086f6fb3158620ea45b40324bd",
    "schema_version": "1.0.0",
    "event_type": "agent_order",
    "source": "synthetic_agent",
    "symbol": "BTCUSDT",
    "exchange": "binance_usdm",
    "timestamp": "2024-05-01T00:00:00.460000Z",
    "sequence": 23,
    "scenario_id": "scenario-419-volatility_feedback",
    "agent_id": "agent-volatility_feedback",
    "order_id": "scenario-419-volatility_feedback-agent-volatility_feedback-23",
    "action": "new",
    "side": "sell",
    "price": 65323.48826,
    "quantity": 0.05,
    "remaining_quantity": 0.05
  },
  {
    "event_id": "346fdbeed9d58f7e407b484e9542882e0ddec14a7f9e7b5cc33e02f1e7008b77",
    "schema_version": "1.0.0",
    "event_type": "agent_order",
    "source": "synthetic_agent",
    "symbol": "BTCUSDT",
    "exchange": "binance_usdm",
    "timestamp": "2024-05-01T00:00:00.480000Z",
    "sequence": 24,
    "scenario_id": "scenario-419-volatility_feedback",
    "agent_id": "agent-volatility_feedback",
    "order_id": "scenario-419-volatility_feedback-agent-volatility_feedback-24",
    "action": "new",
    "side": "buy",
    "price": 65515.82012,
    "quantity": 0.02,
    "remaining_quantity": 0.02
  },
  {
    "event_id": "0e2518a4f72413b7100fd19178da1f1f3a7cd3ce95a5448976c452e6e9773512",
    "schema_version": "1.0.0",
    "event_type": "agent_order",
    "source": "synthetic_agent",
    "symbol": "BTCUSDT",
    "exchange": "binance_usdm",
    "timestamp": "2024-05-01T00:00:00.500000Z",
    "sequence": 25,
    "scenario_id": "scenario-419-volatility_feedback",
    "agent_id": "agent-volatility_feedback",
    "order_id": "scenario-419-volatility_feedback-agent-volatility_feedback-25",
    "action": "new",
    "side": "sell",
    "price": 65320.8715,
    "quantity": 0.03,
    "remaining_quantity": 0.03
  },
  {
    "event_id": "053cd5f77e0fec0a4253aea6af13e6aa8bad6e2c60f27499d6ff2daade7ec76c",
    "schema_version": "1.0.0",
    "event_type": "agent_order",
    "source": "synthetic_agent",
    "symbol": "BTCUSDT",
    "exchange": "binance_usdm",
    "timestamp": "2024-05-01T00:00:00.520000Z",
    "sequence": 26,
    "scenario_id": "scenario-419-volatility_feedback",
    "agent_id": "agent-volatility_feedback",
    "order_id": "scenario-419-volatility_feedback-agent-volatility_feedback-26",
    "action": "new",
    "side": "buy",
    "price": 65518.43688,
    "quantity": 0.04,
    "remaining_quantity": 0.04
  },
  {
    "event_id": "6dc68c18a0407d5e7516c74f2c0b3e7ad42546fa94e7e050a7647b5267c9ac6d",
    "schema_version": "1.0.0",
    "event_type": "agent_order",
    "source": "synthetic_agent",
    "symbol": "BTCUSDT",
    "exchange": "binance_usdm",
    "timestamp": "2024-05-01T00:00:00.540000Z",
    "sequence": 27,
    "scenario_id": "scenario-419-volatility_feedback",
    "agent_id": "agent-volatility_feedback",
    "order_id": "scenario-419-volatility_feedback-agent-volatility_feedback-27",
    "action": "new",
    "side": "sell",
    "price": 65318.254740000004,
    "quantity": 0.05,
    "remaining_quantity": 0.05
  },
  {
    "event_id": "49e2672f697793104b94a2151d9f58af3ca32195ab5d86118efa72674336e726",
    "schema_version": "1.0.0",
    "event_type": "agent_order",
    "source": "synthetic_agent",
    "symbol": "BTCUSDT",
    "exchange": "binance_usdm",
    "timestamp": "2024-05-01T00:00:00.560000Z",
    "sequence": 28,
    "scenario_id": "scenario-419-volatility_feedback",
    "agent_id": "agent-volatility_feedback",
    "order_id": "scenario-419-volatility_feedback-agent-volatility_feedback-28",
    "action": "new",
    "side": "buy",
    "price": 65521.05364,
    "quantity": 0.02,
    "remaining_quantity": 0.02
  },
  {
    "event_id": "1680c45641267a5340de26a8ab1628441fd942fa68b7d65f9c4d102640d27f27",
    "schema_version": "1.0.0",
    "event_type": "agent_order",
    "source": "synthetic_agent",
    "symbol": "BTCUSDT",
    "exchange": "binance_usdm",
    "timestamp": "2024-05-01T00:00:00.580000Z",
    "sequence": 29,
    "scenario_id": "scenario-419-volatility_feedback",
    "agent_id": "agent-volatility_feedback",
    "order_id": "scenario-419-volatility_feedback-agent-volatility_feedback-29",
    "action": "new",
    "side": "sell",
    "price": 65315.63798,
    "quantity": 0.03,
    "remaining_quantity": 0.03
  }
]