[
  {
    "event_id": "246a7785fe29220a8802d9b6d08c3fd2c032742aa72dfad5cc19e4f311d55fa2",
    "schema_version": "1.0.0",
    "event_type": "agent_order",
    "source": "synthetic_agent",
    "symbol": "BTCUSDT",
    "exchange": "binance_usdm",
    "timestamp": "2024-05-01T00:00:00Z",
    "sequence": 0,
    "scenario_id": "scenario-516-passive_market_maker",
    "agent_id": "agent-passive_market_maker",
    "order_id": "scenario-516-passive_market_maker-agent-passive_market_maker-0",
    "action": "new",
    "side": "buy",
    "price": 65450.484,
    "quantity": 0.01,
    "remaining_quantity": 0.01
  },
  {
    "event_id": "935b7684c150e5a4cc4cf4abac38d2b66185f4045b27ff2c06d6c48552df7eff",
    "schema_version": "1.0.0",
    "event_type": "agent_order",
    "source": "synthetic_agent",
    "symbol": "BTCUSDT",
    "exchange": "binance_usdm",
    "timestamp": "2024-05-01T00:00:00.100000Z",
    "sequence": 1,
    "scenario_id": "scenario-516-passive_market_maker",
    "agent_id": "agent-passive_market_maker",
    "order_id": "scenario-516-passive_market_maker-agent-passive_market_maker-1",
    "action": "new",
    "side": "sell",
    "price": 65581.51599999999,
    "quantity": 0.01,
    "remaining_quantity": 0.01
  },
  {
    "event_id": "5243422f18c94040a484b8d953d4247d0048a8d1d31433d06dd7edcc49a5618e",
    "schema_version": "1.0.0",
    "event_type": "agent_order",
    "source": "synthetic_agent",
    "symbol": "BTCUSDT",
    "exchange": "binance_usdm",
    "timestamp": "2024-05-01T00:00:00.200000Z",
    "sequence": 2,
    "scenario_id": "scenario-516-passive_market_maker",
    "agent_id": "agent-passive_market_maker",
    "order_id": "scenario-516-passive_market_maker-agent-passive_market_maker-2",
    "action": "new",
    "side": "buy",
    "price": 65450.484,
    "quantity": 0.01,
    "remaining_quantity": 0.01
  },
  {
    "event_id": "afbb171f3d4e05aa6c768603f5bad6793e4f576d9218fce6b8e623b5040be005",
    "schema_version": "1.0.0",
    "event_type": "agent_order",
    "source": "synthetic_agent",
    "symbol": "BTCUSDT",
    "exchange": "binance_usdm",
    "timestamp": "2024-05-01T00:00:00.300000Z",
    "sequence": 3,
    "scenario_id": "scenario-516-passive_market_maker",
    "agent_id": "agent-passive_market_maker",
    "order_id": "scenario-516-passive_market_maker-agent-passive_market_maker-3",
    "action": "new",
    "side": "sell",
    "price": 65581.51599999999,
    "quantity": 0.01,
    "remaining_quantity": 0.01
  },
  {
    "event_id": "46dea7f70d7ac488b5b5954f67f180fa3cf622ef841be92d32ca9bb1d5c43cfa",
    "schema_version": "1.0.0",
    "event_type": "agent_order",
    "source": "synthetic_agent",
    "symbol": "BTCUSDT",
    "exchange": "binance_usdm",
    "timestamp": "2024-05-01T00:00:00.400000Z",
    "sequence": 4,
    "scenario_id": "scenario-516-passive_market_maker",
    "agent_id": "agent-passive_market_maker",
    "order_id": "scenario-516-passive_market_maker-agent-passive_market_maker-4",
    "action": "new",
    "side": "buy",
    "price": 65450.484,
    "quantity": 0.01,
    "remaining_quantity": 0.01
  },
  {
    "event_id": "bcadef27797b4fd72f4293bba19b7ce2cf2d5acc5dc63c45cf79739222b3fff2",
    "schema_version": "1.0.0",
    "event_type": "agent_order",
    "source": "synthetic_agent",
    "symbol": "BTCUSDT",
    "exchange": "binance_usdm",
    "timestamp": "2024-05-01T00:00:00.500000Z",
    "sequence": 5,
    "scenario_id": "scenario-516-passive_market_maker",
    "agent_id": "agent-passive_market_maker",
    "order_id": "scenario-516-passive_market_maker-agent-passive_market_maker-5",
    "action": "new",
    "side": "sell",
    "price": 65581.51599999999,
    "quantity": 0.01,
    "remaining_quantity": 0.01
  },
  {
    "event_id": "34767fe282c381e115d27d4f64e3b239707f75fd4f027caa8ca63ad105adcfc7",
    "schema_version": "1.0.0",
    "event_type": "agent_order",
    "source": "synthetic_agent",
    "symbol": "BTCUSDT",
    "exchange": "binance_usdm",
    "timestamp": "2024-05-01T00:00:00.600000Z",
    "sequence": 6,
    "scenario_id": "scenario-516-passive_market_maker",
    "agent_id": "agent-passive_market_maker",
    "order_id": "scenario-516-passive_market_maker-agent-passive_market_maker-6",
    "action": "new",
    "side": "buy",
    "price": 65450.484,
    "quantity": 0.01,
    "remaining_quantity": 0.01
  },
  {
    "event_id": "2470097c1d1fda0aa1ff001b9b5c529fb8694f9cc71ec3f5da238d136f231871",
    "schema_version": "1.0.0",
    "event_type": "agent_order",
    "source": "synthetic_agent",
    "symbol": "BTCUSDT",
    "exchange": "binance_usdm",
    "timestamp": "2024-05-01T00:00:00.700000Z",
    "sequence": 7,
    "scenario_id": "scenario-516-passive_market_maker",
    "agent_id": "agent-passive_market_maker",
    "order_id": "scenario-516-passive_market_maker-agent-passive_market_maker-7",
    "action": "new",
    "side": "sell",
    "price": 65581.51599999999,
    "quantity": 0.01,
    "remaining_quantity": 0.01
  },
  {
    "event_id": "47221bc30e4e65aef5e9ecb10d83c5776ab44c88c1faebcd9d25a40e6d016754",
    "schema_version": "1.0.0",
    "event_type": "agent_order",
    "source": "synthetic_agent",
    "symbol": "BTCUSDT",
    "exchange": "binance_usdm",
    "timestamp": "2024-05-01T00:00:00.800000Z",
    "sequence": 8,
    "scenario_id": "scenario-516-passive_market_maker",
    "agent_id": "agent-passive_market_maker",
    "order_id": "scenario-516-passive_market_maker-agent-passive_market_maker-8",
    "action": "new",
    "side": "buy",
    "price": 65450.484,
    "quantity": 0.01,
    "remaining_quantity": 0.01
  },
  {
    "event_id": "dac05879fe82752f060e8f162c8191506d49441ab914c34d8f564546068e9d30",
    "schema_version": "1.0.0",
    "event_type": "agent_order",
    "source": "synthetic_agent",
    "symbol": "BTCUSDT",
    "exchange": "binance_usdm",
    "timestamp": "2024-05-01T00:00:00.900000Z",
    "sequence": 9,
    "scenario_id": "scenario-516-passive_market_maker",
    "agent_id": "agent-passive_market_maker",
    "order_id": "scenario-516-passive_market_maker-agent-passive_market_maker-9",
    "action": "new",
    "side": "sell",
    "price": 65581.51599999999,
    "quantity": 0.01,
    "remaining_quantity": 0.01
  },
  {
    "event_id": "931c9843212a5f8ffbceb0679f64a2ca66ed6cf0fe8b3a551433f365de8889e9",
    "schema_version": "1.0.0",
    "event_type": "agent_order",
    "source": "synthetic_agent",
    "symbol": "BTCUSDT",
    "exchange": "binance_usdm",
    "timestamp": "2024-05-01T00:00:01Z",
    "sequence": 10,
    "scenario_id": "scenario-516-passive_market_maker",
    "agent_id": "agent-passive_market_maker",
    "order_id": "scenario-516-passive_market_maker-agent-passive_market_maker-10",
    "action": "new",
    "side": "buy",
    "price": 65450.484,
    "quantity": 0.01,
    "remaining_quantity": 0.01
  },
  {
    "event_id": "4676eba41fff6f38c7679dbc2b036357c27e749a1af205578b25b42c598df6b9",
    "schema_version": "1.0.0",
    "event_type": "agent_order",
    "source": "synthetic_agent",
    "symbol": "BTCUSDT",
    "exchange": "binance_usdm",
    "timestamp": "2024-05-01T00:00:01.100000Z",
    "sequence": 11,
    "scenario_id": "scenario-516-passive_market_maker",
    "agent_id": "agent-passive_market_maker",
    "order_id": "scenario-516-passive_market_maker-agent-passive_market_maker-11",
    "action": "new",
    "side": "sell",
    "price": 65581.51599999999,
    "quantity": 0.01,
    "remaining_quantity": 0.01
  },
  {
    "event_id": "c572df0aa71531826bce3c6c735436b9d18160e90f60792e916e71db45829867",
    "schema_version": "1.0.0",
    "event_type": "agent_order",
    "source": "synthetic_agent",
    "symbol": "BTCUSDT",
    "exchange": "binance_usdm",
    "timestamp": "2024-05-01T00:00:01.200000Z",
    "sequence": 12,
    "scenario_id": "scenario-516-passive_market_maker",
    "agent_id": "agent-passive_market_maker",
    "order_id": "scenario-516-passive_market_maker-agent-passive_market_maker-12",
    "action": "new",
    "side": "buy",
    "price": 65450.484,
    "quantity": 0.01,
    "remaining_quantity": 0.01
  },
  {
    "event_id": "bf5c19d971256a4daac409437af2025235b5a7c813e036cc9a59a7b0aeed9f2f",
    "schema_version": "1.0.0",
    "event_type": "agent_order",
    "source": "synthetic_agent",
    "symbol": "BTCUSDT",
    "exchange": "binance_usdm",
    "timestamp": "2024-05-01T00:00:01.300000Z",
    "sequence": 13,
    "scenario_id": "scenario-516-passive_market_maker",
    "agent_id": "agent-passive_market_maker",
    "order_id": "scenario-516-passive_market_maker-agent-passive_market_maker-13",
    "action": "new",
    "side": "sell",
    "price": 65581.51599999999,
    "quantity": 0.01,
    "remaining_quantity": 0.01
  },
  {
    "event_id": "72f380bf0339739cafecd2c7462e4b21b7f07ade713738b33ca847af8b548e4d",
    "schema_version": "1.0.0",
    "event_type": "agent_order",
    "source": "synthetic_agent",
    "symbol": "BTCUSDT",
    "exchange": "binance_usdm",
    "timestamp": "2024-05-01T00:00:01.400000Z",
    "sequence": 14,
    "scenario_id": "scenario-516-passive_market_maker",
    "agent_id": "agent-passive_market_maker",
    "order_id": "scenario-516-passive_market_maker-agent-passive_market_maker-14",
    "action": "new",
    "side": "buy",
    "price": 65450.484,
    "quantity": 0.01,
    "remaining_quantity": 0.01
  },
  {
    "event_id": "202d11426220bf6c99ba2fc50696b12b22b7a6b52dba861e45512aa4461ccbb6",
    "schema_version": "1.0.0",
    "event_type": "agent_order",
    "source": "synthetic_agent",
    "symbol": "BTCUSDT",
    "exchange": "binance_usdm",
    "timestamp": "2024-05-01T00:00:01.500000Z",
    "sequence": 15,
    "scenario_id": "scenario-516-passive_market_maker",
    "agent_id": "agent-passive_market_maker",
    "order_id": "scenario-516-passive_market_maker-agent-passive_market_maker-15",
    "action": "new",
    "side": "sell",
    "price": 65581.51599999999,
    "quantity": 0.01,
    "remaining_quantity": 0.01
  },
  {
    "event_id": "5ef0aa7d15fb84ac00bdd5eb6db49e0ab7f033899334a26bd40d5d9ff522f3d3",
    "schema_version": "1.0.0",
    "event_type": "agent_order",
    "source": "synthetic_agent",
    "symbol": "BTCUSDT",
    "exchange": "binance_usdm",
    "timestamp": "2024-05-01T00:00:01.600000Z",
    "sequence": 16,
    "scenario_id": "scenario-516-passive_market_maker",
    "agent_id": "agent-passive_market_maker",
    "order_id": "scenario-516-passive_market_maker-agent-passive_market_maker-16",
    "action": "new",
    "side": "buy",
    "price": 65450.484,
    "quantity": 0.01,
    "remaining_quantity": 0.01
  },
  {
    "event_id": "6d94f44d9c08cd70f7e5503a2b1040a365fbc944e3a2dad2b86968c672ccceda",
    "schema_version": "1.0.0",
    "event_type": "agent_order",
    "source": "synthetic_agent",
    "symbol": "BTCUSDT",
    "exchange": "binance_usdm",
    "timestamp": "2024-05-01T00:00:01.700000Z",
    "sequence": 17,
    "scenario_id": "scenario-516-passive_market_maker",
    "agent_id": "agent-passive_market_maker",
    "order_id": "scenario-516-passive_market_maker-agent-passive_market_maker-17",
    "action": "new",
    "side": "sell",
    "price": 65581.51599999999,
    "quantity": 0.01,
    "remaining_quantity": 0.01
  },
  {
    "event_id": "08f8c2956b9a6bba3cc845f6f6a1bf2a9860332807883d0af1782d1a9d31194d",
    "schema_version": "1.0.0",
    "event_type": "agent_order",
    "source": "synthetic_agent",
    "symbol": "BTCUSDT",
    "exchange": "binance_usdm",
    "timestamp": "2024-05-01T00:00:01.800000Z",
    "sequence": 18,
    "scenario_id": "scenario-516-passive_market_maker",
    "agent_id": "agent-passive_market_maker",
    "order_id": "scenario-516-passive_market_maker-agent-passive_market_maker-18",
    "action": "new",
    "side": "buy",
    "price": 65450.484,
    "quantity": 0.01,
    "remaining_quantity": 0.01
  },
  {
    "event_id": "e96259d1460fbfe830514294aa5c5d71484fb75dc79502b0f8dd3be62465af0a",
    "schema_version": "1.0.0",
    "event_type": "agent_order",
    "source": "synthetic_agent",
    "symbol": "BTCUSDT",
    "exchange": "binance_usdm",
    "timestamp": "2024-05-01T00:00:01.900000Z",
    "sequence": 19,
    "scenario_id": "scenario-516-passive_market_maker",
    "agent_id": "agent-passive_market_maker",
    "order_id": "scenario-516-passive_market_maker-agent-passive_market_maker-19",
    "action": "new",
    "side": "sell",
    "price": 65581.51599999999,
    "quantity": 0.01,
    "remaining_quantity": 0.01
  },
  {
    "event_id": "70ff87e7585d72c166ee251fc128241a2b32c933fd1fea3cc71113bc2f277e68",
    "schema_version": "1.0.0",
    "event_type": "agent_order",
    "source": "synthetic_agent",
    "symbol": "BTCUSDT",
    "exchange": "binance_usdm",
    "timestamp": "2024-05-01T00:00:02Z",
    "sequence": 20,
    "scenario_id": "scenario-516-passive_market_maker",
    "agent_id": "agent-passive_market_maker",
    "order_id": "scenario-516-passive_market_maker-agent-passive_market_maker-20",
    "action": "new",
    "side": "buy",
    "price": 65450.484,
    "quantity": 0.01,
    "remaining_quantity": 0.01
  },
  {
    "event_id": "51deee12d645b3b7f6651eddf285a961c3f7894b1f438cc0969a900b8f7df470",
    "schema_version": "1.0.0",
    "event_type": "agent_order",
    "source": "synthetic_agent",
    "symbol": "BTCUSDT",
    "exchange": "binance_usdm",
    "timestamp": "2024-05-01T00:00:02.100000Z",
    "sequence": 21,
    "scenario_id": "scenario-516-passive_market_maker",
    "agent_id": "agent-passive_market_maker",
    "order_id": "scenario-516-passive_market_maker-agent-passive_market_maker-21",
    "action": "new",
    "side": "sell",
    "price": 65581.51599999999,
    "quantity": 0.01,
    "remaining_quantity": 0.01
  },
  {
    "event_id": "78be61baa15b97ad5aa793e5628b00aebec482cd574ebb02408cba2bf3c12948",
    "schema_version": "1.0.0",
    "event_type": "agent_order",
    "source": "synthetic_agent",
    "symbol": "BTCUSDT",
    "exchange": "binance_usdm",
    "timestamp": "2024-05-01T00:00:02.200000Z",
    "sequence": 22,
    "scenario_id": "scenario-516-passive_market_maker",
    "agent_id": "agent-passive_market_maker",
    "order_id": "scenario-516-passive_market_maker-agent-passive_market_maker-22",
    "action": "new",
    "side": "buy",
    "price": 65450.484,
    "quantity": 0.01,
    "remaining_quantity": 0.01
  },
  {
    "event_id": "9708af72b7d8ef8bfdcd71c1e655debb81e08b86a51d7dea7979adb2b486e8df",
    "schema_version": "1.0.0",
    "event_type": "agent_order",
    "source": "synthetic_agent",
    "symbol": "BTCUSDT",
    "exchange": "binance_usdm",
    "timestamp": "2024-05-01T00:00:02.300000Z",
    "sequence": 23,
    "scenario_id": "scenario-516-passive_market_maker",
    "agent_id": "agent-passive_market_maker",
    "order_id": "scenario-516-passive_market_maker-agent-passive_market_maker-23",
    "action": "new",
    "side": "sell",
    "price": 65581.51599999999,
    "quantity": 0.01,
    "remaining_quantity": 0.01
  },
  {
    "event_id": "0e414f826ad95563833afe4edb40e22fc73531f7f9491d7912ad7a8653f23f6b",
    "schema_version": "1.0.0",
    "event_type": "agent_order",
    "source": "synthetic_agent",
    "symbol": "BTCUSDT",
    "exchange": "binance_usdm",
    "timestamp": "2024-05-01T00:00:02.400000Z",
    "sequence": 24,
    "scenario_id": "scenario-516-passive_market_maker",
    "agent_id": "agent-passive_market_maker",
    "order_id": "scenario-516-passive_market_maker-agent-passive_market_maker-24",
    "action": "new",
    "side": "buy",
    "price": 65450.484,
    "quantity": 0.01,
    "remaining_quantity": 0.01
  },
  {
    "event_id": "deb23f4c42d564ebadbca233a1f029197596f19ab01a8af1252501bbfdd9a2e8",
    "schema_version": "1.0.0",
    "event_type": "agent_order",
    "source": "synthetic_agent",
    "symbol": "BTCUSDT",
    "exchange": "binance_usdm",
    "timestamp": "2024-05-01T00:00:02.500000Z",
    "sequence": 25,
    "scenario_id": "scenario-516-passive_market_maker",
    "agent_id": "agent-passive_market_maker",
    "order_id": "scenario-516-passive_market_maker-agent-passive_market_maker-25",
    "action": "new",
    "side": "sell",
    "price": 65581.51599999999,
    "quantity": 0.01,
    "remaining_quantity": 0.01
  },
  {
    "event_id": "4c8df2c30e9ae1ca13dfceff31f1365efeeaf79e96224802416866a593268f7e",
    "schema_version": "1.0.0",
    "event_type": "agent_order",
    "source": "synthetic_agent",
    "symbol": "BTCUSDT",
    "exchange": "binance_usdm",
    "timestamp": "2024-05-01T00:00:02.600000Z",
    "sequence": 26,
    "scenario_id": "scenario-516-passive_market_maker",
    "agent_id": "agent-passive_market_maker",
    "order_id": "scenario-516-passive_market_maker-agent-passive_market_maker-26",
    "action": "new",
    "side": "buy",
    "price": 65450.484,
    "quantity": 0.01,
    "remaining_quantity": 0.01
  },
  {
    "event_id": "9cd08155974f140e23821c7ce068bf22a8a3ebe4c849c2df6ce041c73faa80e8",
    "schema_version": "1.0.0",
    "event_type": "agent_order",
    "source": "synthetic_agent",
    "symbol": "BTCUSDT",
    "exchange": "binance_usdm",
    "timestamp": "2024-05-01T00:00:02.700000Z",
    "sequence": 27,
    "scenario_id": "scenario-516-passive_market_maker",
    "agent_id": "agent-passive_market_maker",
    "order_id": "scenario-516-passive_market_maker-agent-passive_market_maker-27",
    "action": "new",
    "side": "sell",
    "price": 65581.51599999999,
    "quantity": 0.01,
    "remaining_quantity": 0.01
  },
  {
    "event_id": "3697fa1f3e01288a471c486d60bf09bb6752c1f81ee72d07848993d9387ed8ae",
    "schema_version": "1.0.0",
    "event_type": "agent_order",
    "source": "synthetic_agent",
    "symbol": "BTCUSDT",
    "exchange": "binance_usdm",
    "timestamp": "2024-05-01T00:00:02.800000Z",
    "sequence": 28,
    "scenario_id": "scenario-516-passive_market_maker",
    "agent_id": "agent-passive_market_maker",
    "order_id": "scenario-516-passive_market_maker-agent-passive_market_maker-28",
    "action": "new",
    "side": "buy",
    "price": 65450.484,
    "quantity": 0.01,
    "remaining_quantity": 0.01
  },
  {
    "event_id": "d8bb8863dbee9f5d080d8ca0bbb301ce47bc754ee162f7913ba6a0397cb48e8f",
    "schema_version": "1.0.0",
    "event_type": "agent_order",
    "source": "synthetic_agent",
    "symbol": "BTCUSDT",
    "exchange": "binance_usdm",
    "timestamp": "2024-05-01T00:00:02.900000Z",
    "sequence": 29,
    "scenario_id": "scenario-516-passive_market_maker",
    "agent_id": "agent-passive_market_maker",
    "order_id": "scenario-516-passive_market_maker-agent-passive_market_maker-29",
    "action": "new",
    "side": "sell",
    "price": 65581.51599999999,
    "quantity": 0.01,
    "remaining_quantity": 0.01
  }
]