[
  {
    "event_id": "62c8caee459deaafa7af607c3eaf322741fc2ddc7832c8af2d21d88575ac1d04",
    "schema_version": "1.0.0",
    "event_type": "agent_order",
    "source": "synthetic_agent",
    "symbol": "BTCUSDT",
    "exchange": "binance_usdm",
    "timestamp": "2024-05-01T00:00:00Z",
    "sequence": 0,
    "scenario_id": "scenario-073-twap_execution",
    "agent_id": "agent-twap_execution",
    "order_id": "scenario-073-twap_execution-agent-twap_execution-0",
    "action": "new",
    "side": "buy",
    "price": 65040.463500000005,
    "quantity": 0.005,
    "remaining_quantity": 0.005
  },
  {
    "event_id": "3aa74c57ccf762d65bd96b984a368ae0609aedf482d128640cf5c45ab4d07031",
    "schema_version": "1.0.0",
    "event_type": "agent_order",
    "source": "synthetic_agent",
    "symbol": "BTCUSDT",
    "exchange": "binance_usdm",
    "timestamp": "2024-05-01T00:00:01Z",
    "sequence": 1,
    "scenario_id": "scenario-073-twap_execution",
    "agent_id": "agent-twap_execution",
    "order_id": "scenario-073-twap_execution-agent-twap_execution-1",
    "action": "new",
    "side": "buy",
    "price": 65040.463500000005,
    "quantity": 0.005,
    "remaining_quantity": 0.005
  },
  {
    "event_id": "cde7c5b670bcf59c20a4809a208297233ae46b16eca7a7efa1a1247a09edb6af",
    "schema_version": "1.0.0",
    "event_type": "agent_order",
    "source": "synthetic_agent",
    "symbol": "BTCUSDT",
    "exchange": "binance_usdm",
    "timestamp": "2024-05-01T00:00:02Z",
    "sequence": 2,
    "scenario_id": "scenario-073-twap_execution",
    "agent_id": "agent-twap_execution",
    "order_id": "scenario-073-twap_execution-agent-twap_execution-2",
    "action": "new",
    "side": "buy",
    "price": 65040.463500000005,
    "quantity": 0.005,
    "remaining_quantity": 0.005
  },
  {
    "event_id": "4bc45260d93af749f9571da60ee6f8a2ce830ca8591b2836b31d7377bf4649d0",
    "schema_version": "1.0.0",
    "event_type": "agent_order",
    "source": "synthetic_agent",
    "symbol": "BTCUSDT",
    "exchange": "binance_usdm",
    "timestamp": "2024-05-01T00:00:03Z",
    "sequence": 3,
    "scenario_id": "scenario-073-twap_execution",
    "agent_id": "agent-twap_execution",
    "order_id": "scenario-073-twap_execution-agent-twap_execution-3",
    "action": "new",
    "side": "buy",
    "price": 65040.463500000005,
    "quantity": 0.005,
    "remaining_quantity": 0.005
  },
  {
    "event_id": "003b44d38df3dd3ace31ab805af5ba1ba3a70e70af97e3d9d2ae2ced038892eb",
    "schema_version": "1.0.0",
    "event_type": "agent_order",
    "source": "synthetic_agent",
    "symbol": "BTCUSDT",
    "exchange": "binance_usdm",
    "timestamp": "2024-05-01T00:00:04Z",
    "sequence": 4,
    "scenario_id": "scenario-073-twap_execution",
    "agent_id": "agent-twap_execution",
    "order_id": "scenario-073-twap_execution-agent-twap_execution-4",
    "action": "new",
    "side": "buy",
    "price": 65040.463500000005,
    "quantity": 0.005,
    "remaining_quantity": 0.005
  },
  {
    "event_id": "9d9e00b2c6511a1414e3f1475fbaa73380c1fe5dbe7fddf89a9831fed26f7ddd",
    "schema_version": "1.0.0",
    "event_type": "agent_order",
    "source": "synthetic_agent",
    "symbol": "BTCUSDT",
    "exchange": "binance_usdm",
    "timestamp": "2024-05-01T00:00:05Z",
    "sequence": 5,
    "scenario_id": "scenario-073-twap_execution",
    "agent_id": "agent-twap_execution",
    "order_id": "scenario-073-twap_execution-agent-twap_execution-5",
    "action": "new",
    "side": "buy",
    "price": 65040.463500000005,
    "quantity": 0.005,
    "remaining_quantity": 0.005
  },
  {
    "event_id": "10feec84bc4fdcef081248dcb2618d37f6069e164d198d736e93fe48a66c7d88",
    "schema_version": "1.0.0",
    "event_type": "agent_order",
    "source": "synthetic_agent",
    "symbol": "BTCUSDT",
    "exchange": "binance_usdm",
    "timestamp": "2024-05-01T00:00:06Z",
    "sequence": 6,
    "scenario_id": "scenario-073-twap_execution",
    "agent_id": "agent-twap_execution",
    "order_id": "scenario-073-twap_execution-agent-twap_execution-6",
    "action": "new",
    "side": "buy",
    "price": 65040.463500000005,
    "quantity": 0.005,
    "remaining_quantity": 0.005
  },
  {
    "event_id": "b745647083cd0b295360dee3edf9bab4433399dc7bdabf1671966eea18670209",
    "schema_version": "1.0.0",
    "event_type": "agent_order",
    "source": "synthetic_agent",
    "symbol": "BTCUSDT",
    "exchange": "binance_usdm",
    "timestamp": "2024-05-01T00:00:07Z",
    "sequence": 7,
    "scenario_id": "scenario-073-twap_execution",
    "agent_id": "agent-twap_execution",
    "order_id": "scenario-073-twap_execution-agent-twap_execution-7",
    "action": "new",
    "side": "buy",
    "price": 65040.463500000005,
    "quantity": 0.005,
    "remaining_quantity": 0.005
  },
  {
    "event_id": "6b6d631e59844c31202c01e97f24de84e9fe3d9cafe8982e359402af8128d89d",
    "schema_version": "1.0.0",
    "event_type": "agent_order",
    "source": "synthetic_agent",
    "symbol": "BTCUSDT",
    "exchange": "binance_usdm",
    "timestamp": "2024-05-01T00:00:08Z",
    "sequence": 8,
    "scenario_id": "scenario-073-twap_execution",
    "agent_id": "agent-twap_execution",
    "order_id": "scenario-073-twap_execution-agent-twap_execution-8",
    "action": "new",
    "side": "buy",
    "price": 65040.463500000005,
    "quantity": 0.005,
    "remaining_quantity": 0.005
  },
  {
    "event_id": "1311705127eae39a19419a7ec154316bd98c15a4a6da7fc59b9ddef3e2f36c27",
    "schema_version": "1.0.0",
    "event_type": "agent_order",
    "source": "synthetic_agent",
    "symbol": "BTCUSDT",
    "exchange": "binance_usdm",
    "timestamp": "2024-05-01T00:00:09Z",
    "sequence": 9,
    "scenario_id": "scenario-073-twap_execution",
    "agent_id": "agent-twap_execution",
    "order_id": "scenario-073-twap_execution-agent-twap_execution-9",
    "action": "new",
    "side": "buy",
    "price": 65040.463500000005,
    "quantity": 0.005,
    "remaining_quantity": 0.005
  },
  {
    "event_id": "97ef89647be6f77393300b34977bdad074402e84b0df25becc917d4ae8649755",
    "schema_version": "1.0.0",
    "event_type": "agent_order",
    "source": "synthetic_agent",
    "symbol": "BTCUSDT",
    "exchange": "binance_usdm",
    "timestamp": "2024-05-01T00:00:10Z",
    "sequence": 10,
    "scenario_id": "scenario-073-twap_execution",
    "agent_id": "agent-twap_execution",
    "order_id": "scenario-073-twap_execution-agent-twap_execution-10",
    "action": "new",
    "side": "buy",
    "price": 65040.463500000005,
    "quantity": 0.005,
    "remaining_quantity": 0.005
  },
  {
    "event_id": "5a2f1b75c9d07766b2003ef424d9264678c8d1588565ee235a58902e0627f7e3",
    "schema_version": "1.0.0",
    "event_type": "agent_order",
    "source": "synthetic_agent",
    "symbol": "BTCUSDT",
    "exchange": "binance_usdm",
    "timestamp": "2024-05-01T00:00:11Z",
    "sequence": 11,
    "scenario_id": "scenario-073-twap_execution",
    "agent_id": "agent-twap_execution",
    "order_id": "scenario-073-twap_execution-agent-twap_execution-11",
    "action": "new",
    "side": "buy",
    "price": 65040.463500000005,
    "quantity": 0.005,
    "remaining_quantity": 0.005
  },
  {
    "event_id": "dc1dd504f8e09761d2d395d97189d7d414ea4f212b109725c6aa008fdc017f36",
    "schema_version": "1.0.0",
    "event_type": "agent_order",
    "source": "synthetic_agent",
    "symbol": "BTCUSDT",
    "exchange": "binance_usdm",
    "timestamp": "2024-05-01T00:00:12Z",
    "sequence": 12,
    "scenario_id": "scenario-073-twap_execution",
    "agent_id": "agent-twap_execution",
    "order_id": "scenario-073-twap_execution-agent-twap_execution-12",
    "action": "new",
    "side": "buy",
    "price": 65040.463500000005,
    "quantity": 0.005,
    "remaining_quantity": 0.005
  },
  {
    "event_id": "0672d6cfb1dda51e47bc56d74b91b4eb8dd3b08cadc7a76aefd6644796527067",
    "schema_version": "1.0.0",
    "event_type": "agent_order",
    "source": "synthetic_agent",
    "symbol": "BTCUSDT",
    "exchange": "binance_usdm",
    "timestamp": "2024-05-01T00:00:13Z",
    "sequence": 13,
    "scenario_id": "scenario-073-twap_execution",
    "agent_id": "agent-twap_execution",
    "order_id": "scenario-073-twap_execution-agent-twap_execution-13",
    "action": "new",
    "side": "buy",
    "price": 65040.463500000005,
    "quantity": 0.005,
    "remaining_quantity": 0.005
  },
  {
    "event_id": "696cd75ae9af6ccdd4e877fd3bb08af931041a4a5b11545dd66b53bbef7f2ae6",
    "schema_version": "1.0.0",
    "event_type": "agent_order",
    "source": "synthetic_agent",
    "symbol": "BTCUSDT",
    "exchange": "binance_usdm",
    "timestamp": "2024-05-01T00:00:14Z",
    "sequence": 14,
    "scenario_id": "scenario-073-twap_execution",
    "agent_id": "agent-twap_execution",
    "order_id": "scenario-073-twap_execution-agent-twap_execution-14",
    "action": "new",
    "side": "buy",
    "price": 65040.463500000005,
    "quantity": 0.005,
    "remaining_quantity": 0.005
  },
  {
    "event_id": "d7eaa1c9a633f625b85173d79f025abf8390c953178467cb60d3723940969287",
    "schema_version": "1.0.0",
    "event_type": "agent_order",
    "source": "synthetic_agent",
    "symbol": "BTCUSDT",
    "exchange": "binance_usdm",
    "timestamp": "2024-05-01T00:00:15Z",
    "sequence": 15,
    "scenario_id": "scenario-073-twap_execution",
    "agent_id": "agent-twap_execution",
    "order_id": "scenario-073-twap_execution-agent-twap_execution-15",
    "action": "new",
    "side": "buy",
    "price": 65040.463500000005,
    "quantity": 0.005,
    "remaining_quantity": 0.005
  },
  {
    "event_id": "26825772651399d11fbc9b064a841298ed2f36b371bafc635ef7f08aa4835162",
    "schema_version": "1.0.0",
    "event_type": "agent_order",
    "source": "synthetic_agent",
    "symbol": "BTCUSDT",
    "exchange": "binance_usdm",
    "timestamp": "2024-05-01T00:00:16Z",
    "sequence": 16,
    "scenario_id": "scenario-073-twap_execution",
    "agent_id": "agent-twap_execution",
    "order_id": "scenario-073-twap_execution-agent-twap_execution-16",
    "action": "new",
    "side": "buy",
    "price": 65040.463500000005,
    "quantity": 0.005,
    "remaining_quantity": 0.005
  },
  {
    "event_id": "e8cf8f809132cc72c1f4d815be7c57151094ac2e34e95d81bb9cb9724f05bcc8",
    "schema_version": "1.0.0",
    "event_type": "agent_order",
    "source": "synthetic_agent",
    "symbol": "BTCUSDT",
    "exchange": "binance_usdm",
    "timestamp": "2024-05-01T00:00:17Z",
    "sequence": 17,
    "scenario_id": "scenario-073-twap_execution",
    "agent_id": "agent-twap_execution",
    "order_id": "scenario-073-twap_execution-agent-twap_execution-17",
    "action": "new",
    "side": "buy",
    "price": 65040.463500000005,
    "quantity": 0.005,
    "remaining_quantity": 0.005
  },
  {
    "event_id": "a0401c1583fd9f90f792f2bafd30e721df3975e5d59316827b62067dc4372c4e",
    "schema_version": "1.0.0",
    "event_type": "agent_order",
    "source": "synthetic_agent",
    "symbol": "BTCUSDT",
    "exchange": "binance_usdm",
    "timestamp": "2024-05-01T00:00:18Z",
    "sequence": 18,
    "scenario_id": "scenario-073-twap_execution",
    "agent_id": "agent-twap_execution",
    "order_id": "scenario-073-twap_execution-agent-twap_execution-18",
    "action": "new",
    "side": "buy",
    "price": 65040.463500000005,
    "quantity": 0.005,
    "remaining_quantity": 0.005
  },
  {
    "event_id": "e31cd4c165eab5f2a9edfb01da1c489906254d29ede38eb24792a60627c74b3a",
    "schema_version": "1.0.0",
    "event_type": "agent_order",
    "source": "synthetic_agent",
    "symbol": "BTCUSDT",
    "exchange": "binance_usdm",
    "timestamp": "2024-05-01T00:00:19Z",
    "sequence": 19,
    "scenario_id": "scenario-073-twap_execution",
    "agent_id": "agent-twap_execution",
    "order_id": "scenario-073-twap_execution-agent-twap_execution-19",
    "action": "new",
    "side": "buy",
    "price": 65040.463500000005,
    "quantity": 0.005,
    "remaining_quantity": 0.005
  },
  {
    "event_id": "9465b90ea5eff891acd84cb62f07d4616256ae4c69db494c6f6badd861a0cbbe",
    "schema_version": "1.0.0",
    "event_type": "agent_order",
    "source": "synthetic_agent",
    "symbol": "BTCUSDT",
    "exchange": "binance_usdm",
    "timestamp": "2024-05-01T00:00:20Z",
    "sequence": 20,
    "scenario_id": "scenario-073-twap_execution",
    "agent_id": "agent-twap_execution",
    "order_id": "scenario-073-twap_execution-agent-twap_execution-20",
    "action": "new",
    "side": "buy",
    "price": 65040.463500000005,
    "quantity": 0.005,
    "remaining_quantity": 0.005
  },
  {
    "event_id": "4b07492a6be0c6c995bcd8d2788c6669613d71604b88905a0455a8266a2ab435",
    "schema_version": "1.0.0",
    "event_type": "agent_order",
    "source": "synthetic_agent",
    "symbol": "BTCUSDT",
    "exchange": "binance_usdm",
    "timestamp": "2024-05-01T00:00:21Z",
    "sequence": 21,
    "scenario_id": "scenario-073-twap_execution",
    "agent_id": "agent-twap_execution",
    "order_id": "scenario-073-twap_execution-agent-twap_execution-21",
    "action": "new",
    "side": "buy",
    "price": 65040.463500000005,
    "quantity": 0.005,
    "remaining_quantity": 0.005
  },
  {
    "event_id": "ee427c8a05cc3e49ed45d804fa378433615f7c27b97043619a4683cc2386abd1",
    "schema_version": "1.0.0",
    "event_type": "agent_order",
    "source": "synthetic_agent",
    "symbol": "BTCUSDT",
    "exchange": "binance_usdm",
    "timestamp": "2024-05-01T00:00:22Z",
    "sequence": 22,
    "scenario_id": "scenario-073-twap_execution",
    "agent_id": "agent-twap_execution",
    "order_id": "scenario-073-twap_execution-agent-twap_execution-22",
    "action": "new",
    "side": "buy",
    "price": 65040.463500000005,
    "quantity": 0.005,
    "remaining_quantity": 0.005
  },
  {
    "event_id": "84cc864e6b4b0dac83c43d9e94ad5089ff5eeca16f2ffe36b3f942e1dbd7eed8",
    "schema_version": "1.0.0",
    "event_type": "agent_order",
    "source": "synthetic_agent",
    "symbol": "BTCUSDT",
    "exchange": "binance_usdm",
    "timestamp": "2024-05-01T00:00:23Z",
    "sequence": 23,
    "scenario_id": "scenario-073-twap_execution",
    "agent_id": "agent-twap_execution",
    "order_id": "scenario-073-twap_execution-agent-twap_execution-23",
    "action": "new",
    "side": "buy",
    "price": 65040.463500000005,
    "quantity": 0.005,
    "remaining_quantity": 0.005
  },
  {
    "event_id": "5a4bbac5f9cc4baf5c27d8a5ba11b35e15a24134a7b26ff7d5c6a8a42911a741",
    "schema_version": "1.0.0",
    "event_type": "agent_order",
    "source": "synthetic_agent",
    "symbol": "BTCUSDT",
    "exchange": "binance_usdm",
    "timestamp": "2024-05-01T00:00:24Z",
    "sequence": 24,
    "scenario_id": "scenario-073-twap_execution",
    "agent_id": "agent-twap_execution",
    "order_id": "scenario-073-twap_execution-agent-twap_execution-24",
    "action": "new",
    "side": "buy",
    "price": 65040.463500000005,
    "quantity": 0.005,
    "remaining_quantity": 0.005
  },
  {
    "event_id": "acb93d27278c54e4b29df7ef6c658db5e36c5f8f462134d7602e2450ca51a890",
    "schema_version": "1.0.0",
    "event_type": "agent_order",
    "source": "synthetic_agent",
    "symbol": "BTCUSDT",
    "exchange": "binance_usdm",
    "timestamp": "2024-05-01T00:00:25Z",
    "sequence": 25,
    "scenario_id": "scenario-073-twap_execution",
    "agent_id": "agent-twap_execution",
    "order_id": "scenario-073-twap_execution-agent-twap_execution-25",
    "action": "new",
    "side": "buy",
    "price": 65040.463500000005,
    "quantity": 0.005,
    "remaining_quantity": 0.005
  },
  {
    "event_id": "8affe68989c6d8d6ef054e67e7d6676e8fb34f139bc3cdacf388401491f481f1",
    "schema_version": "1.0.0",
    "event_type": "agent_order",
    "source": "synthetic_agent",
    "symbol": "BTCUSDT",
    "exchange": "binance_usdm",
    "timestamp": "2024-05-01T00:00:26Z",
    "sequence": 26,
    "scenario_id": "scenario-073-twap_execution",
    "agent_id": "agent-twap_execution",
    "order_id": "scenario-073-twap_execution-agent-twap_execution-26",
    "action": "new",
    "side": "buy",
    "price": 65040.463500000005,
    "quantity": 0.005,
    "remaining_quantity": 0.005
  },
  {
    "event_id": "09b8a40a5c68312a4442d0990852b41e53cc5e212b34c9d4a9da85273ae415e4",
    "schema_version": "1.0.0",
    "event_type": "agent_order",
    "source": "synthetic_agent",
    "symbol": "BTCUSDT",
    "exchange": "binance_usdm",
    "timestamp": "2024-05-01T00:00:27Z",
    "sequence": 27,
    "scenario_id": "scenario-073-twap_execution",
    "agent_id": "agent-twap_execution",
    "order_id": "scenario-073-twap_execution-agent-twap_execution-27",
    "action": "new",
    "side": "buy",
    "price": 65040.463500000005,
    "quantity": 0.005,
    "remaining_quantity": 0.005
  },
  {
    "event_id": "4bff6d148e71c7f06e230685dc9f55902ef71ed95b4e51b71c84f7cfa89b3fda",
    "schema_version": "1.0.0",
    "event_type": "agent_order",
    "source": "synthetic_agent",
    "symbol": "BTCUSDT",
    "exchange": "binance_usdm",
    "timestamp": "2024-05-01T00:00:28Z",
    "sequence": 28,
    "scenario_id": "scenario-073-twap_execution",
    "agent_id": "agent-twap_execution",
    "order_id": "scenario-073-twap_execution-agent-twap_execution-28",
    "action": "new",
    "side": "buy",
    "price": 65040.463500000005,
    "quantity": 0.005,
    "remaining_quantity": 0.005
  },
  {
    "event_id": "458e28c13b96c7d1c73bb2f62f6f19980aec106b73d617641e14e5d7272023c8",
    "schema_version": "1.0.0",
    "event_type": "agent_order",
    "source": "synthetic_agent",
    "symbol": "BTCUSDT",
    "exchange": "binance_usdm",
    "timestamp": "2024-05-01T00:00:29Z",
    "sequence": 29,
    "scenario_id": "scenario-073-twap_execution",
    "agent_id": "agent-twap_execution",
    "order_id": "scenario-073-twap_execution-agent-twap_execution-29",
    "action": "new",
    "side": "buy",
    "price": 65040.463500000005,
    "quantity": 0.005,
    "remaining_quantity": 0.005
  }
]