[
  {
    "event_id": "a80e1abaf8bcee8a176c02ca52c58b1c033be4444360c27bb835c4b7c752db40",
    "schema_version": "1.0.0",
    "event_type": "agent_order",
    "source": "synthetic_agent",
    "symbol": "BTCUSDT",
    "exchange": "binance_usdm",
    "timestamp": "2024-05-01T00:00:00Z",
    "sequence": 0,
    "scenario_id": "scenario-183-spoofing_layering",
    "agent_id": "agent-spoofing_layering",
    "order_id": "scenario-183-spoofing_layering-agent-spoofing_layering-0",
    "action": "new",
    "side": "sell",
    "price": 65215.591499999995,
    "quantity": 0.5,
    "remaining_quantity": 0.5
  },
  {
    "event_id": "2e1a6316fe3f2948e6428265df9178fc7d702a3c1a11505773a246800b80a76c",
    "schema_version": "1.0.0",
    "event_type": "agent_order",
    "source": "synthetic_agent",
    "symbol": "BTCUSDT",
    "exchange": "binance_usdm",
    "timestamp": "2024-05-01T00:00:00.050000Z",
    "sequence": 1,
    "scenario_id": "scenario-183-spoofing_layering",
    "agent_id": "agent-spoofing_layering",
    "order_id": "scenario-183-spoofing_layering-agent-spoofing_layering-1",
    "action": "new",
    "side": "sell",
    "price": 65216.24333,
    "quantity": 0.5,
    "remaining_quantity": 0.5
  },
  {
    "event_id": "f8d873805bf1907c9084933951b55c548f976ad77b2a560b6c166a15fce5dc24",
    "schema_version": "1.0.0",
    "event_type": "agent_order",
    "source": "synthetic_agent",
    "symbol": "BTCUSDT",
    "exchange": "binance_usdm",
    "timestamp": "2024-05-01T00:00:00.100000Z",
    "sequence": 2,
    "scenario_id": "scenario-183-spoofing_layering",
    "agent_id": "agent-spoofing_layering",
    "order_id": "scenario-183-spoofing_layering-agent-spoofing_layering-2",
    "action": "new",
    "side": "sell",
    "price": 65216.89515999999,
    "quantity": 0.5,
    "remaining_quantity": 0.5
  },
  {
    "event_id": "ab7e5e72a75692c341b8419fbe5de5be2911f1f498544d2b142e63698e05095e",
    "schema_version": "1.0.0",
    "event_type": "agent_order",
    "source": "synthetic_agent",
    "symbol": "BTCUSDT",
    "exchange": "binance_usdm",
    "timestamp": "2024-05-01T00:00:00.150000Z",
    "sequence": 3,
    "scenario_id": "scenario-183-spoofing_layering",
    "agent_id": "agent-spoofing_layering",
    "order_id": "scenario-183-spoofing_layering-agent-spoofing_layering-3",
    "action": "new",
    "side": "sell",
    "price": 65217.546989999995,
    "quantity": 0.5,
    "remaining_quantity": 0.5
  },
  {
    "event_id": "f8a4274e671aab1c01d75a8bbb4b847507c0786bb9941839809fc91a05981b17",
    "schema_version": "1.0.0",
    "event_type": "agent_order",
    "source": "synthetic_agent",
    "symbol": "BTCUSDT",
    "exchange": "binance_usdm",
    "timestamp": "2024-05-01T00:00:00.200000Z",
    "sequence": 4,
    "scenario_id": "scenario-183-spoofing_layering",
    "agent_id": "agent-spoofing_layering",
    "order_id": "scenario-183-spoofing_layering-agent-spoofing_layering-4",
    "action": "new",
    "side": "sell",
    "price": 65218.19882,
    "quantity": 0.5,
    "remaining_quantity": 0.5
  },
  {
    "event_id": "01866cd05be2c52ae6c8a39fe26e0787c47d1072f8ca1bd33732f220986a0b47",
    "schema_version": "1.0.0",
    "event_type": "agent_order",
    "source": "synthetic_agent",
    "symbol": "BTCUSDT",
    "exchange": "binance_usdm",
    "timestamp": "2024-05-01T00:00:00.250000Z",
    "sequence": 5,
    "scenario_id": "scenario-183-spoofing_layering",
    "agent_id": "agent-spoofing_layering",
    "order_id": "scenario-183-spoofing_layering-agent-spoofing_layering-5",
    "action": "new",
    "side": "sell",
    "price": 65218.85065,
    "quantity": 0.5,
    "remaining_quantity": 0.5
  },
  {
    "event_id": "7350d4195cb08e3bac8c2038510b8b17785aceec2bef0189c5bfc30cab3bd853",
    "schema_version": "1.0.0",
    "event_type": "agent_order",
    "source": "synthetic_agent",
    "symbol": "BTCUSDT",
    "exchange": "binance_usdm",
    "timestamp": "2024-05-01T00:00:00.300000Z",
    "sequence": 6,
    "scenario_id": "scenario-183-spoofing_layering",
    "agent_id": "agent-spoofing_layering",
    "order_id": "scenario-183-spoofing_layering-agent-spoofing_layering-6",
    "action": "new",
    "side": "sell",
    "price": 65219.502479999996,
    "quantity": 0.5,
    "remaining_quantity": 0.5
  },
  {
    "event_id": "68a0f80bc72c4ffa3274e91f756edea094752b4567d95e552b1f4911458fd0fc",
    "schema_version": "1.0.0",
    "event_type": "agent_order",
    "source": "synthetic_agent",
    "symbol": "BTCUSDT",
    "exchange": "binance_usdm",
    "timestamp": "2024-05-01T00:00:00.350000Z",
    "sequence": 7,
    "scenario_id": "scenario-183-spoofing_layering",
    "agent_id": "agent-spoofing_layering",
    "order_id": "scenario-183-spoofing_layering-agent-spoofing_layering-7",
    "action": "new",
    "side": "sell",
    "price": 65220.15431,
    "quantity": 0.5,
    "remaining_quantity": 0.5
  },
  {
    "event_id": "0d5a69199e731f6c9c4b88c33e43b313bb1eff8b61674f649be579d6ab6b986d",
    "schema_version": "1.0.0",
    "event_type": "agent_order",
    "source": "synthetic_agent",
    "symbol": "BTCUSDT",
    "exchange": "binance_usdm",
    "timestamp": "2024-05-01T00:00:00.400000Z",
    "sequence": 8,
    "scenario_id": "scenario-183-spoofing_layering",
    "agent_id": "agent-spoofing_layering",
    "order_id": "scenario-183-spoofing_layering-agent-spoofing_layering-8",
    "action": "new",
    "side": "sell",
    "price": 65220.80614,
    "quantity": 0.5,
    "remaining_quantity": 0.5
  },
  {
    "event_id": "0e00a83bee58869fefe536f9fd211192fb5fa7426f3f656a22161f88a252175c",
    "schema_version": "1.0.0",
    "event_type": "agent_order",
    "source": "synthetic_agent",
    "symbol": "BTCUSDT",
    "exchange": "binance_usdm",
    "timestamp": "2024-05-01T00:00:00.450000Z",
    "sequence": 9,
    "scenario_id": "scenario-183-spoofing_layering",
    "agent_id": "agent-spoofing_layering",
    "order_id": "scenario-183-spoofing_layering-agent-spoofing_layering-9",
    "action": "new",
    "side": "sell",
    "price": 65221.45796999999,
    "quantity": 0.5,
    "remaining_quantity": 0.5
  },
  {
    "event_id": "5a476d1e90c6066e4a2e3bd7d5698e3bd84b72019146dbc6b90d741dea2b449b",
    "schema_version": "1.0.0",
    "event_type": "agent_order",
    "source": "synthetic_agent",
    "symbol": "BTCUSDT",
    "exchange": "binance_usdm",
    "timestamp": "2024-05-01T00:00:00.500000Z",
    "sequence": 10,
    "scenario_id": "scenario-183-spoofing_layering",
    "agent_id": "agent-spoofing_layering",
    "order_id": "scenario-183-spoofing_layering-agent-spoofing_layering-10",
    "action": "new",
    "side": "sell",
    "price": 65222.1098,
    "quantity": 0.5,
    "remaining_quantity": 0.5
  },
  {
    "event_id": "77a7f027185751314a5d1f2db5923973b83552af6731579f4c5353c75ae31c69",
    "schema_version": "1.0.0",
    "event_type": "agent_order",
    "source": "synthetic_agent",
    "symbol": "BTCUSDT",
    "exchange": "binance_usdm",
    "timestamp": "2024-05-01T00:00:00.550000Z",
    "sequence": 11,
    "scenario_id": "scenario-183-spoofing_layering",
    "agent_id": "agent-spoofing_layering",
    "order_id": "scenario-183-spoofing_layering-agent-spoofing_layering-11",
    "action": "new",
    "side": "sell",
    "price": 65222.76163,
    "quantity": 0.5,
    "remaining_quantity": 0.5
  },
  {
    "event_id": "4a357d7c8c6183d163b13da603bd5599e37b7274e1da612c826c8b7fefd0454a",
    "schema_version": "1.0.0",
    "event_type": "agent_order",
    "source": "synthetic_agent",
    "symbol": "BTCUSDT",
    "exchange": "binance_usdm",
    "timestamp": "2024-05-01T00:00:00.600000Z",
    "sequence": 12,
    "scenario_id": "scenario-183-spoofing_layering",
    "agent_id": "agent-spoofing_layering",
    "order_id": "scenario-183-spoofing_layering-agent-spoofing_layering-12",
    "action": "new",
    "side": "sell",
    "price": 65223.41345999999,
    "quantity": 0.5,
    "remaining_quantity": 0.5
  },
  {
    "event_id": "c58f9001cae2e8ec6d6de3d94a3ce82d96ce630cddbfc25c36a8dc3c3dc16401",
    "schema_version": "1.0.0",
    "event_type": "agent_order",
    "source": "synthetic_agent",
    "symbol": "BTCUSDT",
    "exchange": "binance_usdm",
    "timestamp": "2024-05-01T00:00:00.650000Z",
    "sequence": 13,
    "scenario_id": "scenario-183-spoofing_layering",
    "agent_id": "agent-spoofing_layering",
    "order_id": "scenario-183-spoofing_layering-agent-spoofing_layering-13",
    "action": "new",
    "side": "sell",
    "price": 65224.06528999999,
    "quantity": 0.5,
    "remaining_quantity": 0.5
  },
  {
    "event_id": "af875d51ae71f4fcd25edc5f9b7bb30b05c44969ceefa52b4881a55e9ade4b23",
    "schema_version": "1.0.0",
    "event_type": "agent_order",
    "source": "synthetic_agent",
    "symbol": "BTCUSDT",
    "exchange": "binance_usdm",
    "timestamp": "2024-05-01T00:00:00.700000Z",
    "sequence": 14,
    "scenario_id": "scenario-183-spoofing_layering",
    "agent_id": "agent-spoofing_layering",
    "order_id": "scenario-183-spoofing_layering-agent-spoofing_layering-14",
    "action": "new",
    "side": "sell",
    "price": 65224.71712,
    "quantity": 0.5,
    "remaining_quantity": 0.5
  },
  {
    "event_id": "7ea8b6d925cf25c91345cbf7f34e6143612c2c955b880e2efa484cc2d900d92a",
    "schema_version": "1.0.0",
    "event_type": "agent_order",
    "source": "synthetic_agent",
    "symbol": "BTCUSDT",
    "exchange": "binance_usdm",
    "timestamp": "2024-05-01T00:00:00.750000Z",
    "sequence": 15,
    "scenario_id": "scenario-183-spoofing_layering",
    "agent_id": "agent-spoofing_layering",
    "order_id": "scenario-183-spoofing_layering-agent-spoofing_layering-15",
    "action": "new",
    "side": "sell",
    "price": 65225.368950000004,
    "quantity": 0.5,
    "remaining_quantity": 0.5
  },
  {
    "event_id": "322dc5a0b7b31f9f68d59109ca47976176ae742cf21a961e5eb5f84ac58f2363",
    "schema_version": "1.0.0",
    "event_type": "agent_order",
    "source": "synthetic_agent",
    "symbol": "BTCUSDT",
    "exchange": "binance_usdm",
    "timestamp": "2024-05-01T00:00:00.800000Z",
    "sequence": 16,
    "scenario_id": "scenario-183-spoofing_layering",
    "agent_id": "agent-spoofing_layering",
    "order_id": "scenario-183-spoofing_layering-agent-spoofing_layering-16",
    "action": "new",
    "side": "sell",
    "price": 65226.02077999999,
    "quantity": 0.5,
    "remaining_quantity": 0.5
  },
  {
    "event_id": "9f6bf31ad0b015f3e31ac266e1a2aa73d5d390121cedb1272195e8208ea2a405",
    "schema_version": "1.0.0",
    "event_type": "agent_order",
    "source": "synthetic_agent",
    "symbol": "BTCUSDT",
    "exchange": "binance_usdm",
    "timestamp": "2024-05-01T00:00:00.850000Z",
    "sequence": 17,
    "scenario_id": "scenario-183-spoofing_layering",
    "agent_id": "agent-spoofing_layering",
    "order_id": "scenario-183-spoofing_layering-agent-spoofing_layering-17",
    "action": "new",
    "side": "sell",
    "price": 65226.672609999994,
    "quantity": 0.5,
    "remaining_quantity": 0.5
  },
  {
    "event_id": "99977f993b94ec0886ec6bf23851bf504d8dd630acb76fc2c784adbe51841658",
    "schema_version": "1.0.0",
    "event_type": "agent_order",
    "source": "synthetic_agent",
    "symbol": "BTCUSDT",
    "exchange": "binance_usdm",
    "timestamp": "2024-05-01T00:00:00.900000Z",
    "sequence": 18,
    "scenario_id": "scenario-183-spoofing_layering",
    "agent_id": "agent-spoofing_layering",
    "order_id": "scenario-183-spoofing_layering-agent-spoofing_layering-18",
    "action": "new",
    "side": "sell",
    "price": 65227.324440000004,
    "quantity": 0.5,
    "remaining_quantity": 0.5
  },
  {
    "event_id": "3df06ccc639afaca01cc4c34675bfb7d47b119022ba1fc30c2b8bad6c6ab5249",
    "schema_version": "1.0.0",
    "event_type": "agent_order",
    "source": "synthetic_agent",
    "symbol": "BTCUSDT",
    "exchange": "binance_usdm",
    "timestamp": "2024-05-01T00:00:00.950000Z",
    "sequence": 19,
    "scenario_id": "scenario-183-spoofing_layering",
    "agent_id": "agent-spoofing_layering",
    "order_id": "scenario-183-spoofing_layering-agent-spoofing_layering-19",
    "action": "new",
    "side": "sell",
    "price": 65227.97626999999,
    "quantity": 0.5,
    "remaining_quantity": 0.5
  },
  {
    "event_id": "102b889cc6404ab3eef80d8c1a24bbb9831bd0b18868740daf786072e9771e21",
    "schema_version": "1.0.0",
    "event_type": "agent_order",
    "source": "synthetic_agent",
    "symbol": "BTCUSDT",
    "exchange": "binance_usdm",
    "timestamp": "2024-05-01T00:00:01Z",
    "sequence": 20,
    "scenario_id": "scenario-183-spoofing_layering",
    "agent_id": "agent-spoofing_layering",
    "order_id": "scenario-183-spoofing_layering-agent-spoofing_layering-20",
    "action": "new",
    "side": "sell",
    "price": 65228.628099999994,
    "quantity": 0.5,
    "remaining_quantity": 0.5
  },
  {
    "event_id": "62d7cfd8ddd6b4e18589394ba4b5c63dc83234bd5917ac45842228f8f1b384c0",
    "schema_version": "1.0.0",
    "event_type": "agent_order",
    "source": "synthetic_agent",
    "symbol": "BTCUSDT",
    "exchange": "binance_usdm",
    "timestamp": "2024-05-01T00:00:01.050000Z",
    "sequence": 21,
    "scenario_id": "scenario-183-spoofing_layering",
    "agent_id": "agent-spoofing_layering",
    "order_id": "scenario-183-spoofing_layering-agent-spoofing_layering-21",
    "action": "new",
    "side": "sell",
    "price": 65229.27993,
    "quantity": 0.5,
    "remaining_quantity": 0.5
  },
  {
    "event_id": "4d050d5288d767542c8cfc9a336391b81915e99ccd4d1c20933521f470d012aa",
    "schema_version": "1.0.0",
    "event_type": "agent_order",
    "source": "synthetic_agent",
    "symbol": "BTCUSDT",
    "exchange": "binance_usdm",
    "timestamp": "2024-05-01T00:00:01.100000Z",
    "sequence": 22,
    "scenario_id": "scenario-183-spoofing_layering",
    "agent_id": "agent-spoofing_layering",
    "order_id": "scenario-183-spoofing_layering-agent-spoofing_layering-22",
    "action": "new",
    "side": "sell",
    "price": 65229.93176000001,
    "quantity": 0.5,
    "remaining_quantity": 0.5
  },
  {
    "event_id": "2a351e2c3c80f337f84c739191ae0da07fa18845e3179119a52f54f82249c2fd",
    "schema_version": "1.0.0",
    "event_type": "agent_order",
    "source": "synthetic_agent",
    "symbol": "BTCUSDT",
    "exchange": "binance_usdm",
    "timestamp": "2024-05-01T00:00:01.150000Z",
    "sequence": 23,
    "scenario_id": "scenario-183-spoofing_layering",
    "agent_id": "agent-spoofing_layering",
    "order_id": "scenario-183-spoofing_layering-agent-spoofing_layering-23",
    "action": "new",
    "side": "sell",
    "price": 65230.583589999995,
    "quantity": 0.5,
    "remaining_quantity": 0.5
  },
  {
    "event_id": "510422172f97f337f559518e1f9bc890e61d4eecc3d20394646a7fe28ee2ef9c",
    "schema_version": "1.0.0",
    "event_type": "agent_order",
    "source": "synthetic_agent",
    "symbol": "BTCUSDT",
    "exchange": "binance_usdm",
    "timestamp": "2024-05-01T00:00:01.200000Z",
    "sequence": 24,
    "scenario_id": "scenario-183-spoofing_layering",
    "agent_id": "agent-spoofing_layering",
    "order_id": "scenario-183-spoofing_layering-agent-spoofing_layering-24",
    "action": "new",
    "side": "sell",
    "price": 65231.23542,
    "quantity": 0.5,
    "remaining_quantity": 0.5
  },
  {
    "event_id": "85c3f1eac6eeab695ddbc327d65ab1b1fb5a759aba45271539537da3b96460a1",
    "schema_version": "1.0.0",
    "event_type": "agent_order",
    "source": "synthetic_agent",
    "symbol": "BTCUSDT",
    "exchange": "binance_usdm",
    "timestamp": "2024-05-01T00:00:01.250000Z",
    "sequence": 25,
    "scenario_id": "scenario-183-spoofing_layering",
    "agent_id": "agent-spoofing_layering",
    "order_id": "scenario-183-spoofing_layering-agent-spoofing_layering-25",
    "action": "new",
    "side": "sell",
    "price": 65231.88725,
    "quantity": 0.5,
    "remaining_quantity": 0.5
  },
  {
    "event_id": "57892bb56950886ac55c9de09ee1532b5bd32eb67bddb5f806dcc6d4e97736fa",
    "schema_version": "1.0.0",
    "event_type": "agent_order",
    "source": "synthetic_agent",
    "symbol": "BTCUSDT",
    "exchange": "binance_usdm",
    "timestamp": "2024-05-01T00:00:01.300000Z",
    "sequence": 26,
    "scenario_id": "scenario-183-spoofing_layering",
    "agent_id": "agent-spoofing_layering",
    "order_id": "scenario-183-spoofing_layering-agent-spoofing_layering-26",
    "action": "new",
    "side": "sell",
    "price": 65232.539079999995,
    "quantity": 0.5,
    "remaining_quantity": 0.5
  },
  {
    "event_id": "f1f5b15a35494cce4b6ddcae710a34e22c3a7b99c7061d113bac5d63e5179661",
    "schema_version": "1.0.0",
    "event_type": "agent_order",
    "source": "synthetic_agent",
    "symbol": "BTCUSDT",
    "exchange": "binance_usdm",
    "timestamp": "2024-05-01T00:00:01.350000Z",
    "sequence": 27,
    "scenario_id": "scenario-183-spoofing_layering",
    "agent_id": "agent-spoofing_layering",
    "order_id": "scenario-183-spoofing_layering-agent-spoofing_layering-27",
    "action": "new",
    "side": "sell",
    "price": 65233.19091,
    "quantity": 0.5,
    "remaining_quantity": 0.5
  },
  {
    "event_id": "bdb43935bbac5f2370bb7b94ae79c9832915db69ac8bb05d4981b504e9e431ea",
    "schema_version": "1.0.0",
    "event_type": "agent_order",
    "source": "synthetic_agent",
    "symbol": "BTCUSDT",
    "exchange": "binance_usdm",
    "timestamp": "2024-05-01T00:00:01.400000Z",
    "sequence": 28,
    "scenario_id": "scenario-183-spoofing_layering",
    "agent_id": "agent-spoofing_layering",
    "order_id": "scenario-183-spoofing_layering-agent-spoofing_layering-28",
    "action": "new",
    "side": "sell",
    "price": 65233.84274,
    "quantity": 0.5,
    "remaining_quantity": 0.5
  },
  {
    "event_id": "73cb6c06600b78bb4afbfdd727bb08c044d6c03219321f8968624ea0b6ef5312",
    "schema_version": "1.0.0",
    "event_type": "agent_order",
    "source": "synthetic_agent",
    "symbol": "BTCUSDT",
    "exchange": "binance_usdm",
    "timestamp": "2024-05-01T00:00:01.450000Z",
    "sequence": 29,
    "scenario_id": "scenario-183-spoofing_layering",
    "agent_id": "agent-spoofing_layering",
    "order_id": "scenario-183-spoofing_layering-agent-spoofing_layering-29",
    "action": "new",
    "side": "sell",
    "price": 65234.49456999999,
    "quantity": 0.5,
    "remaining_quantity": 0.5
  }
]