[
  {
    "event_id": "6a4a671200b903a441554cbd04850fb4637346a4a2023912c11a7f077d35874c",
    "schema_version": "1.0.0",
    "event_type": "agent_order",
    "source": "synthetic_agent",
    "symbol": "BTCUSDT",
    "exchange": "binance_usdm",
    "timestamp": "2024-05-01T00:00:00Z",
    "sequence": 0,
    "scenario_id": "scenario-465-stop_run_sweep",
    "agent_id": "agent-stop_run_sweep",
    "order_id": "scenario-465-stop_run_sweep-agent-stop_run_sweep-0",
    "action": "new",
    "side": "buy",
    "price": 65530.46499999999,
    "quantity": 0.06,
    "remaining_quantity": 0.06
  },
  {
    "event_id": "4df466e9d8e3f364d7ec0d04174e2207744107d029ada7f2d8f5966d048e41ef",
    "schema_version": "1.0.0",
    "event_type": "agent_order",
    "source": "synthetic_agent",
    "symbol": "BTCUSDT",
    "exchange": "binance_usdm",
    "timestamp": "2024-05-01T00:00:00.030000Z",
    "sequence": 1,
    "scenario_id": "scenario-465-stop_run_sweep",
    "agent_id": "agent-stop_run_sweep",
    "order_id": "scenario-465-stop_run_sweep-agent-stop_run_sweep-1",
    "action": "new",
    "side": "buy",
    "price": 65533.73825,
    "quantity": 0.06,
    "remaining_quantity": 0.06
  },
  {
    "event_id": "195a37ffcd504d02d3a6b701cc34e9a5385d523d5a2057fa35bd0ae0b8d21259",
    "schema_version": "1.0.0",
    "event_type": "agent_order",
    "source": "synthetic_agent",
    "symbol": "BTCUSDT",
    "exchange": "binance_usdm",
    "timestamp": "2024-05-01T00:00:00.060000Z",
    "sequence": 2,
    "scenario_id": "scenario-465-stop_run_sweep",
    "agent_id": "agent-stop_run_sweep",
    "order_id": "scenario-465-stop_run_sweep-agent-stop_run_sweep-2",
    "action": "new",
    "side": "buy",
    "price": 65537.0115,
    "quantity": 0.06,
    "remaining_quantity": 0.06
  },
  {
    "event_id": "70508684406c882b6dec063ad9a683285ec6e5425a333254f4f5710fd94babe7",
    "schema_version": "1.0.0",
    "event_type": "agent_order",
    "source": "synthetic_agent",
    "symbol": "BTCUSDT",
    "exchange": "binance_usdm",
    "timestamp": "2024-05-01T00:00:00.090000Z",
    "sequence": 3,
    "scenario_id": "scenario-465-stop_run_sweep",
    "agent_id": "agent-stop_run_sweep",
    "order_id": "scenario-465-stop_run_sweep-agent-stop_run_sweep-3",
    "action": "new",
    "side": "buy",
    "price": 65540.28475,
    "quantity": 0.06,
    "remaining_quantity": 0.06
  },
  {
    "event_id": "9d7d77a77bc9dc5315180ff52bda3bc90fbfb99bb77f39382e0367017eb3f550",
    "schema_version": "1.0.0",
    "event_type": "agent_order",
    "source": "synthetic_agent",
    "symbol": "BTCUSDT",
    "exchange": "binance_usdm",
    "timestamp": "2024-05-01T00:00:00.120000Z",
    "sequence": 4,
    "scenario_id": "scenario-465-stop_run_sweep",
    "agent_id": "agent-stop_run_sweep",
    "order_id": "scenario-465-stop_run_sweep-agent-stop_run_sweep-4",
    "action": "new",
    "side": "buy",
    "price": 65543.55799999999,
    "quantity": 0.06,
    "remaining_quantity": 0.06
  },
  {
    "event_id": "715a382ae30c3d1ada9104c9780f87c0028eea8493d18723583fb91075954cb3",
    "schema_version": "1.0.0",
    "event_type": "agent_order",
    "source": "synthetic_agent",
    "symbol": "BTCUSDT",
    "exchange": "binance_usdm",
    "timestamp": "2024-05-01T00:00:00.150000Z",
    "sequence": 5,
    "scenario_id": "scenario-465-stop_run_sweep",
    "agent_id": "agent-stop_run_sweep",
    "order_id": "scenario-465-stop_run_sweep-agent-stop_run_sweep-5",
    "action": "new",
    "side": "buy",
    "price": 65546.83125,
    "quantity": 0.06,
    "remaining_quantity": 0.06
  },
  {
    "event_id": "32156d319163e4d8b8fca14fdc1abc0e1110af46be94d1a5a60de50b32a261f6",
    "schema_version": "1.0.0",
    "event_type": "agent_order",
    "source": "synthetic_agent",
    "symbol": "BTCUSDT",
    "exchange": "binance_usdm",
    "timestamp": "2024-05-01T00:00:00.180000Z",
    "sequence": 6,
    "scenario_id": "scenario-465-stop_run_sweep",
    "agent_id": "agent-stop_run_sweep",
    "order_id": "scenario-465-stop_run_sweep-agent-stop_run_sweep-6",
    "action": "new",
    "side": "buy",
    "price": 65550.10449999999,
    "quantity": 0.06,
    "remaining_quantity": 0.06
  },
  {
    "event_id": "764c5219c338c2984110142d8941d70d937cace19e85647cc2bacdf2c1b5feed",
    "schema_version": "1.0.0",
    "event_type": "agent_order",
    "source": "synthetic_agent",
    "symbol": "BTCUSDT",
    "exchange": "binance_usdm",
    "timestamp": "2024-05-01T00:00:00.210000Z",
    "sequence": 7,
    "scenario_id": "scenario-465-stop_run_sweep",
    "agent_id": "agent-stop_run_sweep",
    "order_id": "scenario-465-stop_run_sweep-agent-stop_run_sweep-7",
    "action": "new",
    "side": "buy",
    "price": 65553.37775,
    "quantity": 0.06,
    "remaining_quantity": 0.06
  },
  {
    "event_id": "ded57f448b7cfb64092e5289457802077acb6f8a7b24dc2b3611407a58784da8",
    "schema_version": "1.0.0",
    "event_type": "agent_order",
    "source": "synthetic_agent",
    "symbol": "BTCUSDT",
    "exchange": "binance_usdm",
    "timestamp": "2024-05-01T00:00:00.240000Z",
    "sequence": 8,
    "scenario_id": "scenario-465-stop_run_sweep",
    "agent_id": "agent-stop_run_sweep",
    "order_id": "scenario-465-stop_run_sweep-agent-stop_run_sweep-8",
    "action": "new",
    "side": "buy",
    "price": 65556.65099999998,
    "quantity": 0.06,
    "remaining_quantity": 0.06
  },
  {
    "event_id": "317ffd5563bac5212634908fcc4218845d3cfeb2a5f2d2a1c038800f902c78d6",
    "schema_version": "1.0.0",
    "event_type": "agent_order",
    "source": "synthetic_agent",
    "symbol": "BTCUSDT",
    "exchange": "binance_usdm",
    "timestamp": "2024-05-01T00:00:00.270000Z",
    "sequence": 9,
    "scenario_id": "scenario-465-stop_run_sweep",
    "agent_id": "agent-stop_run_sweep",
    "order_id": "scenario-465-stop_run_sweep-agent-stop_run_sweep-9",
    "action": "new",
    "side": "buy",
    "price": 65559.92425,
    "quantity": 0.06,
    "remaining_quantity": 0.06
  },
  {
    "event_id": "2f933e10c989d9beac7699a85be19de1220b1c68d4a67b16cc3a482b7eda1898",
    "schema_version": "1.0.0",
    "event_type": "agent_order",
    "source": "synthetic_agent",
    "symbol": "BTCUSDT",
    "exchange": "binance_usdm",
    "timestamp": "2024-05-01T00:00:00.300000Z",
    "sequence": 10,
    "scenario_id": "scenario-465-stop_run_sweep",
    "agent_id": "agent-stop_run_sweep",
    "order_id": "scenario-465-stop_run_sweep-agent-stop_run_sweep-10",
    "action": "new",
    "side": "buy",
    "price": 65563.1975,
    "quantity": 0.06,
    "remaining_quantity": 0.06
  },
  {
    "event_id": "5f0b06d677a4741e3577d9886503d630e687c41054548db80992196179841348",
    "schema_version": "1.0.0",
    "event_type": "agent_order",
    "source": "synthetic_agent",
    "symbol": "BTCUSDT",
    "exchange": "binance_usdm",
    "timestamp": "2024-05-01T00:00:00.330000Z",
    "sequence": 11,
    "scenario_id": "scenario-465-stop_run_sweep",
    "agent_id": "agent-stop_run_sweep",
    "order_id": "scenario-465-stop_run_sweep-agent-stop_run_sweep-11",
    "action": "new",
    "side": "buy",
    "price": 65566.47075,
    "quantity": 0.06,
    "remaining_quantity": 0.06
  },
  {
    "event_id": "559abcb45dbc7cbce7f3a4c2ad91686991f658de4d60a0c92481ce620b354cf9",
    "schema_version": "1.0.0",
    "event_type": "agent_order",
    "source": "synthetic_agent",
    "symbol": "BTCUSDT",
    "exchange": "binance_usdm",
    "timestamp": "2024-05-01T00:00:00.360000Z",
    "sequence": 12,
    "scenario_id": "scenario-465-stop_run_sweep",
    "agent_id": "agent-stop_run_sweep",
    "order_id": "scenario-465-stop_run_sweep-agent-stop_run_sweep-12",
    "action": "new",
    "side": "buy",
    "price": 65569.74399999999,
    "quantity": 0.06,
    "remaining_quantity": 0.06
  },
  {
    "event_id": "db97ff2bdd7608df687ae185b502e68275f93a1f45fde5873d45339ec7b5d791",
    "schema_version": "1.0.0",
    "event_type": "agent_order",
    "source": "synthetic_agent",
    "symbol": "BTCUSDT",
    "exchange": "binance_usdm",
    "timestamp": "2024-05-01T00:00:00.390000Z",
    "sequence": 13,
    "scenario_id": "scenario-465-stop_run_sweep",
    "agent_id": "agent-stop_run_sweep",
    "order_id": "scenario-465-stop_run_sweep-agent-stop_run_sweep-13",
    "action": "new",
    "side": "buy",
    "price": 65573.01724999999,
    "quantity": 0.06,
    "remaining_quantity": 0.06
  },
  {
    "event_id": "211779dcac2b55caa1797fb7f45437206625f2049c078bf3edf48159d4fa09f1",
    "schema_version": "1.0.0",
    "event_type": "agent_order",
    "source": "synthetic_agent",
    "symbol": "BTCUSDT",
    "exchange": "binance_usdm",
    "timestamp": "2024-05-01T00:00:00.420000Z",
    "sequence": 14,
    "scenario_id": "scenario-465-stop_run_sweep",
    "agent_id": "agent-stop_run_sweep",
    "order_id": "scenario-465-stop_run_sweep-agent-stop_run_sweep-14",
    "action": "new",
    "side": "buy",
    "price": 65576.29049999999,
    "quantity": 0.06,
    "remaining_quantity": 0.06
  },
  {
    "event_id": "3d37813bb147e61a337eeaeb4a193a8b12b570ceb38dbcd3adc51655bfbeb3ea",
    "schema_version": "1.0.0",
    "event_type": "agent_order",
    "source": "synthetic_agent",
    "symbol": "BTCUSDT",
    "exchange": "binance_usdm",
    "timestamp": "2024-05-01T00:00:00.450000Z",
    "sequence": 15,
    "scenario_id": "scenario-465-stop_run_sweep",
    "agent_id": "agent-stop_run_sweep",
    "order_id": "scenario-465-stop_run_sweep-agent-stop_run_sweep-15",
    "action": "new",
    "side": "buy",
    "price": 65579.56375,
    "quantity": 0.06,
    "remaining_quantity": 0.06
  },
  {
    "event_id": "d57d9d7bd74c2498400db1ba2a547633289c724a80e3035faabf34459f7df9b9",
    "schema_version": "1.0.0",
    "event_type": "agent_order",
    "source": "synthetic_agent",
    "symbol": "BTCUSDT",
    "exchange": "binance_usdm",
    "timestamp": "2024-05-01T00:00:00.480000Z",
    "sequence": 16,
    "scenario_id": "scenario-465-stop_run_sweep",
    "agent_id": "agent-stop_run_sweep",
    "order_id": "scenario-465-stop_run_sweep-agent-stop_run_sweep-16",
    "action": "new",
    "side": "buy",
    "price": 65582.83699999998,
    "quantity": 0.06,
    "remaining_quantity": 0.06
  },
  {
    "event_id": "5fd5fd92a743a5bc517db69d9331020e4a1951af4748ca4e35b220235c22ecfa",
    "schema_version": "1.0.0",
    "event_type": "agent_order",
    "source": "synthetic_agent",
    "symbol": "BTCUSDT",
    "exchange": "binance_usdm",
    "timestamp": "2024-05-01T00:00:00.510000Z",
    "sequence": 17,
    "scenario_id": "scenario-465-stop_run_sweep",
    "agent_id": "agent-stop_run_sweep",
    "order_id": "scenario-465-stop_run_sweep-agent-stop_run_sweep-17",
    "action": "new",
    "side": "buy",
    "price": 65586.11025,
    "quantity": 0.06,
    "remaining_quantity": 0.06
  },
  {
    "event_id": "60168e4d5eb7fb0f64128002c1f7c3279ef7dd66e00e30f4d1909d91e7c3b9e3",
    "schema_version": "1.0.0",
    "event_type": "agent_order",
    "source": "synthetic_agent",
    "symbol": "BTCUSDT",
    "exchange": "binance_usdm",
    "timestamp": "2024-05-01T00:00:00.540000Z",
    "sequence": 18,
    "scenario_id": "scenario-465-stop_run_sweep",
    "agent_id": "agent-stop_run_sweep",
    "order_id": "scenario-465-stop_run_sweep-agent-stop_run_sweep-18",
    "action": "new",
    "side": "buy",
    "price": 65589.38349999998,
    "quantity": 0.06,
    "remaining_quantity": 0.06
  },
  {
    "event_id": "5b33e6e1544167c8fa74bb35e04e2cfa0d3a734ddcadf0f1fbc8af6d2b833006",
    "schema_version": "1.0.0",
    "event_type": "agent_order",
    "source": "synthetic_agent",
    "symbol": "BTCUSDT",
    "exchange": "binance_usdm",
    "timestamp": "2024-05-01T00:00:00.570000Z",
    "sequence": 19,
    "scenario_id": "scenario-465-stop_run_sweep",
    "agent_id": "agent-stop_run_sweep",
    "order_id": "scenario-465-stop_run_sweep-agent-stop_run_sweep-19",
    "action": "new",
    "side": "buy",
    "price": 65592.65675,
    "quantity": 0.06,
    "remaining_quantity": 0.06
  },
  {
    "event_id": "b3756f274b48e2a012d4d50a7fa59730fc03ab9bbf088ff71698e133595e1692",
    "schema_version": "1.0.0",
    "event_type": "agent_order",
    "source": "synthetic_agent",
    "symbol": "BTCUSDT",
    "exchange": "binance_usdm",
    "timestamp": "2024-05-01T00:00:00.600000Z",
    "sequence": 20,
    "scenario_id": "scenario-465-stop_run_sweep",
    "agent_id": "agent-stop_run_sweep",
    "order_id": "scenario-465-stop_run_sweep-agent-stop_run_sweep-20",
    "action": "new",
    "side": "buy",
    "price": 65595.92999999998,
    "quantity": 0.06,
    "remaining_quantity": 0.06
  },
  {
    "event_id": "ad44577db09806684ea55e46cc81169a9bbfa9b6273e6dd8c6f8f6d323b64c35",
    "schema_version": "1.0.0",
    "event_type": "agent_order",
    "source": "synthetic_agent",
    "symbol": "BTCUSDT",
    "exchange": "binance_usdm",
    "timestamp": "2024-05-01T00:00:00.630000Z",
    "sequence": 21,
    "scenario_id": "scenario-465-stop_run_sweep",
    "agent_id": "agent-stop_run_sweep",
    "order_id": "scenario-465-stop_run_sweep-agent-stop_run_sweep-21",
    "action": "new",
    "side": "buy",
    "price": 65599.20324999999,
    "quantity": 0.06,
    "remaining_quantity": 0.06
  },
  {
    "event_id": "e13779ac43b374892e29d8300e13a4e8cf4297b95a5c664d839745f352b7dd19",
    "schema_version": "1.0.0",
    "event_type": "agent_order",
    "source": "synthetic_agent",
    "symbol": "BTCUSDT",
    "exchange": "binance_usdm",
    "timestamp": "2024-05-01T00:00:00.660000Z",
    "sequence": 22,
    "scenario_id": "scenario-465-stop_run_sweep",
    "agent_id": "agent-stop_run_sweep",
    "order_id": "scenario-465-stop_run_sweep-agent-stop_run_sweep-22",
    "action": "new",
    "side": "buy",
    "price": 65602.4765,
    "quantity": 0.06,
    "remaining_quantity": 0.06
  },
  {
    "event_id": "b7783199eaf082eb8d16d23d03ced64657b48de0f7e13c142c94f84678409b18",
    "schema_version": "1.0.0",
    "event_type": "agent_order",
    "source": "synthetic_agent",
    "symbol": "BTCUSDT",
    "exchange": "binance_usdm",
    "timestamp": "2024-05-01T00:00:00.690000Z",
    "sequence": 23,
    "scenario_id": "scenario-465-stop_run_sweep",
    "agent_id": "agent-stop_run_sweep",
    "order_id": "scenario-465-stop_run_sweep-agent-stop_run_sweep-23",
    "action": "new",
    "side": "buy",
    "price": 65605.74974999999,
    "quantity": 0.06,
    "remaining_quantity": 0.06
  },
  {
    "event_id": "d0f49e826598ed9d4f4f7a23f586d09a1b40210c811f46d29173a7dfe29c4d53",
    "schema_version": "1.0.0",
    "event_type": "agent_order",
    "source": "synthetic_agent",
    "symbol": "BTCUSDT",
    "exchange": "binance_usdm",
    "timestamp": "2024-05-01T00:00:00.720000Z",
    "sequence": 24,
    "scenario_id": "scenario-465-stop_run_sweep",
    "agent_id": "agent-stop_run_sweep",
    "order_id": "scenario-465-stop_run_sweep-agent-stop_run_sweep-24",
    "action": "new",
    "side": "buy",
    "price": 65609.023,
    "quantity": 0.06,
    "remaining_quantity": 0.06
  },
  {
    "event_id": "93004b2895eb58ae7e93ad42e111bb23cc48543da7a32c90ceb9561418ddfa83",
    "schema_version": "1.0.0",
    "event_type": "agent_order",
    "source": "synthetic_agent",
    "symbol": "BTCUSDT",
    "exchange": "binance_usdm",
    "timestamp": "2024-05-01T00:00:00.750000Z",
    "sequence": 25,
    "scenario_id": "scenario-465-stop_run_sweep",
    "agent_id": "agent-stop_run_sweep",
    "order_id": "scenario-465-stop_run_sweep-agent-stop_run_sweep-25",
    "action": "new",
    "side": "buy",
    "price": 65612.29624999998,
    "quantity": 0.06,
    "remaining_quantity": 0.06
  },
  {
    "event_id": "c06c6403800c36f61bf8e3d918bc3a24151c3aaf34cf17b840ee1a41a374fdbe",
    "schema_version": "1.0.0",
    "event_type": "agent_order",
    "source": "synthetic_agent",
    "symbol": "BTCUSDT",
    "exchange": "binance_usdm",
    "timestamp": "2024-05-01T00:00:00.780000Z",
    "sequence": 26,
    "scenario_id": "scenario-465-stop_run_sweep",
    "agent_id": "agent-stop_run_sweep",
    "order_id": "scenario-465-stop_run_sweep-agent-stop_run_sweep-26",
    "action": "new",
    "side": "buy",
    "price": 65615.5695,
    "quantity": 0.06,
    "remaining_quantity": 0.06
  },
  {
    "event_id": "66f9d350e3be0e95ae00d51ac45a6013731dc6bda0d03c4df4f1ca56a05aadcb",
    "schema_version": "1.0.0",
    "event_type": "agent_order",
    "source": "synthetic_agent",
    "symbol": "BTCUSDT",
    "exchange": "binance_usdm",
    "timestamp": "2024-05-01T00:00:00.810000Z",
    "sequence": 27,
    "scenario_id": "scenario-465-stop_run_sweep",
    "agent_id": "agent-stop_run_sweep",
    "order_id": "scenario-465-stop_run_sweep-agent-stop_run_sweep-27",
    "action": "new",
    "side": "buy",
    "price": 65618.84275,
    "quantity": 0.06,
    "remaining_quantity": 0.06
  },
  {
    "event_id": "cf0fdf5434f8cae2a432896c4640f2f5b8f6ee1df99712a1f31866e6696ef29e",
    "schema_version": "1.0.0",
    "event_type": "agent_order",
    "source": "synthetic_agent",
    "symbol": "BTCUSDT",
    "exchange": "binance_usdm",
    "timestamp": "2024-05-01T00:00:00.840000Z",
    "sequence": 28,
    "scenario_id": "scenario-465-stop_run_sweep",
    "agent_id": "agent-stop_run_sweep",
    "order_id": "scenario-465-stop_run_sweep-agent-stop_run_sweep-28",
    "action": "new",
    "side": "buy",
    "price": 65622.116,
    "quantity": 0.06,
    "remaining_quantity": 0.06
  },
  {
    "event_id": "12bb5399e8245ab8c7db428d70052fcd4e5a695f91d4caa15f86cba161830fdb",
    "schema_version": "1.0.0",
    "event_type": "agent_order",
    "source": "synthetic_agent",
    "symbol": "BTCUSDT",
    "exchange": "binance_usdm",
    "timestamp": "2024-05-01T00:00:00.870000Z",
    "sequence": 29,
    "scenario_id": "scenario-465-stop_run_sweep",
    "agent_id": "agent-stop_run_sweep",
    "order_id": "scenario-465-stop_run_sweep-agent-stop_run_sweep-29",
    "action": "new",
    "side": "buy",
    "price": 65625.38925,
    "quantity": 0.06,
    "remaining_quantity": 0.06
  }
]