[
  {
    "event_id": "654a9f9da98a088fd818703009a8dc58b659aac2fe64b799578f5d0e789461f7",
    "schema_version": "1.0.0",
    "event_type": "agent_order",
    "source": "synthetic_agent",
    "symbol": "BTCUSDT",
    "exchange": "binance_usdm",
    "timestamp": "2024-05-01T00:00:00Z",
    "sequence": 0,
    "scenario_id": "scenario-473-momentum_ignition",
    "agent_id": "agent-momentum_ignition",
    "order_id": "scenario-473-momentum_ignition-agent-momentum_ignition-0",
    "action": "new",
    "side": "buy",
    "price": 65538.473,
    "quantity": 0.08,
    "remaining_quantity": 0.08
  },
  {
    "event_id": "bf3d3c96628fbbd69f1b7cc5277c8b04fb2a5ae70fbb41d862cefc9a8475702a",
    "schema_version": "1.0.0",
    "event_type": "agent_order",
    "source": "synthetic_agent",
    "symbol": "BTCUSDT",
    "exchange": "binance_usdm",
    "timestamp": "2024-05-01T00:00:00.080000Z",
    "sequence": 1,
    "scenario_id": "scenario-473-momentum_ignition",
    "agent_id": "agent-momentum_ignition",
    "order_id": "scenario-473-momentum_ignition-agent-momentum_ignition-1",
    "action": "new",
    "side": "buy",
    "price": 65539.78245999999,
    "quantity": 0.08,
    "remaining_quantity": 0.08
  },
  {
    "event_id": "0aaa55b667bbeaa6b0f2375a0b4ddf91d6758187974f5b4f76bfcaee786d07f0",
    "schema_version": "1.0.0",
    "event_type": "agent_order",
    "source": "synthetic_agent",
    "symbol": "BTCUSDT",
    "exchange": "binance_usdm",
    "timestamp": "2024-05-01T00:00:00.160000Z",
    "sequence": 2,
    "scenario_id": "scenario-473-momentum_ignition",
    "agent_id": "agent-momentum_ignition",
    "order_id": "scenario-473-momentum_ignition-agent-momentum_ignition-2",
    "action": "new",
    "side": "buy",
    "price": 65541.09191999999,
    "quantity": 0.08,
    "remaining_quantity": 0.08
  },
  {
    "event_id": "119458c20e33394c17bfc9e94a65f3c378f6ee066198ebc707e1d0426733838e",
    "schema_version": "1.0.0",
    "event_type": "agent_order",
    "source": "synthetic_agent",
    "symbol": "BTCUSDT",
    "exchange": "binance_usdm",
    "timestamp": "2024-05-01T00:00:00.240000Z",
    "sequence": 3,
    "scenario_id": "scenario-473-momentum_ignition",
    "agent_id": "agent-momentum_ignition",
    "order_id": "scenario-473-momentum_ignition-agent-momentum_ignition-3",
    "action": "new",
    "side": "buy",
    "price": 65542.40138,
    "quantity": 0.08,
    "remaining_quantity": 0.08
  },
  {
    "event_id": "6dee0883e63479f3109e05e318da26e0e8d80beba4af44c7c85df29bc1970489",
    "schema_version": "1.0.0",
    "event_type": "agent_order",
    "source": "synthetic_agent",
    "symbol": "BTCUSDT",
    "exchange": "binance_usdm",
    "timestamp": "2024-05-01T00:00:00.320000Z",
    "sequence": 4,
    "scenario_id": "scenario-473-momentum_ignition",
    "agent_id": "agent-momentum_ignition",
    "order_id": "scenario-473-momentum_ignition-agent-momentum_ignition-4",
    "action": "new",
    "side": "buy",
    "price": 65543.71084,
    "quantity": 0.08,
    "remaining_quantity": 0.08
  },
  {
    "event_id": "7fe772c263af1851ef319e61f7efa806949ae14e78f0d085068a8aacfd0d16b3",
    "schema_version": "1.0.0",
    "event_type": "agent_order",
    "source": "synthetic_agent",
    "symbol": "BTCUSDT",
    "exchange": "binance_usdm",
    "timestamp": "2024-05-01T00:00:00.400000Z",
    "sequence": 5,
    "scenario_id": "scenario-473-momentum_ignition",
    "agent_id": "agent-momentum_ignition",
    "order_id": "scenario-473-momentum_ignition-agent-momentum_ignition-5",
    "action": "new",
    "side": "buy",
    "price": 65545.02029999999,
    "quantity": 0.08,
    "remaining_quantity": 0.08
  },
  {
    "event_id": "a8c117f444e30828af345dd1ea1af2cad437f9b56cb7c1fde8133ba5e681a7d0",
    "schema_version": "1.0.0",
    "event_type": "agent_order",
    "source": "synthetic_agent",
    "symbol": "BTCUSDT",
    "exchange": "binance_usdm",
    "timestamp": "2024-05-01T00:00:00.480000Z",
    "sequence": 6,
    "scenario_id": "scenario-473-momentum_ignition",
    "agent_id": "agent-momentum_ignition",
    "order_id": "scenario-473-momentum_ignition-agent-momentum_ignition-6",
    "action": "new",
    "side": "buy",
    "price": 65546.32976,
    "quantity": 0.08,
    "remaining_quantity": 0.08
  },
  {
    "event_id": "becedb78dc424d40b836b626de046270c0ae9551d2e39ec1aaf78e60507a1162",
    "schema_version": "1.0.0",
    "event_type": "agent_order",
    "source": "synthetic_agent",
    "symbol": "BTCUSDT",
    "exchange": "binance_usdm",
    "timestamp": "2024-05-01T00:00:00.560000Z",
    "sequence": 7,
    "scenario_id": "scenario-473-momentum_ignition",
    "agent_id": "agent-momentum_ignition",
    "order_id": "scenario-473-momentum_ignition-agent-momentum_ignition-7",
    "action": "new",
    "side": "buy",
    "price": 65547.63922,
    "quantity": 0.08,
    "remaining_quantity": 0.08
  },
  {
    "event_id": "ecd405a4d89b45bd99724a8e1cf8113813e178d1ea27ccb85f25c3617107ebe0",
    "schema_version": "1.0.0",
    "event_type": "agent_order",
    "source": "synthetic_agent",
    "symbol": "BTCUSDT",
    "exchange": "binance_usdm",
    "timestamp": "2024-05-01T00:00:00.640000Z",
    "sequence": 8,
    "scenario_id": "scenario-473-momentum_ignition",
    "agent_id": "agent-momentum_ignition",
    "order_id": "scenario-473-momentum_ignition-agent-momentum_ignition-8",
    "action": "new",
    "side": "buy",
    "price": 65548.94867999999,
    "quantity": 0.08,
    "remaining_quantity": 0.08
  },
  {
    "event_id": "48f84f90253063dc8528b86a1ca7b0033b2f512ec4ec7c73eb8c43c2c1e259cd",
    "schema_version": "1.0.0",
    "event_type": "agent_order",
    "source": "synthetic_agent",
    "symbol": "BTCUSDT",
    "exchange": "binance_usdm",
    "timestamp": "2024-05-01T00:00:00.720000Z",
    "sequence": 9,
    "scenario_id": "scenario-473-momentum_ignition",
    "agent_id": "agent-momentum_ignition",
    "order_id": "scenario-473-momentum_ignition-agent-momentum_ignition-9",
    "action": "new",
    "side": "buy",
    "price": 65550.25813999999,
    "quantity": 0.08,
    "remaining_quantity": 0.08
  },
  {
    "event_id": "36f5f2e26bef12e8d0f384dede2dd492a13c26a2c8faf92e05d00be467480011",
    "schema_version": "1.0.0",
    "event_type": "agent_order",
    "source": "synthetic_agent",
    "symbol": "BTCUSDT",
    "exchange": "binance_usdm",
    "timestamp": "2024-05-01T00:00:00.800000Z",
    "sequence": 10,
    "scenario_id": "scenario-473-momentum_ignition",
    "agent_id": "agent-momentum_ignition",
    "order_id": "scenario-473-momentum_ignition-agent-momentum_ignition-10",
    "action": "new",
    "side": "buy",
    "price": 65551.5676,
    "quantity": 0.08,
    "remaining_quantity": 0.08
  },
  {
    "event_id": "1d9cc12408dd274676495e8f0c985a98df6852ffe7dc691a0913f062e595e6c2",
    "schema_version": "1.0.0",
    "event_type": "agent_order",
    "source": "synthetic_agent",
    "symbol": "BTCUSDT",
    "exchange": "binance_usdm",
    "timestamp": "2024-05-01T00:00:00.880000Z",
    "sequence": 11,
    "scenario_id": "scenario-473-momentum_ignition",
    "agent_id": "agent-momentum_ignition",
    "order_id": "scenario-473-momentum_ignition-agent-momentum_ignition-11",
    "action": "new",
    "side": "buy",
    "price": 65552.87706,
    "quantity": 0.08,
    "remaining_quantity": 0.08
  },
  {
    "event_id": "6291ce5552d339b4498bf0d86c98cae28fe16718ebd6d88678c91c62d06ffc93",
    "schema_version": "1.0.0",
    "event_type": "agent_order",
    "source": "synthetic_agent",
    "symbol": "BTCUSDT",
    "exchange": "binance_usdm",
    "timestamp": "2024-05-01T00:00:00.960000Z",
    "sequence": 12,
    "scenario_id": "scenario-473-momentum_ignition",
    "agent_id": "agent-momentum_ignition",
    "order_id": "scenario-473-momentum_ignition-agent-momentum_ignition-12",
    "action": "new",
    "side": "buy",
    "price": 65554.18651999999,
    "quantity": 0.08,
    "remaining_quantity": 0.08
  },
  {
    "event_id": "3bc69f7f52aab38b14407a17ec87a622ef22cc7570100779f2fa91301edc5655",
    "schema_version": "1.0.0",
    "event_type": "agent_order",
    "source": "synthetic_agent",
    "symbol": "BTCUSDT",
    "exchange": "binance_usdm",
    "timestamp": "2024-05-01T00:00:01.040000Z",
    "sequence": 13,
    "scenario_id": "scenario-473-momentum_ignition",
    "agent_id": "agent-momentum_ignition",
    "order_id": "scenario-473-momentum_ignition-agent-momentum_ignition-13",
    "action": "new",
    "side": "buy",
    "price": 65555.49597999999,
    "quantity": 0.08,
    "remaining_quantity": 0.08
  },
  {
    "event_id": "a4365028c9fc8efd0acaa18fe258d816aac71ae97e492f2feafb8abc09036485",
    "schema_version": "1.0.0",
    "event_type": "agent_order",
    "source": "synthetic_agent",
    "symbol": "BTCUSDT",
    "exchange": "binance_usdm",
    "timestamp": "2024-05-01T00:00:01.120000Z",
    "sequence": 14,
    "scenario_id": "scenario-473-momentum_ignition",
    "agent_id": "agent-momentum_ignition",
    "order_id": "scenario-473-momentum_ignition-agent-momentum_ignition-14",
    "action": "new",
    "side": "buy",
    "price": 65556.80544,
    "quantity": 0.08,
    "remaining_quantity": 0.08
  },
  {
    "event_id": "2cebdceb7933018ce8e8f8e203a8f689e3fbab1ed14610316bf86bd68753673b",
    "schema_version": "1.0.0",
    "event_type": "agent_order",
    "source": "synthetic_agent",
    "symbol": "BTCUSDT",
    "exchange": "binance_usdm",
    "timestamp": "2024-05-01T00:00:01.200000Z",
    "sequence": 15,
    "scenario_id": "scenario-473-momentum_ignition",
    "agent_id": "agent-momentum_ignition",
    "order_id": "scenario-473-momentum_ignition-agent-momentum_ignition-15",
    "action": "new",
    "side": "buy",
    "price": 65558.11489999999,
    "quantity": 0.08,
    "remaining_quantity": 0.08
  },
  {
    "event_id": "e30f696356a726c6c890758d20852a05770c7c9670dc68c69ba134344025b3f5",
    "schema_version": "1.0.0",
    "event_type": "agent_order",
    "source": "synthetic_agent",
    "symbol": "BTCUSDT",
    "exchange": "binance_usdm",
    "timestamp": "2024-05-01T00:00:01.280000Z",
    "sequence": 16,
    "scenario_id": "scenario-473-momentum_ignition",
    "agent_id": "agent-momentum_ignition",
    "order_id": "scenario-473-momentum_ignition-agent-momentum_ignition-16",
    "action": "new",
    "side": "buy",
    "price": 65559.42436,
    "quantity": 0.08,
    "remaining_quantity": 0.08
  },
  {
    "event_id": "2d0bfa395047289c4c0ab57e8660b69169704514d77f774eb2c94e7aadb3fd1e",
    "schema_version": "1.0.0",
    "event_type": "agent_order",
    "source": "synthetic_agent",
    "symbol": "BTCUSDT",
    "exchange": "binance_usdm",
    "timestamp": "2024-05-01T00:00:01.360000Z",
    "sequence": 17,
    "scenario_id": "scenario-473-momentum_ignition",
    "agent_id": "agent-momentum_ignition",
    "order_id": "scenario-473-momentum_ignition-agent-momentum_ignition-17",
    "action": "new",
    "side": "buy",
    "price": 65560.73382,
    "quantity": 0.08,
    "remaining_quantity": 0.08
  },
  {
    "event_id": "e80dcbde4c5e4ba2f0a763094db6539602209ec2fb2c12c3cf253fe8f6a6062d",
    "schema_version": "1.0.0",
    "event_type": "agent_order",
    "source": "synthetic_agent",
    "symbol": "BTCUSDT",
    "exchange": "binance_usdm",
    "timestamp": "2024-05-01T00:00:01.440000Z",
    "sequence": 18,
    "scenario_id": "scenario-473-momentum_ignition",
    "agent_id": "agent-momentum_ignition",
    "order_id": "scenario-473-momentum_ignition-agent-momentum_ignition-18",
    "action": "new",
    "side": "buy",
    "price": 65562.04327999998,
    "quantity": 0.08,
    "remaining_quantity": 0.08
  },
  {
    "event_id": "227686866fa1583f6fea71ba96063fe63b0ea5065dab1904c1712fe24f8e6707",
    "schema_version": "1.0.0",
    "event_type": "agent_order",
    "source": "synthetic_agent",
    "symbol": "BTCUSDT",
    "exchange": "binance_usdm",
    "timestamp": "2024-05-01T00:00:01.520000Z",
    "sequence": 19,
    "scenario_id": "scenario-473-momentum_ignition",
    "agent_id": "agent-momentum_ignition",
    "order_id": "scenario-473-momentum_ignition-agent-momentum_ignition-19",
    "action": "new",
    "side": "buy",
    "price": 65563.35274,
    "quantity": 0.08,
    "remaining_quantity": 0.08
  },
  {
    "event_id": "e61e542d994dc29094313e1aba3cfcccab78f0486de8131d387fb4b7787bbb4e",
    "schema_version": "1.0.0",
    "event_type": "agent_order",
    "source": "synthetic_agent",
    "symbol": "BTCUSDT",
    "exchange": "binance_usdm",
    "timestamp": "2024-05-01T00:00:01.600000Z",
    "sequence": 20,
    "scenario_id": "scenario-473-momentum_ignition",
    "agent_id": "agent-momentum_ignition",
    "order_id": "scenario-473-momentum_ignition-agent-momentum_ignition-20",
    "action": "new",
    "side": "buy",
    "price": 65564.66219999999,
    "quantity": 0.08,
    "remaining_quantity": 0.08
  },
  {
    "event_id": "8c5fbce28c3223ec5d4d43a4da338ef3e5cb8674365ee27b9ed5d2cfacf62ae1",
    "schema_version": "1.0.0",
    "event_type": "agent_order",
    "source": "synthetic_agent",
    "symbol": "BTCUSDT",
    "exchange": "binance_usdm",
    "timestamp": "2024-05-01T00:00:01.680000Z",
    "sequence": 21,
    "scenario_id": "scenario-473-momentum_ignition",
    "agent_id": "agent-momentum_ignition",
    "order_id": "scenario-473-momentum_ignition-agent-momentum_ignition-21",
    "action": "new",
    "side": "buy",
    "price": 65565.97166,
    "quantity": 0.08,
    "remaining_quantity": 0.08
  },
  {
    "event_id": "6de6b2ffc058f588d4ddc0bf24c91cc86f107ef38891278386264716e3a9f9ef",
    "schema_version": "1.0.0",
    "event_type": "agent_order",
    "source": "synthetic_agent",
    "symbol": "BTCUSDT",
    "exchange": "binance_usdm",
    "timestamp": "2024-05-01T00:00:01.760000Z",
    "sequence": 22,
    "scenario_id": "scenario-473-momentum_ignition",
    "agent_id": "agent-momentum_ignition",
    "order_id": "scenario-473-momentum_ignition-agent-momentum_ignition-22",
    "action": "new",
    "side": "buy",
    "price": 65567.28112,
    "quantity": 0.08,
    "remaining_quantity": 0.08
  },
  {
    "event_id": "d0aeb32c744975cc29799dd3bdcbdae7ee78874ddde7140ec741852982f61913",
    "schema_version": "1.0.0",
    "event_type": "agent_order",
    "source": "synthetic_agent",
    "symbol": "BTCUSDT",
    "exchange": "binance_usdm",
    "timestamp": "2024-05-01T00:00:01.840000Z",
    "sequence": 23,
    "scenario_id": "scenario-473-momentum_ignition",
    "agent_id": "agent-momentum_ignition",
    "order_id": "scenario-473-momentum_ignition-agent-momentum_ignition-23",
    "action": "new",
    "side": "buy",
    "price": 65568.59057999999,
    "quantity": 0.08,
    "remaining_quantity": 0.08
  },
  {
    "event_id": "7e71156f06bafea2a5d5ae9c5344691ef95061727315d5f0ccba2a453b01d538",
    "schema_version": "1.0.0",
    "event_type": "agent_order",
    "source": "synthetic_agent",
    "symbol": "BTCUSDT",
    "exchange": "binance_usdm",
    "timestamp": "2024-05-01T00:00:01.920000Z",
    "sequence": 24,
    "scenario_id": "scenario-473-momentum_ignition",
    "agent_id": "agent-momentum_ignition",
    "order_id": "scenario-473-momentum_ignition-agent-momentum_ignition-24",
    "action": "new",
    "side": "buy",
    "price": 65569.90004,
    "quantity": 0.08,
    "remaining_quantity": 0.08
  },
  {
    "event_id": "52b6508a613b799256b1277f7e47e252ca524fe836501982b72730f96b6af85f",
    "schema_version": "1.0.0",
    "event_type": "agent_order",
    "source": "synthetic_agent",
    "symbol": "BTCUSDT",
    "exchange": "binance_usdm",
    "timestamp": "2024-05-01T00:00:02Z",
    "sequence": 25,
    "scenario_id": "scenario-473-momentum_ignition",
    "agent_id": "agent-momentum_ignition",
    "order_id": "scenario-473-momentum_ignition-agent-momentum_ignition-25",
    "action": "new",
    "side": "buy",
    "price": 65571.20949999998,
    "quantity": 0.08,
    "remaining_quantity": 0.08
  },
  {
    "event_id": "cca72e6411409f758e7307cbf5a3e082f106bf6f297386f2a9cd5ddef57143c1",
    "schema_version": "1.0.0",
    "event_type": "agent_order",
    "source": "synthetic_agent",
    "symbol": "BTCUSDT",
    "exchange": "binance_usdm",
    "timestamp": "2024-05-01T00:00:02.080000Z",
    "sequence": 26,
    "scenario_id": "scenario-473-momentum_ignition",
    "agent_id": "agent-momentum_ignition",
    "order_id": "scenario-473-momentum_ignition-agent-momentum_ignition-26",
    "action": "new",
    "side": "buy",
    "price": 65572.51896,
    "quantity": 0.08,
    "remaining_quantity": 0.08
  },
  {
    "event_id": "85716d7b7d183aa4fceb678aad51b686ca7b832214224a7a998e42affe7a0590",
    "schema_version": "1.0.0",
    "event_type": "agent_order",
    "source": "synthetic_agent",
    "symbol": "BTCUSDT",
    "exchange": "binance_usdm",
    "timestamp": "2024-05-01T00:00:02.160000Z",
    "sequence": 27,
    "scenario_id": "scenario-473-momentum_ignition",
    "agent_id": "agent-momentum_ignition",
    "order_id": "scenario-473-momentum_ignition-agent-momentum_ignition-27",
    "action": "new",
    "side": "buy",
    "price": 65573.82841999999,
    "quantity": 0.08,
    "remaining_quantity": 0.08
  },
  {
    "event_id": "ede37af1b266ea4ea2ff8a513443a8be93fe2cc8e7dd171c9b96cdfc23ef019a",
    "schema_version": "1.0.0",
    "event_type": "agent_order",
    "source": "synthetic_agent",
    "symbol": "BTCUSDT",
    "exchange": "binance_usdm",
    "timestamp": "2024-05-01T00:00:02.240000Z",
    "sequence": 28,
    "scenario_id": "scenario-473-momentum_ignition",
    "agent_id": "agent-momentum_ignition",
    "order_id": "scenario-473-momentum_ignition-agent-momentum_ignition-28",
    "action": "new",
    "side": "buy",
    "price": 65575.13787999998,
    "quantity": 0.08,
    "remaining_quantity": 0.08
  },
  {
    "event_id": "14ae9a9541f8839a042bf9f71603705d4d2b5f86ba99e07142e6142e83be64f3",
    "schema_version": "1.0.0",
    "event_type": "agent_order",
    "source": "synthetic_agent",
    "symbol": "BTCUSDT",
    "exchange": "binance_usdm",
    "timestamp": "2024-05-01T00:00:02.320000Z",
    "sequence": 29,
    "scenario_id": "scenario-473-momentum_ignition",
    "agent_id": "agent-momentum_ignition",
    "order_id": "scenario-473-momentum_ignition-agent-momentum_ignition-29",
    "action": "new",
    "side": "buy",
    "price": 65576.44734,
    "quantity": 0.08,
    "remaining_quantity": 0.08
  }
]