[
  {
    "event_id": "93e5abc4f78fd50621bd5fd89f1267a1e70bd01e50f2ae08c1c721642b49b93d",
    "schema_version": "1.0.0",
    "event_type": "agent_order",
    "source": "synthetic_agent",
    "symbol": "BTCUSDT",
    "exchange": "binance_usdm",
    "timestamp": "2024-05-01T00:00:00Z",
    "sequence": 0,
    "scenario_id": "scenario-221-momentum_ignition",
    "agent_id": "agent-momentum_ignition",
    "order_id": "scenario-221-momentum_ignition-agent-momentum_ignition-0",
    "action": "new",
    "side": "buy",
    "price": 65286.22099999999,
    "quantity": 0.08,
    "remaining_quantity": 0.08
  },
  {
    "event_id": "38dfa06d59f0d8a1a490d450f7884f1433f4e61dee5082d44e04b9fb80615004",
    "schema_version": "1.0.0",
    "event_type": "agent_order",
    "source": "synthetic_agent",
    "symbol": "BTCUSDT",
    "exchange": "binance_usdm",
    "timestamp": "2024-05-01T00:00:00.080000Z",
    "sequence": 1,
    "scenario_id": "scenario-221-momentum_ignition",
    "agent_id": "agent-momentum_ignition",
    "order_id": "scenario-221-momentum_ignition-agent-momentum_ignition-1",
    "action": "new",
    "side": "buy",
    "price": 65287.52541999998,
    "quantity": 0.08,
    "remaining_quantity": 0.08
  },
  {
    "event_id": "fc26d0f96f1473ef011f076eac55d10d318e6f556468f9677b73f6f3bf743ed4",
    "schema_version": "1.0.0",
    "event_type": "agent_order",
    "source": "synthetic_agent",
    "symbol": "BTCUSDT",
    "exchange": "binance_usdm",
    "timestamp": "2024-05-01T00:00:00.160000Z",
    "sequence": 2,
    "scenario_id": "scenario-221-momentum_ignition",
    "agent_id": "agent-momentum_ignition",
    "order_id": "scenario-221-momentum_ignition-agent-momentum_ignition-2",
    "action": "new",
    "side": "buy",
    "price": 65288.82984,
    "quantity": 0.08,
    "remaining_quantity": 0.08
  },
  {
    "event_id": "141bc98cb8e858f5d77fb6109c6d0c3f309a808acde8c89e4ecca3396dbfd70a",
    "schema_version": "1.0.0",
    "event_type": "agent_order",
    "source": "synthetic_agent",
    "symbol": "BTCUSDT",
    "exchange": "binance_usdm",
    "timestamp": "2024-05-01T00:00:00.240000Z",
    "sequence": 3,
    "scenario_id": "scenario-221-momentum_ignition",
    "agent_id": "agent-momentum_ignition",
    "order_id": "scenario-221-momentum_ignition-agent-momentum_ignition-3",
    "action": "new",
    "side": "buy",
    "price": 65290.13425999999,
    "quantity": 0.08,
    "remaining_quantity": 0.08
  },
  {
    "event_id": "fca053de8f3f16a43b03af098e3b0c67816993ce5bf10187542928b9cea19d9c",
    "schema_version": "1.0.0",
    "event_type": "agent_order",
    "source": "synthetic_agent",
    "symbol": "BTCUSDT",
    "exchange": "binance_usdm",
    "timestamp": "2024-05-01T00:00:00.320000Z",
    "sequence": 4,
    "scenario_id": "scenario-221-momentum_ignition",
    "agent_id": "agent-momentum_ignition",
    "order_id": "scenario-221-momentum_ignition-agent-momentum_ignition-4",
    "action": "new",
    "side": "buy",
    "price": 65291.43868,
    "quantity": 0.08,
    "remaining_quantity": 0.08
  },
  {
    "event_id": "319c9be975c0dd11ecd1011bb5691ff31b8e3124ce3a46655371b55ab320e316",
    "schema_version": "1.0.0",
    "event_type": "agent_order",
    "source": "synthetic_agent",
    "symbol": "BTCUSDT",
    "exchange": "binance_usdm",
    "timestamp": "2024-05-01T00:00:00.400000Z",
    "sequence": 5,
    "scenario_id": "scenario-221-momentum_ignition",
    "agent_id": "agent-momentum_ignition",
    "order_id": "scenario-221-momentum_ignition-agent-momentum_ignition-5",
    "action": "new",
    "side": "buy",
    "price": 65292.74309999999,
    "quantity": 0.08,
    "remaining_quantity": 0.08
  },
  {
    "event_id": "0a8ff9dc4a48dfadca60cf0e19f749ca3233bac53a7201a4a08f70817c6d9e14",
    "schema_version": "1.0.0",
    "event_type": "agent_order",
    "source": "synthetic_agent",
    "symbol": "BTCUSDT",
    "exchange": "binance_usdm",
    "timestamp": "2024-05-01T00:00:00.480000Z",
    "sequence": 6,
    "scenario_id": "scenario-221-momentum_ignition",
    "agent_id": "agent-momentum_ignition",
    "order_id": "scenario-221-momentum_ignition-agent-momentum_ignition-6",
    "action": "new",
    "side": "buy",
    "price": 65294.047519999986,
    "quantity": 0.08,
    "remaining_quantity": 0.08
  },
  {
    "event_id": "3679286fa1d28609369da300c765592f157abf7963c44832917832428b08e916",
    "schema_version": "1.0.0",
    "event_type": "agent_order",
    "source": "synthetic_agent",
    "symbol": "BTCUSDT",
    "exchange": "binance_usdm",
    "timestamp": "2024-05-01T00:00:00.560000Z",
    "sequence": 7,
    "scenario_id": "scenario-221-momentum_ignition",
    "agent_id": "agent-momentum_ignition",
    "order_id": "scenario-221-momentum_ignition-agent-momentum_ignition-7",
    "action": "new",
    "side": "buy",
    "price": 65295.35193999999,
    "quantity": 0.08,
    "remaining_quantity": 0.08
  },
  {
    "event_id": "19c118d9fab0df0a9353efb02476b4430f0a40162fadc9e916762b6f2045e182",
    "schema_version": "1.0.0",
    "event_type": "agent_order",
    "source": "synthetic_agent",
    "symbol": "BTCUSDT",
    "exchange": "binance_usdm",
    "timestamp": "2024-05-01T00:00:00.640000Z",
    "sequence": 8,
    "scenario_id": "scenario-221-momentum_ignition",
    "agent_id": "agent-momentum_ignition",
    "order_id": "scenario-221-momentum_ignition-agent-momentum_ignition-8",
    "action": "new",
    "side": "buy",
    "price": 65296.656359999986,
    "quantity": 0.08,
    "remaining_quantity": 0.08
  },
  {
    "event_id": "00a77649d143d65273ae684ec5f0fcb408549b3179bd30888df370c4971b9c90",
    "schema_version": "1.0.0",
    "event_type": "agent_order",
    "source": "synthetic_agent",
    "symbol": "BTCUSDT",
    "exchange": "binance_usdm",
    "timestamp": "2024-05-01T00:00:00.720000Z",
    "sequence": 9,
    "scenario_id": "scenario-221-momentum_ignition",
    "agent_id": "agent-momentum_ignition",
    "order_id": "scenario-221-momentum_ignition-agent-momentum_ignition-9",
    "action": "new",
    "side": "buy",
    "price": 65297.960779999994,
    "quantity": 0.08,
    "remaining_quantity": 0.08
  },
  {
    "event_id": "5c9e6bf5e7b56cd39d56e0b4b058af9af5e50af69ddd00bf75d4cb968cdde5c6",
    "schema_version": "1.0.0",
    "event_type": "agent_order",
    "source": "synthetic_agent",
    "symbol": "BTCUSDT",
    "exchange": "binance_usdm",
    "timestamp": "2024-05-01T00:00:00.800000Z",
    "sequence": 10,
    "scenario_id": "scenario-221-momentum_ignition",
    "agent_id": "agent-momentum_ignition",
    "order_id": "scenario-221-momentum_ignition-agent-momentum_ignition-10",
    "action": "new",
    "side": "buy",
    "price": 65299.265199999994,
    "quantity": 0.08,
    "remaining_quantity": 0.08
  },
  {
    "event_id": "687148c67acc798b9bdbbe5d03875ad1ad60be8a31ce65234dc2c45d0571d8f8",
    "schema_version": "1.0.0",
    "event_type": "agent_order",
    "source": "synthetic_agent",
    "symbol": "BTCUSDT",
    "exchange": "binance_usdm",
    "timestamp": "2024-05-01T00:00:00.880000Z",
    "sequence": 11,
    "scenario_id": "scenario-221-momentum_ignition",
    "agent_id": "agent-momentum_ignition",
    "order_id": "scenario-221-momentum_ignition-agent-momentum_ignition-11",
    "action": "new",
    "side": "buy",
    "price": 65300.56962,
    "quantity": 0.08,
    "remaining_quantity": 0.08
  },
  {
    "event_id": "2c00cb4df0ae9d51f1703c91d27dff3bac5ad4b13f064270494d42d4235bc1ab",
    "schema_version": "1.0.0",
    "event_type": "agent_order",
    "source": "synthetic_agent",
    "symbol": "BTCUSDT",
    "exchange": "binance_usdm",
    "timestamp": "2024-05-01T00:00:00.960000Z",
    "sequence": 12,
    "scenario_id": "scenario-221-momentum_ignition",
    "agent_id": "agent-momentum_ignition",
    "order_id": "scenario-221-momentum_ignition-agent-momentum_ignition-12",
    "action": "new",
    "side": "buy",
    "price": 65301.874039999995,
    "quantity": 0.08,
    "remaining_quantity": 0.08
  },
  {
    "event_id": "1219704bc038599b6a86d65057ad76385446b100e77bd6e688a6c180dcf531bf",
    "schema_version": "1.0.0",
    "event_type": "agent_order",
    "source": "synthetic_agent",
    "symbol": "BTCUSDT",
    "exchange": "binance_usdm",
    "timestamp": "2024-05-01T00:00:01.040000Z",
    "sequence": 13,
    "scenario_id": "scenario-221-momentum_ignition",
    "agent_id": "agent-momentum_ignition",
    "order_id": "scenario-221-momentum_ignition-agent-momentum_ignition-13",
    "action": "new",
    "side": "buy",
    "price": 65303.17845999999,
    "quantity": 0.08,
    "remaining_quantity": 0.08
  },
  {
    "event_id": "de1bbd568abb95fd516f74730e43eb81639cdb8f2ad2d13372ed2dbdf704abc1",
    "schema_version": "1.0.0",
    "event_type": "agent_order",
    "source": "synthetic_agent",
    "symbol": "BTCUSDT",
    "exchange": "binance_usdm",
    "timestamp": "2024-05-01T00:00:01.120000Z",
    "sequence": 14,
    "scenario_id": "scenario-221-momentum_ignition",
    "agent_id": "agent-momentum_ignition",
    "order_id": "scenario-221-momentum_ignition-agent-momentum_ignition-14",
    "action": "new",
    "side": "buy",
    "price": 65304.482879999996,
    "quantity": 0.08,
    "remaining_quantity": 0.08
  },
  {
    "event_id": "f139b461627275bb1817d0ad6a79bd3c55f349e48ffef8daf0c3fe0b23ebbce3",
    "schema_version": "1.0.0",
    "event_type": "agent_order",
    "source": "synthetic_agent",
    "symbol": "BTCUSDT",
    "exchange": "binance_usdm",
    "timestamp": "2024-05-01T00:00:01.200000Z",
    "sequence": 15,
    "scenario_id": "scenario-221-momentum_ignition",
    "agent_id": "agent-momentum_ignition",
    "order_id": "scenario-221-momentum_ignition-agent-momentum_ignition-15",
    "action": "new",
    "side": "buy",
    "price": 65305.78729999999,
    "quantity": 0.08,
    "remaining_quantity": 0.08
  },
  {
    "event_id": "c34074dc439ec1171684a003343170ed729da6d65bac15abd0ab985d4aece5b3",
    "schema_version": "1.0.0",
    "event_type": "agent_order",
    "source": "synthetic_agent",
    "symbol": "BTCUSDT",
    "exchange": "binance_usdm",
    "timestamp": "2024-05-01T00:00:01.280000Z",
    "sequence": 16,
    "scenario_id": "scenario-221-momentum_ignition",
    "agent_id": "agent-momentum_ignition",
    "order_id": "scenario-221-momentum_ignition-agent-momentum_ignition-16",
    "action": "new",
    "side": "buy",
    "price": 65307.09172,
    "quantity": 0.08,
    "remaining_quantity": 0.08
  },
  {
    "event_id": "0cbe5958314cfbdf5935b823598ea7093742920e26576ac186560cea13adedeb",
    "schema_version": "1.0.0",
    "event_type": "agent_order",
    "source": "synthetic_agent",
    "symbol": "BTCUSDT",
    "exchange": "binance_usdm",
    "timestamp": "2024-05-01T00:00:01.360000Z",
    "sequence": 17,
    "scenario_id": "scenario-221-momentum_ignition",
    "agent_id": "agent-momentum_ignition",
    "order_id": "scenario-221-momentum_ignition-agent-momentum_ignition-17",
    "action": "new",
    "side": "buy",
    "price": 65308.39613999999,
    "quantity": 0.08,
    "remaining_quantity": 0.08
  },
  {
    "event_id": "633041338ebcc4271eeaa77e19ae7236842db77f2d455014144bb02505196902",
    "schema_version": "1.0.0",
    "event_type": "agent_order",
    "source": "synthetic_agent",
    "symbol": "BTCUSDT",
    "exchange": "binance_usdm",
    "timestamp": "2024-05-01T00:00:01.440000Z",
    "sequence": 18,
    "scenario_id": "scenario-221-momentum_ignition",
    "agent_id": "agent-momentum_ignition",
    "order_id": "scenario-221-momentum_ignition-agent-momentum_ignition-18",
    "action": "new",
    "side": "buy",
    "price": 65309.70055999999,
    "quantity": 0.08,
    "remaining_quantity": 0.08
  },
  {
    "event_id": "20000dc55f730621909e8cab0f95bd317edbb56f2c42f15d17391d7f25e659bf",
    "schema_version": "1.0.0",
    "event_type": "agent_order",
    "source": "synthetic_agent",
    "symbol": "BTCUSDT",
    "exchange": "binance_usdm",
    "timestamp": "2024-05-01T00:00:01.520000Z",
    "sequence": 19,
    "scenario_id": "scenario-221-momentum_ignition",
    "agent_id": "agent-momentum_ignition",
    "order_id": "scenario-221-momentum_ignition-agent-momentum_ignition-19",
    "action": "new",
    "side": "buy",
    "price": 65311.00498,
    "quantity": 0.08,
    "remaining_quantity": 0.08
  },
  {
    "event_id": "429e91483691216a4535a47cc00b927fd8c6c269b99461d8bc4e8b4bece0a172",
    "schema_version": "1.0.0",
    "event_type": "agent_order",
    "source": "synthetic_agent",
    "symbol": "BTCUSDT",
    "exchange": "binance_usdm",
    "timestamp": "2024-05-01T00:00:01.600000Z",
    "sequence": 20,
    "scenario_id": "scenario-221-momentum_ignition",
    "agent_id": "agent-momentum_ignition",
    "order_id": "scenario-221-momentum_ignition-agent-momentum_ignition-20",
    "action": "new",
    "side": "buy",
    "price": 65312.30939999999,
    "quantity": 0.08,
    "remaining_quantity": 0.08
  },
  {
    "event_id": "47ff1ee9c57435b7dceaf93e974fb0648e6dcb995f20661f9eb0df0f6fff9c12",
    "schema_version": "1.0.0",
    "event_type": "agent_order",
    "source": "synthetic_agent",
    "symbol": "BTCUSDT",
    "exchange": "binance_usdm",
    "timestamp": "2024-05-01T00:00:01.680000Z",
    "sequence": 21,
    "scenario_id": "scenario-221-momentum_ignition",
    "agent_id": "agent-momentum_ignition",
    "order_id": "scenario-221-momentum_ignition-agent-momentum_ignition-21",
    "action": "new",
    "side": "buy",
    "price": 65313.61382,
    "quantity": 0.08,
    "remaining_quantity": 0.08
  },
  {
    "event_id": "98b0c12780f487c5a5eaa5ef24e35bc47c1180d5013939caa49d9d945b5d75f1",
    "schema_version": "1.0.0",
    "event_type": "agent_order",
    "source": "synthetic_agent",
    "symbol": "BTCUSDT",
    "exchange": "binance_usdm",
    "timestamp": "2024-05-01T00:00:01.760000Z",
    "sequence": 22,
    "scenario_id": "scenario-221-momentum_ignition",
    "agent_id": "agent-momentum_ignition",
    "order_id": "scenario-221-momentum_ignition-agent-momentum_ignition-22",
    "action": "new",
    "side": "buy",
    "price": 65314.91823999999,
    "quantity": 0.08,
    "remaining_quantity": 0.08
  },
  {
    "event_id": "fd8d585271b8d2588ddd923c601053dcff8ed04bf624781d2a983e4e50c9dd0a",
    "schema_version": "1.0.0",
    "event_type": "agent_order",
    "source": "synthetic_agent",
    "symbol": "BTCUSDT",
    "exchange": "binance_usdm",
    "timestamp": "2024-05-01T00:00:01.840000Z",
    "sequence": 23,
    "scenario_id": "scenario-221-momentum_ignition",
    "agent_id": "agent-momentum_ignition",
    "order_id": "scenario-221-momentum_ignition-agent-momentum_ignition-23",
    "action": "new",
    "side": "buy",
    "price": 65316.222659999985,
    "quantity": 0.08,
    "remaining_quantity": 0.08
  },
  {
    "event_id": "72b6e4a1d6f498010b2d21870c8c3d65acb8528a4f49bd1e1a74240c62c99379",
    "schema_version": "1.0.0",
    "event_type": "agent_order",
    "source": "synthetic_agent",
    "symbol": "BTCUSDT",
    "exchange": "binance_usdm",
    "timestamp": "2024-05-01T00:00:01.920000Z",
    "sequence": 24,
    "scenario_id": "scenario-221-momentum_ignition",
    "agent_id": "agent-momentum_ignition",
    "order_id": "scenario-221-momentum_ignition-agent-momentum_ignition-24",
    "action": "new",
    "side": "buy",
    "price": 65317.52707999999,
    "quantity": 0.08,
    "remaining_quantity": 0.08
  },
  {
    "event_id": "071f685b4a17739a11f7191412458d75ef393aad91f7046131b88ba11755f2d1",
    "schema_version": "1.0.0",
    "event_type": "agent_order",
    "source": "synthetic_agent",
    "symbol": "BTCUSDT",
    "exchange": "binance_usdm",
    "timestamp": "2024-05-01T00:00:02Z",
    "sequence": 25,
    "scenario_id": "scenario-221-momentum_ignition",
    "agent_id": "agent-momentum_ignition",
    "order_id": "scenario-221-momentum_ignition-agent-momentum_ignition-25",
    "action": "new",
    "side": "buy",
    "price": 65318.831499999986,
    "quantity": 0.08,
    "remaining_quantity": 0.08
  },
  {
    "event_id": "e1c21160e22843866687be25231590c7706188bbecfa049af7c5cfecbc700730",
    "schema_version": "1.0.0",
    "event_type": "agent_order",
    "source": "synthetic_agent",
    "symbol": "BTCUSDT",
    "exchange": "binance_usdm",
    "timestamp": "2024-05-01T00:00:02.080000Z",
    "sequence": 26,
    "scenario_id": "scenario-221-momentum_ignition",
    "agent_id": "agent-momentum_ignition",
    "order_id": "scenario-221-momentum_ignition-agent-momentum_ignition-26",
    "action": "new",
    "side": "buy",
    "price": 65320.13592,
    "quantity": 0.08,
    "remaining_quantity": 0.08
  },
  {
    "event_id": "6c9c2040e41d1f4c14b4f09441b3e2bd1d6ff1796de5a4902631a88ecaa448f3",
    "schema_version": "1.0.0",
    "event_type": "agent_order",
    "source": "synthetic_agent",
    "symbol": "BTCUSDT",
    "exchange": "binance_usdm",
    "timestamp": "2024-05-01T00:00:02.160000Z",
    "sequence": 27,
    "scenario_id": "scenario-221-momentum_ignition",
    "agent_id": "agent-momentum_ignition",
    "order_id": "scenario-221-momentum_ignition-agent-momentum_ignition-27",
    "action": "new",
    "side": "buy",
    "price": 65321.440339999994,
    "quantity": 0.08,
    "remaining_quantity": 0.08
  },
  {
    "event_id": "14fc0001dc44554d3b07f1f8914fd9238f82c0ce92b502b6f756da0e68f9edd8",
    "schema_version": "1.0.0",
    "event_type": "agent_order",
    "source": "synthetic_agent",
    "symbol": "BTCUSDT",
    "exchange": "binance_usdm",
    "timestamp": "2024-05-01T00:00:02.240000Z",
    "sequence": 28,
    "scenario_id": "scenario-221-momentum_ignition",
    "agent_id": "agent-momentum_ignition",
    "order_id": "scenario-221-momentum_ignition-agent-momentum_ignition-28",
    "action": "new",
    "side": "buy",
    "price": 65322.74475999999,
    "quantity": 0.08,
    "remaining_quantity": 0.08
  },
  {
    "event_id": "97a920214aa357d776c6438c3476d32611d8133e95aba849eaf2c61382cbdbd9",
    "schema_version": "1.0.0",
    "event_type": "agent_order",
    "source": "synthetic_agent",
    "symbol": "BTCUSDT",
    "exchange": "binance_usdm",
    "timestamp": "2024-05-01T00:00:02.320000Z",
    "sequence": 29,
    "scenario_id": "scenario-221-momentum_ignition",
    "agent_id": "agent-momentum_ignition",
    "order_id": "scenario-221-momentum_ignition-agent-momentum_ignition-29",
    "action": "new",
    "side": "buy",
    "price": 65324.049179999995,
    "quantity": 0.08,
    "remaining_quantity": 0.08
  }
]