[
  {
    "event_id": "c24e443051fea09f97c6b7aa3ef21272bb1e1efaba5ae5d8cde66c34868e3ed4",
    "schema_version": "1.0.0",
    "event_type": "agent_order",
    "source": "synthetic_agent",
    "symbol": "BTCUSDT",
    "exchange": "binance_usdm",
    "timestamp": "2024-05-01T00:00:00Z",
    "sequence": 0,
    "scenario_id": "scenario-149-momentum_ignition",
    "agent_id": "agent-momentum_ignition",
    "order_id": "scenario-149-momentum_ignition-agent-momentum_ignition-0",
    "action": "new",
    "side": "buy",
    "price": 65214.14899999999,
    "quantity": 0.08,
    "remaining_quantity": 0.08
  },
  {
    "event_id": "be4e6674f9d620e6c9a624cf3f2f44427a2656ccd0a66e25f415b0461be802bc",
    "schema_version": "1.0.0",
    "event_type": "agent_order",
    "source": "synthetic_agent",
    "symbol": "BTCUSDT",
    "exchange": "binance_usdm",
    "timestamp": "2024-05-01T00:00:00.080000Z",
    "sequence": 1,
    "scenario_id": "scenario-149-momentum_ignition",
    "agent_id": "agent-momentum_ignition",
    "order_id": "scenario-149-momentum_ignition-agent-momentum_ignition-1",
    "action": "new",
    "side": "buy",
    "price": 65215.45197999998,
    "quantity": 0.08,
    "remaining_quantity": 0.08
  },
  {
    "event_id": "42938a8c8501cc2e061c943aebef48c2eec714606089b37c15b0878360a17802",
    "schema_version": "1.0.0",
    "event_type": "agent_order",
    "source": "synthetic_agent",
    "symbol": "BTCUSDT",
    "exchange": "binance_usdm",
    "timestamp": "2024-05-01T00:00:00.160000Z",
    "sequence": 2,
    "scenario_id": "scenario-149-momentum_ignition",
    "agent_id": "agent-momentum_ignition",
    "order_id": "scenario-149-momentum_ignition-agent-momentum_ignition-2",
    "action": "new",
    "side": "buy",
    "price": 65216.75496,
    "quantity": 0.08,
    "remaining_quantity": 0.08
  },
  {
    "event_id": "d651759253396960c9f41bb37b237103cddc503dffb773a1d0c3f2d3a0cf7ddc",
    "schema_version": "1.0.0",
    "event_type": "agent_order",
    "source": "synthetic_agent",
    "symbol": "BTCUSDT",
    "exchange": "binance_usdm",
    "timestamp": "2024-05-01T00:00:00.240000Z",
    "sequence": 3,
    "scenario_id": "scenario-149-momentum_ignition",
    "agent_id": "agent-momentum_ignition",
    "order_id": "scenario-149-momentum_ignition-agent-momentum_ignition-3",
    "action": "new",
    "side": "buy",
    "price": 65218.05793999999,
    "quantity": 0.08,
    "remaining_quantity": 0.08
  },
  {
    "event_id": "650a90226fe76ffdcaf0e8c2e5829120e4d6fe86330a225e353c5a297af7b156",
    "schema_version": "1.0.0",
    "event_type": "agent_order",
    "source": "synthetic_agent",
    "symbol": "BTCUSDT",
    "exchange": "binance_usdm",
    "timestamp": "2024-05-01T00:00:00.320000Z",
    "sequence": 4,
    "scenario_id": "scenario-149-momentum_ignition",
    "agent_id": "agent-momentum_ignition",
    "order_id": "scenario-149-momentum_ignition-agent-momentum_ignition-4",
    "action": "new",
    "side": "buy",
    "price": 65219.36092,
    "quantity": 0.08,
    "remaining_quantity": 0.08
  },
  {
    "event_id": "e5e523419ff8552ef16b7b4638b29571731f1ea1c8f7228abd7a6fbe57a06826",
    "schema_version": "1.0.0",
    "event_type": "agent_order",
    "source": "synthetic_agent",
    "symbol": "BTCUSDT",
    "exchange": "binance_usdm",
    "timestamp": "2024-05-01T00:00:00.400000Z",
    "sequence": 5,
    "scenario_id": "scenario-149-momentum_ignition",
    "agent_id": "agent-momentum_ignition",
    "order_id": "scenario-149-momentum_ignition-agent-momentum_ignition-5",
    "action": "new",
    "side": "buy",
    "price": 65220.66389999999,
    "quantity": 0.08,
    "remaining_quantity": 0.08
  },
  {
    "event_id": "d08dcd1c79310e273bb7c4aa5611f1e14b6fa059275272c6f826442a4659362a",
    "schema_version": "1.0.0",
    "event_type": "agent_order",
    "source": "synthetic_agent",
    "symbol": "BTCUSDT",
    "exchange": "binance_usdm",
    "timestamp": "2024-05-01T00:00:00.480000Z",
    "sequence": 6,
    "scenario_id": "scenario-149-momentum_ignition",
    "agent_id": "agent-momentum_ignition",
    "order_id": "scenario-149-momentum_ignition-agent-momentum_ignition-6",
    "action": "new",
    "side": "buy",
    "price": 65221.966879999985,
    "quantity": 0.08,
    "remaining_quantity": 0.08
  },
  {
    "event_id": "2618616ea96f2d1e1ca8d64e736b38487bb561d401b5b28c320a3c7ed9ec7391",
    "schema_version": "1.0.0",
    "event_type": "agent_order",
    "source": "synthetic_agent",
    "symbol": "BTCUSDT",
    "exchange": "binance_usdm",
    "timestamp": "2024-05-01T00:00:00.560000Z",
    "sequence": 7,
    "scenario_id": "scenario-149-momentum_ignition",
    "agent_id": "agent-momentum_ignition",
    "order_id": "scenario-149-momentum_ignition-agent-momentum_ignition-7",
    "action": "new",
    "side": "buy",
    "price": 65223.26985999999,
    "quantity": 0.08,
    "remaining_quantity": 0.08
  },
  {
    "event_id": "b479a2ecb3803f455845bffe6667ed6f6265376470b832008265cf3c69bbfa1b",
    "schema_version": "1.0.0",
    "event_type": "agent_order",
    "source": "synthetic_agent",
    "symbol": "BTCUSDT",
    "exchange": "binance_usdm",
    "timestamp": "2024-05-01T00:00:00.640000Z",
    "sequence": 8,
    "scenario_id": "scenario-149-momentum_ignition",
    "agent_id": "agent-momentum_ignition",
    "order_id": "scenario-149-momentum_ignition-agent-momentum_ignition-8",
    "action": "new",
    "side": "buy",
    "price": 65224.572839999986,
    "quantity": 0.08,
    "remaining_quantity": 0.08
  },
  {
    "event_id": "c7f988a8ed07ebad89fb864e4fdd05001de34c51d1f1fd0807fc3b0542c82173",
    "schema_version": "1.0.0",
    "event_type": "agent_order",
    "source": "synthetic_agent",
    "symbol": "BTCUSDT",
    "exchange": "binance_usdm",
    "timestamp": "2024-05-01T00:00:00.720000Z",
    "sequence": 9,
    "scenario_id": "scenario-149-momentum_ignition",
    "agent_id": "agent-momentum_ignition",
    "order_id": "scenario-149-momentum_ignition-agent-momentum_ignition-9",
    "action": "new",
    "side": "buy",
    "price": 65225.875819999994,
    "quantity": 0.08,
    "remaining_quantity": 0.08
  },
  {
    "event_id": "7bf012fa27dcbce49200849542fe3c589ce0d1bc7b2082888c235360e74e6c31",
    "schema_version": "1.0.0",
    "event_type": "agent_order",
    "source": "synthetic_agent",
    "symbol": "BTCUSDT",
    "exchange": "binance_usdm",
    "timestamp": "2024-05-01T00:00:00.800000Z",
    "sequence": 10,
    "scenario_id": "scenario-149-momentum_ignition",
    "agent_id": "agent-momentum_ignition",
    "order_id": "scenario-149-momentum_ignition-agent-momentum_ignition-10",
    "action": "new",
    "side": "buy",
    "price": 65227.178799999994,
    "quantity": 0.08,
    "remaining_quantity": 0.08
  },
  {
    "event_id": "0156aa8d64bc27a5902a20ad0d500cae96309707f9a331e531d6b2a6b106cf16",
    "schema_version": "1.0.0",
    "event_type": "agent_order",
    "source": "synthetic_agent",
    "symbol": "BTCUSDT",
    "exchange": "binance_usdm",
    "timestamp": "2024-05-01T00:00:00.880000Z",
    "sequence": 11,
    "scenario_id": "scenario-149-momentum_ignition",
    "agent_id": "agent-momentum_ignition",
    "order_id": "scenario-149-momentum_ignition-agent-momentum_ignition-11",
    "action": "new",
    "side": "buy",
    "price": 65228.48178,
    "quantity": 0.08,
    "remaining_quantity": 0.08
  },
  {
    "event_id": "7be26e442ec6d097be3e5457f9c910803d7cbfd63aec9180e4940db517d0ef91",
    "schema_version": "1.0.0",
    "event_type": "agent_order",
    "source": "synthetic_agent",
    "symbol": "BTCUSDT",
    "exchange": "binance_usdm",
    "timestamp": "2024-05-01T00:00:00.960000Z",
    "sequence": 12,
    "scenario_id": "scenario-149-momentum_ignition",
    "agent_id": "agent-momentum_ignition",
    "order_id": "scenario-149-momentum_ignition-agent-momentum_ignition-12",
    "action": "new",
    "side": "buy",
    "price": 65229.784759999995,
    "quantity": 0.08,
    "remaining_quantity": 0.08
  },
  {
    "event_id": "6c3bf97fbca34870a7f757d314e6e37f5115297156baf8ada9f5fbc94c3c99e3",
    "schema_version": "1.0.0",
    "event_type": "agent_order",
    "source": "synthetic_agent",
    "symbol": "BTCUSDT",
    "exchange": "binance_usdm",
    "timestamp": "2024-05-01T00:00:01.040000Z",
    "sequence": 13,
    "scenario_id": "scenario-149-momentum_ignition",
    "agent_id": "agent-momentum_ignition",
    "order_id": "scenario-149-momentum_ignition-agent-momentum_ignition-13",
    "action": "new",
    "side": "buy",
    "price": 65231.08773999999,
    "quantity": 0.08,
    "remaining_quantity": 0.08
  },
  {
    "event_id": "7a6d138176f6ff497fca047edaba67c93fbfc3b678d58a4fcd0431f0d620b329",
    "schema_version": "1.0.0",
    "event_type": "agent_order",
    "source": "synthetic_agent",
    "symbol": "BTCUSDT",
    "exchange": "binance_usdm",
    "timestamp": "2024-05-01T00:00:01.120000Z",
    "sequence": 14,
    "scenario_id": "scenario-149-momentum_ignition",
    "agent_id": "agent-momentum_ignition",
    "order_id": "scenario-149-momentum_ignition-agent-momentum_ignition-14",
    "action": "new",
    "side": "buy",
    "price": 65232.390719999996,
    "quantity": 0.08,
    "remaining_quantity": 0.08
  },
  {
    "event_id": "173c0a708f42935629e7bd958cfbcc76c9b64d56bde30a0921c2269cdf51cc9f",
    "schema_version": "1.0.0",
    "event_type": "agent_order",
    "source": "synthetic_agent",
    "symbol": "BTCUSDT",
    "exchange": "binance_usdm",
    "timestamp": "2024-05-01T00:00:01.200000Z",
    "sequence": 15,
    "scenario_id": "scenario-149-momentum_ignition",
    "agent_id": "agent-momentum_ignition",
    "order_id": "scenario-149-momentum_ignition-agent-momentum_ignition-15",
    "action": "new",
    "side": "buy",
    "price": 65233.69369999999,
    "quantity": 0.08,
    "remaining_quantity": 0.08
  },
  {
    "event_id": "d49fd270637aae280dd8e6a700c59234ee91a09b0d34f850f745b7b7264b5640",
    "schema_version": "1.0.0",
    "event_type": "agent_order",
    "source": "synthetic_agent",
    "symbol": "BTCUSDT",
    "exchange": "binance_usdm",
    "timestamp": "2024-05-01T00:00:01.280000Z",
    "sequence": 16,
    "scenario_id": "scenario-149-momentum_ignition",
    "agent_id": "agent-momentum_ignition",
    "order_id": "scenario-149-momentum_ignition-agent-momentum_ignition-16",
    "action": "new",
    "side": "buy",
    "price": 65234.99668,
    "quantity": 0.08,
    "remaining_quantity": 0.08
  },
  {
    "event_id": "b0c397437deec5ac0b8655d832b8180b43ffcf85db59257beb1cd82b4056ea39",
    "schema_version": "1.0.0",
    "event_type": "agent_order",
    "source": "synthetic_agent",
    "symbol": "BTCUSDT",
    "exchange": "binance_usdm",
    "timestamp": "2024-05-01T00:00:01.360000Z",
    "sequence": 17,
    "scenario_id": "scenario-149-momentum_ignition",
    "agent_id": "agent-momentum_ignition",
    "order_id": "scenario-149-momentum_ignition-agent-momentum_ignition-17",
    "action": "new",
    "side": "buy",
    "price": 65236.29965999999,
    "quantity": 0.08,
    "remaining_quantity": 0.08
  },
  {
    "event_id": "2eb8458e2ed0ab8084166129573b41558f80fa52b9fe82368c029b113d9198ce",
    "schema_version": "1.0.0",
    "event_type": "agent_order",
    "source": "synthetic_agent",
    "symbol": "BTCUSDT",
    "exchange": "binance_usdm",
    "timestamp": "2024-05-01T00:00:01.440000Z",
    "sequence": 18,
    "scenario_id": "scenario-149-momentum_ignition",
    "agent_id": "agent-momentum_ignition",
    "order_id": "scenario-149-momentum_ignition-agent-momentum_ignition-18",
    "action": "new",
    "side": "buy",
    "price": 65237.60263999999,
    "quantity": 0.08,
    "remaining_quantity": 0.08
  },
  {
    "event_id": "72d7653ce88330b4c24c3067f0cf608a1f66026d43196071898f05852232f2f1",
    "schema_version": "1.0.0",
    "event_type": "agent_order",
    "source": "synthetic_agent",
    "symbol": "BTCUSDT",
    "exchange": "binance_usdm",
    "timestamp": "2024-05-01T00:00:01.520000Z",
    "sequence": 19,
    "scenario_id": "scenario-149-momentum_ignition",
    "agent_id": "agent-momentum_ignition",
    "order_id": "scenario-149-momentum_ignition-agent-momentum_ignition-19",
    "action": "new",
    "side": "buy",
    "price": 65238.90562,
    "quantity": 0.08,
    "remaining_quantity": 0.08
  },
  {
    "event_id": "6a2f941189b58fb28568e5183c9c6f746bb3b6aa825b5a7cf4ee39412918b842",
    "schema_version": "1.0.0",
    "event_type": "agent_order",
    "source": "synthetic_agent",
    "symbol": "BTCUSDT",
    "exchange": "binance_usdm",
    "timestamp": "2024-05-01T00:00:01.600000Z",
    "sequence": 20,
    "scenario_id": "scenario-149-momentum_ignition",
    "agent_id": "agent-momentum_ignition",
    "order_id": "scenario-149-momentum_ignition-agent-momentum_ignition-20",
    "action": "new",
    "side": "buy",
    "price": 65240.20859999999,
    "quantity": 0.08,
    "remaining_quantity": 0.08
  },
  {
    "event_id": "5206d244a7ed09107e1f997ed12198b584fe487c2d641a36ab717dbc31ef5541",
    "schema_version": "1.0.0",
    "event_type": "agent_order",
    "source": "synthetic_agent",
    "symbol": "BTCUSDT",
    "exchange": "binance_usdm",
    "timestamp": "2024-05-01T00:00:01.680000Z",
    "sequence": 21,
    "scenario_id": "scenario-149-momentum_ignition",
    "agent_id": "agent-momentum_ignition",
    "order_id": "scenario-149-momentum_ignition-agent-momentum_ignition-21",
    "action": "new",
    "side": "buy",
    "price": 65241.51158,
    "quantity": 0.08,
    "remaining_quantity": 0.08
  },
  {
    "event_id": "188cdb08ceb89d91e2699b3124b23a7d5d488a43e980a074f649eba321655058",
    "schema_version": "1.0.0",
    "event_type": "agent_order",
    "source": "synthetic_agent",
    "symbol": "BTCUSDT",
    "exchange": "binance_usdm",
    "timestamp": "2024-05-01T00:00:01.760000Z",
    "sequence": 22,
    "scenario_id": "scenario-149-momentum_ignition",
    "agent_id": "agent-momentum_ignition",
    "order_id": "scenario-149-momentum_ignition-agent-momentum_ignition-22",
    "action": "new",
    "side": "buy",
    "price": 65242.81455999999,
    "quantity": 0.08,
    "remaining_quantity": 0.08
  },
  {
    "event_id": "ad4ebc0bab98c45d9534f04ca360ff849ca1791af6f192f4ae96c29acfeb45e6",
    "schema_version": "1.0.0",
    "event_type": "agent_order",
    "source": "synthetic_agent",
    "symbol": "BTCUSDT",
    "exchange": "binance_usdm",
    "timestamp": "2024-05-01T00:00:01.840000Z",
    "sequence": 23,
    "scenario_id": "scenario-149-momentum_ignition",
    "agent_id": "agent-momentum_ignition",
    "order_id": "scenario-149-momentum_ignition-agent-momentum_ignition-23",
    "action": "new",
    "side": "buy",
    "price": 65244.117539999985,
    "quantity": 0.08,
    "remaining_quantity": 0.08
  },
  {
    "event_id": "c6548ad8244c2c760381690d201731d8ef3b7a9f9da9c9c1fce2476e7370e19f",
    "schema_version": "1.0.0",
    "event_type": "agent_order",
    "source": "synthetic_agent",
    "symbol": "BTCUSDT",
    "exchange": "binance_usdm",
    "timestamp": "2024-05-01T00:00:01.920000Z",
    "sequence": 24,
    "scenario_id": "scenario-149-momentum_ignition",
    "agent_id": "agent-momentum_ignition",
    "order_id": "scenario-149-momentum_ignition-agent-momentum_ignition-24",
    "action": "new",
    "side": "buy",
    "price": 65245.42051999999,
    "quantity": 0.08,
    "remaining_quantity": 0.08
  },
  {
    "event_id": "14e02b47e6634a97fe9bc72a5c236447d1016586fe56da44ab8d0700b249388a",
    "schema_version": "1.0.0",
    "event_type": "agent_order",
    "source": "synthetic_agent",
    "symbol": "BTCUSDT",
    "exchange": "binance_usdm",
    "timestamp": "2024-05-01T00:00:02Z",
    "sequence": 25,
    "scenario_id": "scenario-149-momentum_ignition",
    "agent_id": "agent-momentum_ignition",
    "order_id": "scenario-149-momentum_ignition-agent-momentum_ignition-25",
    "action": "new",
    "side": "buy",
    "price": 65246.72349999999,
    "quantity": 0.08,
    "remaining_quantity": 0.08
  },
  {
    "event_id": "518360beaa25d38abf1f9381c85941138549d6b767db2eb4c1d060f7f6868980",
    "schema_version": "1.0.0",
    "event_type": "agent_order",
    "source": "synthetic_agent",
    "symbol": "BTCUSDT",
    "exchange": "binance_usdm",
    "timestamp": "2024-05-01T00:00:02.080000Z",
    "sequence": 26,
    "scenario_id": "scenario-149-momentum_ignition",
    "agent_id": "agent-momentum_ignition",
    "order_id": "scenario-149-momentum_ignition-agent-momentum_ignition-26",
    "action": "new",
    "side": "buy",
    "price": 65248.02648,
    "quantity": 0.08,
    "remaining_quantity": 0.08
  },
  {
    "event_id": "4595b6f03a7ea06afe88bf9d4df369119ea01682b66422214c3cb613688d6f16",
    "schema_version": "1.0.0",
    "event_type": "agent_order",
    "source": "synthetic_agent",
    "symbol": "BTCUSDT",
    "exchange": "binance_usdm",
    "timestamp": "2024-05-01T00:00:02.160000Z",
    "sequence": 27,
    "scenario_id": "scenario-149-momentum_ignition",
    "agent_id": "agent-momentum_ignition",
    "order_id": "scenario-149-momentum_ignition-agent-momentum_ignition-27",
    "action": "new",
    "side": "buy",
    "price": 65249.32945999999,
    "quantity": 0.08,
    "remaining_quantity": 0.08
  },
  {
    "event_id": "515642aa7bd8523b1045432b7138fdcd2297086d9da31f01e6e95e4b4d0048e2",
    "schema_version": "1.0.0",
    "event_type": "agent_order",
    "source": "synthetic_agent",
    "symbol": "BTCUSDT",
    "exchange": "binance_usdm",
    "timestamp": "2024-05-01T00:00:02.240000Z",
    "sequence": 28,
    "scenario_id": "scenario-149-momentum_ignition",
    "agent_id": "agent-momentum_ignition",
    "order_id": "scenario-149-momentum_ignition-agent-momentum_ignition-28",
    "action": "new",
    "side": "buy",
    "price": 65250.63243999999,
    "quantity": 0.08,
    "remaining_quantity": 0.08
  },
  {
    "event_id": "69cb2cd039f15fec08995dbf8fcf26b5ef7f138bb542bc369fce44aa48120194",
    "schema_version": "1.0.0",
    "event_type": "agent_order",
    "source": "synthetic_agent",
    "symbol": "BTCUSDT",
    "exchange": "binance_usdm",
    "timestamp": "2024-05-01T00:00:02.320000Z",
    "sequence": 29,
    "scenario_id": "scenario-149-momentum_ignition",
    "agent_id": "agent-momentum_ignition",
    "order_id": "scenario-149-momentum_ignition-agent-momentum_ignition-29",
    "action": "new",
    "side": "buy",
    "price": 65251.935419999994,
    "quantity": 0.08,
    "remaining_quantity": 0.08
  }
]