[
  {
    "event_id": "8ce03c3c705ea607d698e41cd693492f5180186ae1c7f67b2e67282d3163d633",
    "schema_version": "1.0.0",
    "event_type": "agent_order",
    "source": "synthetic_agent",
    "symbol": "BTCUSDT",
    "exchange": "binance_usdm",
    "timestamp": "2024-05-01T00:00:00Z",
    "sequence": 0,
    "scenario_id": "scenario-399-spoofing_layering",
    "agent_id": "agent-spoofing_layering",
    "order_id": "scenario-399-spoofing_layering-agent-spoofing_layering-0",
    "action": "new",
    "side": "sell",
    "price": 65431.699499999995,
    "quantity": 0.5,
    "remaining_quantity": 0.5
  },
  {
    "event_id": "5c122cbbfc95bb2d26c726f83ec95e26cef3ea0fc82121f15f09e4c2f3d093a5",
    "schema_version": "1.0.0",
    "event_type": "agent_order",
    "source": "synthetic_agent",
    "symbol": "BTCUSDT",
    "exchange": "binance_usdm",
    "timestamp": "2024-05-01T00:00:00.050000Z",
    "sequence": 1,
    "scenario_id": "scenario-399-spoofing_layering",
    "agent_id": "agent-spoofing_layering",
    "order_id": "scenario-399-spoofing_layering-agent-spoofing_layering-1",
    "action": "new",
    "side": "sell",
    "price": 65432.35349,
    "quantity": 0.5,
    "remaining_quantity": 0.5
  },
  {
    "event_id": "ed967c78eba82cab5fec6b1b23058386b559c00dfcc98eb8b50039ce2e6b20fa",
    "schema_version": "1.0.0",
    "event_type": "agent_order",
    "source": "synthetic_agent",
    "symbol": "BTCUSDT",
    "exchange": "binance_usdm",
    "timestamp": "2024-05-01T00:00:00.100000Z",
    "sequence": 2,
    "scenario_id": "scenario-399-spoofing_layering",
    "agent_id": "agent-spoofing_layering",
    "order_id": "scenario-399-spoofing_layering-agent-spoofing_layering-2",
    "action": "new",
    "side": "sell",
    "price": 65433.00747999999,
    "quantity": 0.5,
    "remaining_quantity": 0.5
  },
  {
    "event_id": "7c986590c3ba71accc204b9860d57f65c4828496e065fa4340f9d68af744b675",
    "schema_version": "1.0.0",
    "event_type": "agent_order",
    "source": "synthetic_agent",
    "symbol": "BTCUSDT",
    "exchange": "binance_usdm",
    "timestamp": "2024-05-01T00:00:00.150000Z",
    "sequence": 3,
    "scenario_id": "scenario-399-spoofing_layering",
    "agent_id": "agent-spoofing_layering",
    "order_id": "scenario-399-spoofing_layering-agent-spoofing_layering-3",
    "action": "new",
    "side": "sell",
    "price": 65433.66146999999,
    "quantity": 0.5,
    "remaining_quantity": 0.5
  },
  {
    "event_id": "97a9a219d8298dcd137562bab70ebbda9e6a80200ddaa802abe141b230bc837a",
    "schema_version": "1.0.0",
    "event_type": "agent_order",
    "source": "synthetic_agent",
    "symbol": "BTCUSDT",
    "exchange": "binance_usdm",
    "timestamp": "2024-05-01T00:00:00.200000Z",
    "sequence": 4,
    "scenario_id": "scenario-399-spoofing_layering",
    "agent_id": "agent-spoofing_layering",
    "order_id": "scenario-399-spoofing_layering-agent-spoofing_layering-4",
    "action": "new",
    "side": "sell",
    "price": 65434.31546,
    "quantity": 0.5,
    "remaining_quantity": 0.5
  },
  {
    "event_id": "0ad58905d6ecd339fa0db6b50659233a0f945bae9a85051ca01a01ceb5188748",
    "schema_version": "1.0.0",
    "event_type": "agent_order",
    "source": "synthetic_agent",
    "symbol": "BTCUSDT",
    "exchange": "binance_usdm",
    "timestamp": "2024-05-01T00:00:00.250000Z",
    "sequence": 5,
    "scenario_id": "scenario-399-spoofing_layering",
    "agent_id": "agent-spoofing_layering",
    "order_id": "scenario-399-spoofing_layering-agent-spoofing_layering-5",
    "action": "new",
    "side": "sell",
    "price": 65434.969450000004,
    "quantity": 0.5,
    "remaining_quantity": 0.5
  },
  {
    "event_id": "f94bff0e33a1f5ad2404e84a0600fa485d517480b82454afa77344b49d3fd418",
    "schema_version": "1.0.0",
    "event_type": "agent_order",
    "source": "synthetic_agent",
    "symbol": "BTCUSDT",
    "exchange": "binance_usdm",
    "timestamp": "2024-05-01T00:00:00.300000Z",
    "sequence": 6,
    "scenario_id": "scenario-399-spoofing_layering",
    "agent_id": "agent-spoofing_layering",
    "order_id": "scenario-399-spoofing_layering-agent-spoofing_layering-6",
    "action": "new",
    "side": "sell",
    "price": 65435.623439999996,
    "quantity": 0.5,
    "remaining_quantity": 0.5
  },
  {
    "event_id": "9eb00f53bbe0102c8a55dcf8088a7d17c2d6111d7690fc714ba6f3cb3bac2135",
    "schema_version": "1.0.0",
    "event_type": "agent_order",
    "source": "synthetic_agent",
    "symbol": "BTCUSDT",
    "exchange": "binance_usdm",
    "timestamp": "2024-05-01T00:00:00.350000Z",
    "sequence": 7,
    "scenario_id": "scenario-399-spoofing_layering",
    "agent_id": "agent-spoofing_layering",
    "order_id": "scenario-399-spoofing_layering-agent-spoofing_layering-7",
    "action": "new",
    "side": "sell",
    "price": 65436.277429999995,
    "quantity": 0.5,
    "remaining_quantity": 0.5
  },
  {
    "event_id": "5f0598b828b04408effacc1a6431e6856ea9f833490921e9656fab932dc0134e",
    "schema_version": "1.0.0",
    "event_type": "agent_order",
    "source": "synthetic_agent",
    "symbol": "BTCUSDT",
    "exchange": "binance_usdm",
    "timestamp": "2024-05-01T00:00:00.400000Z",
    "sequence": 8,
    "scenario_id": "scenario-399-spoofing_layering",
    "agent_id": "agent-spoofing_layering",
    "order_id": "scenario-399-spoofing_layering-agent-spoofing_layering-8",
    "action": "new",
    "side": "sell",
    "price": 65436.93142,
    "quantity": 0.5,
    "remaining_quantity": 0.5
  },
  {
    "event_id": "6eef783e9ebf67de4c898cea5179f341272f60e22e6926edb79ea27afaddb76e",
    "schema_version": "1.0.0",
    "event_type": "agent_order",
    "source": "synthetic_agent",
    "symbol": "BTCUSDT",
    "exchange": "binance_usdm",
    "timestamp": "2024-05-01T00:00:00.450000Z",
    "sequence": 9,
    "scenario_id": "scenario-399-spoofing_layering",
    "agent_id": "agent-spoofing_layering",
    "order_id": "scenario-399-spoofing_layering-agent-spoofing_layering-9",
    "action": "new",
    "side": "sell",
    "price": 65437.58540999999,
    "quantity": 0.5,
    "remaining_quantity": 0.5
  },
  {
    "event_id": "1494e24fa8c2c6d0684f6ffc32ef7e9c8748f10912bba32cb0a6311abe91f688",
    "schema_version": "1.0.0",
    "event_type": "agent_order",
    "source": "synthetic_agent",
    "symbol": "BTCUSDT",
    "exchange": "binance_usdm",
    "timestamp": "2024-05-01T00:00:00.500000Z",
    "sequence": 10,
    "scenario_id": "scenario-399-spoofing_layering",
    "agent_id": "agent-spoofing_layering",
    "order_id": "scenario-399-spoofing_layering-agent-spoofing_layering-10",
    "action": "new",
    "side": "sell",
    "price": 65438.2394,
    "quantity": 0.5,
    "remaining_quantity": 0.5
  },
  {
    "event_id": "d0017da3b586a6651d479e6732b894d44caaa770a512629aee4a565eb7da63e5",
    "schema_version": "1.0.0",
    "event_type": "agent_order",
    "source": "synthetic_agent",
    "symbol": "BTCUSDT",
    "exchange": "binance_usdm",
    "timestamp": "2024-05-01T00:00:00.550000Z",
    "sequence": 11,
    "scenario_id": "scenario-399-spoofing_layering",
    "agent_id": "agent-spoofing_layering",
    "order_id": "scenario-399-spoofing_layering-agent-spoofing_layering-11",
    "action": "new",
    "side": "sell",
    "price": 65438.89339,
    "quantity": 0.5,
    "remaining_quantity": 0.5
  },
  {
    "event_id": "b380d21621effe0a58f40121664c63ad59b9c8e3705ac6586fca0b5be2364467",
    "schema_version": "1.0.0",
    "event_type": "agent_order",
    "source": "synthetic_agent",
    "symbol": "BTCUSDT",
    "exchange": "binance_usdm",
    "timestamp": "2024-05-01T00:00:00.600000Z",
    "sequence": 12,
    "scenario_id": "scenario-399-spoofing_layering",
    "agent_id": "agent-spoofing_layering",
    "order_id": "scenario-399-spoofing_layering-agent-spoofing_layering-12",
    "action": "new",
    "side": "sell",
    "price": 65439.54737999999,
    "quantity": 0.5,
    "remaining_quantity": 0.5
  },
  {
    "event_id": "29d1d63163003f3be3f3cc6e2ef1c3e9d4f3608856b4c51ecbd7e24a1fcdddf5",
    "schema_version": "1.0.0",
    "event_type": "agent_order",
    "source": "synthetic_agent",
    "symbol": "BTCUSDT",
    "exchange": "binance_usdm",
    "timestamp": "2024-05-01T00:00:00.650000Z",
    "sequence": 13,
    "scenario_id": "scenario-399-spoofing_layering",
    "agent_id": "agent-spoofing_layering",
    "order_id": "scenario-399-spoofing_layering-agent-spoofing_layering-13",
    "action": "new",
    "side": "sell",
    "price": 65440.201369999995,
    "quantity": 0.5,
    "remaining_quantity": 0.5
  },
  {
    "event_id": "849198f894303ce04fd564973fc6b19a2bfb21792148776d09f4f29b393e509c",
    "schema_version": "1.0.0",
    "event_type": "agent_order",
    "source": "synthetic_agent",
    "symbol": "BTCUSDT",
    "exchange": "binance_usdm",
    "timestamp": "2024-05-01T00:00:00.700000Z",
    "sequence": 14,
    "scenario_id": "scenario-399-spoofing_layering",
    "agent_id": "agent-spoofing_layering",
    "order_id": "scenario-399-spoofing_layering-agent-spoofing_layering-14",
    "action": "new",
    "side": "sell",
    "price": 65440.85536,
    "quantity": 0.5,
    "remaining_quantity": 0.5
  },
  {
    "event_id": "012c51147f679c0dd5628103fbeeaa119b2d2fe40f796e82143e384c48b1c4e5",
    "schema_version": "1.0.0",
    "event_type": "agent_order",
    "source": "synthetic_agent",
    "symbol": "BTCUSDT",
    "exchange": "binance_usdm",
    "timestamp": "2024-05-01T00:00:00.750000Z",
    "sequence": 15,
    "scenario_id": "scenario-399-spoofing_layering",
    "agent_id": "agent-spoofing_layering",
    "order_id": "scenario-399-spoofing_layering-agent-spoofing_layering-15",
    "action": "new",
    "side": "sell",
    "price": 65441.50935,
    "quantity": 0.5,
    "remaining_quantity": 0.5
  },
  {
    "event_id": "10ff94924e538882869fad8b3bfd330a067443359fcf8c12ba9f75e35c805df0",
    "schema_version": "1.0.0",
    "event_type": "agent_order",
    "source": "synthetic_agent",
    "symbol": "BTCUSDT",
    "exchange": "binance_usdm",
    "timestamp": "2024-05-01T00:00:00.800000Z",
    "sequence": 16,
    "scenario_id": "scenario-399-spoofing_layering",
    "agent_id": "agent-spoofing_layering",
    "order_id": "scenario-399-spoofing_layering-agent-spoofing_layering-16",
    "action": "new",
    "side": "sell",
    "price": 65442.16333999999,
    "quantity": 0.5,
    "remaining_quantity": 0.5
  },
  {
    "event_id": "a4e2dd22a278c9978aabc1c52c48bc225eade2fd62d1ac6d140f06f72b40f073",
    "schema_version": "1.0.0",
    "event_type": "agent_order",
    "source": "synthetic_agent",
    "symbol": "BTCUSDT",
    "exchange": "binance_usdm",
    "timestamp": "2024-05-01T00:00:00.850000Z",
    "sequence": 17,
    "scenario_id": "scenario-399-spoofing_layering",
    "agent_id": "agent-spoofing_layering",
    "order_id": "scenario-399-spoofing_layering-agent-spoofing_layering-17",
    "action": "new",
    "side": "sell",
    "price": 65442.81733,
    "quantity": 0.5,
    "remaining_quantity": 0.5
  },
  {
    "event_id": "3d99fbf9d0a9655b89931a7fe5f2dadf8332e44672c2f0ed239902bfa27e6af2",
    "schema_version": "1.0.0",
    "event_type": "agent_order",
    "source": "synthetic_agent",
    "symbol": "BTCUSDT",
    "exchange": "binance_usdm",
    "timestamp": "2024-05-01T00:00:00.900000Z",
    "sequence": 18,
    "scenario_id": "scenario-399-spoofing_layering",
    "agent_id": "agent-spoofing_layering",
    "order_id": "scenario-399-spoofing_layering-agent-spoofing_layering-18",
    "action": "new",
    "side": "sell",
    "price": 65443.471320000004,
    "quantity": 0.5,
    "remaining_quantity": 0.5
  },
  {
    "event_id": "a51bec41b3158b14a8d7615626c33d25729ff4be72ae91cc636bd990a525fc20",
    "schema_version": "1.0.0",
    "event_type": "agent_order",
    "source": "synthetic_agent",
    "symbol": "BTCUSDT",
    "exchange": "binance_usdm",
    "timestamp": "2024-05-01T00:00:00.950000Z",
    "sequence": 19,
    "scenario_id": "scenario-399-spoofing_layering",
    "agent_id": "agent-spoofing_layering",
    "order_id": "scenario-399-spoofing_layering-agent-spoofing_layering-19",
    "action": "new",
    "side": "sell",
    "price": 65444.12530999999,
    "quantity": 0.5,
    "remaining_quantity": 0.5
  },
  {
    "event_id": "a0d6b8019ae0eb20240ca5756c9e89eabcd6a172277a940228bf05654e4afba0",
    "schema_version": "1.0.0",
    "event_type": "agent_order",
    "source": "synthetic_agent",
    "symbol": "BTCUSDT",
    "exchange": "binance_usdm",
    "timestamp": "2024-05-01T00:00:01Z",
    "sequence": 20,
    "scenario_id": "scenario-399-spoofing_layering",
    "agent_id": "agent-spoofing_layering",
    "order_id": "scenario-399-spoofing_layering-agent-spoofing_layering-20",
    "action": "new",
    "side": "sell",
    "price": 65444.779299999995,
    "quantity": 0.5,
    "remaining_quantity": 0.5
  },
  {
    "event_id": "f951a7a4714df52e82c1750608cef04a705a3ce984a13ad2d24ec442442f3a09",
    "schema_version": "1.0.0",
    "event_type": "agent_order",
    "source": "synthetic_agent",
    "symbol": "BTCUSDT",
    "exchange": "binance_usdm",
    "timestamp": "2024-05-01T00:00:01.050000Z",
    "sequence": 21,
    "scenario_id": "scenario-399-spoofing_layering",
    "agent_id": "agent-spoofing_layering",
    "order_id": "scenario-399-spoofing_layering-agent-spoofing_layering-21",
    "action": "new",
    "side": "sell",
    "price": 65445.43329,
    "quantity": 0.5,
    "remaining_quantity": 0.5
  },
  {
    "event_id": "6905297742db8c2ad78a7ffe4c52d71497a7b469c1022424409316b8cdd4b516",
    "schema_version": "1.0.0",
    "event_type": "agent_order",
    "source": "synthetic_agent",
    "symbol": "BTCUSDT",
    "exchange": "binance_usdm",
    "timestamp": "2024-05-01T00:00:01.100000Z",
    "sequence": 22,
    "scenario_id": "scenario-399-spoofing_layering",
    "agent_id": "agent-spoofing_layering",
    "order_id": "scenario-399-spoofing_layering-agent-spoofing_layering-22",
    "action": "new",
    "side": "sell",
    "price": 65446.08728000001,
    "quantity": 0.5,
    "remaining_quantity": 0.5
  },
  {
    "event_id": "047841430925b0c64bb3c8bb439c0fc82830ab47fb53a76d87550e5d2f44527a",
    "schema_version": "1.0.0",
    "event_type": "agent_order",
    "source": "synthetic_agent",
    "symbol": "BTCUSDT",
    "exchange": "binance_usdm",
    "timestamp": "2024-05-01T00:00:01.150000Z",
    "sequence": 23,
    "scenario_id": "scenario-399-spoofing_layering",
    "agent_id": "agent-spoofing_layering",
    "order_id": "scenario-399-spoofing_layering-agent-spoofing_layering-23",
    "action": "new",
    "side": "sell",
    "price": 65446.74126999999,
    "quantity": 0.5,
    "remaining_quantity": 0.5
  },
  {
    "event_id": "5dbde837dc4d457b0fcfbc843a1b6a549ecaafdf383131649feb6ab64dcf1d55",
    "schema_version": "1.0.0",
    "event_type": "agent_order",
    "source": "synthetic_agent",
    "symbol": "BTCUSDT",
    "exchange": "binance_usdm",
    "timestamp": "2024-05-01T00:00:01.200000Z",
    "sequence": 24,
    "scenario_id": "scenario-399-spoofing_layering",
    "agent_id": "agent-spoofing_layering",
    "order_id": "scenario-399-spoofing_layering-agent-spoofing_layering-24",
    "action": "new",
    "side": "sell",
    "price": 65447.39526,
    "quantity": 0.5,
    "remaining_quantity": 0.5
  },
  {
    "event_id": "84ed82a3ccc8b70ecbb47bf3b28354ec1b40cbdcc46de23ed46f987318fb81d0",
    "schema_version": "1.0.0",
    "event_type": "agent_order",
    "source": "synthetic_agent",
    "symbol": "BTCUSDT",
    "exchange": "binance_usdm",
    "timestamp": "2024-05-01T00:00:01.250000Z",
    "sequence": 25,
    "scenario_id": "scenario-399-spoofing_layering",
    "agent_id": "agent-spoofing_layering",
    "order_id": "scenario-399-spoofing_layering-agent-spoofing_layering-25",
    "action": "new",
    "side": "sell",
    "price": 65448.049250000004,
    "quantity": 0.5,
    "remaining_quantity": 0.5
  },
  {
    "event_id": "fbcafa71bfc7775e02dc39754e5c83fac5a8b58f2e93a46ddf66fec3b6af792a",
    "schema_version": "1.0.0",
    "event_type": "agent_order",
    "source": "synthetic_agent",
    "symbol": "BTCUSDT",
    "exchange": "binance_usdm",
    "timestamp": "2024-05-01T00:00:01.300000Z",
    "sequence": 26,
    "scenario_id": "scenario-399-spoofing_layering",
    "agent_id": "agent-spoofing_layering",
    "order_id": "scenario-399-spoofing_layering-agent-spoofing_layering-26",
    "action": "new",
    "side": "sell",
    "price": 65448.70323999999,
    "quantity": 0.5,
    "remaining_quantity": 0.5
  },
  {
    "event_id": "2f42542a2a4873d5416c0ca6831b98e5f44591eb988468808bcaa41e3e9f779a",
    "schema_version": "1.0.0",
    "event_type": "agent_order",
    "source": "synthetic_agent",
    "symbol": "BTCUSDT",
    "exchange": "binance_usdm",
    "timestamp": "2024-05-01T00:00:01.350000Z",
    "sequence": 27,
    "scenario_id": "scenario-399-spoofing_layering",
    "agent_id": "agent-spoofing_layering",
    "order_id": "scenario-399-spoofing_layering-agent-spoofing_layering-27",
    "action": "new",
    "side": "sell",
    "price": 65449.357229999994,
    "quantity": 0.5,
    "remaining_quantity": 0.5
  },
  {
    "event_id": "ad1392d6cea438081ae17e2ad160c739a52773a1ce550517cec32363a247a806",
    "schema_version": "1.0.0",
    "event_type": "agent_order",
    "source": "synthetic_agent",
    "symbol": "BTCUSDT",
    "exchange": "binance_usdm",
    "timestamp": "2024-05-01T00:00:01.400000Z",
    "sequence": 28,
    "scenario_id": "scenario-399-spoofing_layering",
    "agent_id": "agent-spoofing_layering",
    "order_id": "scenario-399-spoofing_layering-agent-spoofing_layering-28",
    "action": "new",
    "side": "sell",
    "price": 65450.01122,
    "quantity": 0.5,
    "remaining_quantity": 0.5
  },
  {
    "event_id": "9e8c4d61b164176a0dba3411e8a24787f74f2707e16aea230f651cdc4d55b90b",
    "schema_version": "1.0.0",
    "event_type": "agent_order",
    "source": "synthetic_agent",
    "symbol": "BTCUSDT",
    "exchange": "binance_usdm",
    "timestamp": "2024-05-01T00:00:01.450000Z",
    "sequence": 29,
    "scenario_id": "scenario-399-spoofing_layering",
    "agent_id": "agent-spoofing_layering",
    "order_id": "scenario-399-spoofing_layering-agent-spoofing_layering-29",
    "action": "new",
    "side": "sell",
    "price": 65450.66520999999,
    "quantity": 0.5,
    "remaining_quantity": 0.5
  }
]