[
  {
    "event_id": "31510520f689e4a73f109637a05d314f98450a7cf3f8f845da3a53f95a863a2c",
    "schema_version": "1.0.0",
    "event_type": "agent_order",
    "source": "synthetic_agent",
    "symbol": "BTCUSDT",
    "exchange": "binance_usdm",
    "timestamp": "2024-05-01T00:00:00Z",
    "sequence": 0,
    "scenario_id": "scenario-264-passive_market_maker",
    "agent_id": "agent-passive_market_maker",
    "order_id": "scenario-264-passive_market_maker-agent-passive_market_maker-0",
    "action": "new",
    "side": "buy",
    "price": 65198.736,
    "quantity": 0.01,
    "remaining_quantity": 0.01
  },
  {
    "event_id": "dcb655dcdad80213e561bd6190ba510f418f923ae1c2250c166ffd1733691524",
    "schema_version": "1.0.0",
    "event_type": "agent_order",
    "source": "synthetic_agent",
    "symbol": "BTCUSDT",
    "exchange": "binance_usdm",
    "timestamp": "2024-05-01T00:00:00.100000Z",
    "sequence": 1,
    "scenario_id": "scenario-264-passive_market_maker",
    "agent_id": "agent-passive_market_maker",
    "order_id": "scenario-264-passive_market_maker-agent-passive_market_maker-1",
    "action": "new",
    "side": "sell",
    "price": 65329.263999999996,
    "quantity": 0.01,
    "remaining_quantity": 0.01
  },
  {
    "event_id": "cff9658bc1fe7672763f6067855c442d7796eb3e6f17c6c4894b2655d9bede43",
    "schema_version": "1.0.0",
    "event_type": "agent_order",
    "source": "synthetic_agent",
    "symbol": "BTCUSDT",
    "exchange": "binance_usdm",
    "timestamp": "2024-05-01T00:00:00.200000Z",
    "sequence": 2,
    "scenario_id": "scenario-264-passive_market_maker",
    "agent_id": "agent-passive_market_maker",
    "order_id": "scenario-264-passive_market_maker-agent-passive_market_maker-2",
    "action": "new",
    "side": "buy",
    "price": 65198.736,
    "quantity": 0.01,
    "remaining_quantity": 0.01
  },
  {
    "event_id": "724d79a5e96f024029047f44bd32a06cd03950f06fde6d1f16ff277d9e451645",
    "schema_version": "1.0.0",
    "event_type": "agent_order",
    "source": "synthetic_agent",
    "symbol": "BTCUSDT",
    "exchange": "binance_usdm",
    "timestamp": "2024-05-01T00:00:00.300000Z",
    "sequence": 3,
    "scenario_id": "scenario-264-passive_market_maker",
    "agent_id": "agent-passive_market_maker",
    "order_id": "scenario-264-passive_market_maker-agent-passive_market_maker-3",
    "action": "new",
    "side": "sell",
    "price": 65329.263999999996,
    "quantity": 0.01,
    "remaining_quantity": 0.01
  },
  {
    "event_id": "d9cb8c6ba20537918c4d459202221d4acd2cc183afc313e2071dedef14040700",
    "schema_version": "1.0.0",
    "event_type": "agent_order",
    "source": "synthetic_agent",
    "symbol": "BTCUSDT",
    "exchange": "binance_usdm",
    "timestamp": "2024-05-01T00:00:00.400000Z",
    "sequence": 4,
    "scenario_id": "scenario-264-passive_market_maker",
    "agent_id": "agent-passive_market_maker",
    "order_id": "scenario-264-passive_market_maker-agent-passive_market_maker-4",
    "action": "new",
    "side": "buy",
    "price": 65198.736,
    "quantity": 0.01,
    "remaining_quantity": 0.01
  },
  {
    "event_id": "07d04b8cd1b6b5343a2ec5a73dcd669b07c9ad04dff203dd10b2449cc8530778",
    "schema_version": "1.0.0",
    "event_type": "agent_order",
    "source": "synthetic_agent",
    "symbol": "BTCUSDT",
    "exchange": "binance_usdm",
    "timestamp": "2024-05-01T00:00:00.500000Z",
    "sequence": 5,
    "scenario_id": "scenario-264-passive_market_maker",
    "agent_id": "agent-passive_market_maker",
    "order_id": "scenario-264-passive_market_maker-agent-passive_market_maker-5",
    "action": "new",
    "side": "sell",
    "price": 65329.263999999996,
    "quantity": 0.01,
    "remaining_quantity": 0.01
  },
  {
    "event_id": "f03bf6a49fa78a3cdb9ff2a035b5be07d73993fb0373fab2d40e676eeeb8843b",
    "schema_version": "1.0.0",
    "event_type": "agent_order",
    "source": "synthetic_agent",
    "symbol": "BTCUSDT",
    "exchange": "binance_usdm",
    "timestamp": "2024-05-01T00:00:00.600000Z",
    "sequence": 6,
    "scenario_id": "scenario-264-passive_market_maker",
    "agent_id": "agent-passive_market_maker",
    "order_id": "scenario-264-passive_market_maker-agent-passive_market_maker-6",
    "action": "new",
    "side": "buy",
    "price": 65198.736,
    "quantity": 0.01,
    "remaining_quantity": 0.01
  },
  {
    "event_id": "be0756b6bf68e086d6679fa410f8d7cd4e75a9520d4b3449dbe7746a35fb8a7b",
    "schema_version": "1.0.0",
    "event_type": "agent_order",
    "source": "synthetic_agent",
    "symbol": "BTCUSDT",
    "exchange": "binance_usdm",
    "timestamp": "2024-05-01T00:00:00.700000Z",
    "sequence": 7,
    "scenario_id": "scenario-264-passive_market_maker",
    "agent_id": "agent-passive_market_maker",
    "order_id": "scenario-264-passive_market_maker-agent-passive_market_maker-7",
    "action": "new",
    "side": "sell",
    "price": 65329.263999999996,
    "quantity": 0.01,
    "remaining_quantity": 0.01
  },
  {
    "event_id": "8d7db8820c4098d30b128f3567fd9fb22aa2ee68281d0f06ad154248a8fc2250",
    "schema_version": "1.0.0",
    "event_type": "agent_order",
    "source": "synthetic_agent",
    "symbol": "BTCUSDT",
    "exchange": "binance_usdm",
    "timestamp": "2024-05-01T00:00:00.800000Z",
    "sequence": 8,
    "scenario_id": "scenario-264-passive_market_maker",
    "agent_id": "agent-passive_market_maker",
    "order_id": "scenario-264-passive_market_maker-agent-passive_market_maker-8",
    "action": "new",
    "side": "buy",
    "price": 65198.736,
    "quantity": 0.01,
    "remaining_quantity": 0.01
  },
  {
    "event_id": "04cb6ad924102a5e934f18a2dccd2b4d331126f97a289100cab6ee50201c236c",
    "schema_version": "1.0.0",
    "event_type": "agent_order",
    "source": "synthetic_agent",
    "symbol": "BTCUSDT",
    "exchange": "binance_usdm",
    "timestamp": "2024-05-01T00:00:00.900000Z",
    "sequence": 9,
    "scenario_id": "scenario-264-passive_market_maker",
    "agent_id": "agent-passive_market_maker",
    "order_id": "scenario-264-passive_market_maker-agent-passive_market_maker-9",
    "action": "new",
    "side": "sell",
    "price": 65329.263999999996,
    "quantity": 0.01,
    "remaining_quantity": 0.01
  },
  {
    "event_id": "4911647f4008e4e75bfa7498ceab766ca77c8a1cd2c667e917d373dfda929868",
    "schema_version": "1.0.0",
    "event_type": "agent_order",
    "source": "synthetic_agent",
    "symbol": "BTCUSDT",
    "exchange": "binance_usdm",
    "timestamp": "2024-05-01T00:00:01Z",
    "sequence": 10,
    "scenario_id": "scenario-264-passive_market_maker",
    "agent_id": "agent-passive_market_maker",
    "order_id": "scenario-264-passive_market_maker-agent-passive_market_maker-10",
    "action": "new",
    "side": "buy",
    "price": 65198.736,
    "quantity": 0.01,
    "remaining_quantity": 0.01
  },
  {
    "event_id": "6add138ad505ab357623415bfa96e61fdd0b575320a1eba8cb83b454c1ca55d4",
    "schema_version": "1.0.0",
    "event_type": "agent_order",
    "source": "synthetic_agent",
    "symbol": "BTCUSDT",
    "exchange": "binance_usdm",
    "timestamp": "2024-05-01T00:00:01.100000Z",
    "sequence": 11,
    "scenario_id": "scenario-264-passive_market_maker",
    "agent_id": "agent-passive_market_maker",
    "order_id": "scenario-264-passive_market_maker-agent-passive_market_maker-11",
    "action": "new",
    "side": "sell",
    "price": 65329.263999999996,
    "quantity": 0.01,
    "remaining_quantity": 0.01
  },
  {
    "event_id": "5881242c2e269c93eb0023ae254858320186905d427f8b85142b9c4eb7c85145",
    "schema_version": "1.0.0",
    "event_type": "agent_order",
    "source": "synthetic_agent",
    "symbol": "BTCUSDT",
    "exchange": "binance_usdm",
    "timestamp": "2024-05-01T00:00:01.200000Z",
    "sequence": 12,
    "scenario_id": "scenario-264-passive_market_maker",
    "agent_id": "agent-passive_market_maker",
    "order_id": "scenario-264-passive_market_maker-agent-passive_market_maker-12",
    "action": "new",
    "side": "buy",
    "price": 65198.736,
    "quantity": 0.01,
    "remaining_quantity": 0.01
  },
  {
    "event_id": "a22109dd5bca78836b4256ed4f308038146ad79903d61e4eb96d17f97bd5d85a",
    "schema_version": "1.0.0",
    "event_type": "agent_order",
    "source": "synthetic_agent",
    "symbol": "BTCUSDT",
    "exchange": "binance_usdm",
    "timestamp": "2024-05-01T00:00:01.300000Z",
    "sequence": 13,
    "scenario_id": "scenario-264-passive_market_maker",
    "agent_id": "agent-passive_market_maker",
    "order_id": "scenario-264-passive_market_maker-agent-passive_market_maker-13",
    "action": "new",
    "side": "sell",
    "price": 65329.263999999996,
    "quantity": 0.01,
    "remaining_quantity": 0.01
  },
  {
    "event_id": "3d0fd5044e648663b459680dab38af8b26b6eb0cbf2f6305b1b49a8e706a2e3f",
    "schema_version": "1.0.0",
    "event_type": "agent_order",
    "source": "synthetic_agent",
    "symbol": "BTCUSDT",
    "exchange": "binance_usdm",
    "timestamp": "2024-05-01T00:00:01.400000Z",
    "sequence": 14,
    "scenario_id": "scenario-264-passive_market_maker",
    "agent_id": "agent-passive_market_maker",
    "order_id": "scenario-264-passive_market_maker-agent-passive_market_maker-14",
    "action": "new",
    "side": "buy",
    "price": 65198.736,
    "quantity": 0.01,
    "remaining_quantity": 0.01
  },
  {
    "event_id": "3dc1f8f0d2a6396ee90412beb972b6799fb92b4105958cc605da2c16cc98e8b3",
    "schema_version": "1.0.0",
    "event_type": "agent_order",
    "source": "synthetic_agent",
    "symbol": "BTCUSDT",
    "exchange": "binance_usdm",
    "timestamp": "2024-05-01T00:00:01.500000Z",
    "sequence": 15,
    "scenario_id": "scenario-264-passive_market_maker",
    "agent_id": "agent-passive_market_maker",
    "order_id": "scenario-264-passive_market_maker-agent-passive_market_maker-15",
    "action": "new",
    "side": "sell",
    "price": 65329.263999999996,
    "quantity": 0.01,
    "remaining_quantity": 0.01
  },
  {
    "event_id": "b326bfbb4f808eb69294435c3b2e1329ee8595960f4c69867064ff6416f1af53",
    "schema_version": "1.0.0",
    "event_type": "agent_order",
    "source": "synthetic_agent",
    "symbol": "BTCUSDT",
    "exchange": "binance_usdm",
    "timestamp": "2024-05-01T00:00:01.600000Z",
    "sequence": 16,
    "scenario_id": "scenario-264-passive_market_maker",
    "agent_id": "agent-passive_market_maker",
    "order_id": "scenario-264-passive_market_maker-agent-passive_market_maker-16",
    "action": "new",
    "side": "buy",
    "price": 65198.736,
    "quantity": 0.01,
    "remaining_quantity": 0.01
  },
  {
    "event_id": "536d8acb5eaecc1a4d8e01125349d25f74f12668a04689f1f760b178b83fd48a",
    "schema_version": "1.0.0",
    "event_type": "agent_order",
    "source": "synthetic_agent",
    "symbol": "BTCUSDT",
    "exchange": "binance_usdm",
    "timestamp": "2024-05-01T00:00:01.700000Z",
    "sequence": 17,
    "scenario_id": "scenario-264-passive_market_maker",
    "agent_id": "agent-passive_market_maker",
    "order_id": "scenario-264-passive_market_maker-agent-passive_market_maker-17",
    "action": "new",
    "side": "sell",
    "price": 65329.263999999996,
    "quantity": 0.01,
    "remaining_quantity": 0.01
  },
  {
    "event_id": "3b01ae646450912623dff78cd433a1f4de8afea992e8f396a207e159b83383a0",
    "schema_version": "1.0.0",
    "event_type": "agent_order",
    "source": "synthetic_agent",
    "symbol": "BTCUSDT",
    "exchange": "binance_usdm",
    "timestamp": "2024-05-01T00:00:01.800000Z",
    "sequence": 18,
    "scenario_id": "scenario-264-passive_market_maker",
    "agent_id": "agent-passive_market_maker",
    "order_id": "scenario-264-passive_market_maker-agent-passive_market_maker-18",
    "action": "new",
    "side": "buy",
    "price": 65198.736,
    "quantity": 0.01,
    "remaining_quantity": 0.01
  },
  {
    "event_id": "bcbcc025bc968748658f11940a811439e9dd067a3e4d4524d04a3deedd3aa328",
    "schema_version": "1.0.0",
    "event_type": "agent_order",
    "source": "synthetic_agent",
    "symbol": "BTCUSDT",
    "exchange": "binance_usdm",
    "timestamp": "2024-05-01T00:00:01.900000Z",
    "sequence": 19,
    "scenario_id": "scenario-264-passive_market_maker",
    "agent_id": "agent-passive_market_maker",
    "order_id": "scenario-264-passive_market_maker-agent-passive_market_maker-19",
    "action": "new",
    "side": "sell",
    "price": 65329.263999999996,
    "quantity": 0.01,
    "remaining_quantity": 0.01
  },
  {
    "event_id": "fa091aaa3ac1a6a824c4d696d67208930ad651edd63d499de0c9b6204f1b954b",
    "schema_version": "1.0.0",
    "event_type": "agent_order",
    "source": "synthetic_agent",
    "symbol": "BTCUSDT",
    "exchange": "binance_usdm",
    "timestamp": "2024-05-01T00:00:02Z",
    "sequence": 20,
    "scenario_id": "scenario-264-passive_market_maker",
    "agent_id": "agent-passive_market_maker",
    "order_id": "scenario-264-passive_market_maker-agent-passive_market_maker-20",
    "action": "new",
    "side": "buy",
    "price": 65198.736,
    "quantity": 0.01,
    "remaining_quantity": 0.01
  },
  {
    "event_id": "aead98b24781535a647064d34a910a605b92a3353a3d1c0b4e810a30f03be26a",
    "schema_version": "1.0.0",
    "event_type": "agent_order",
    "source": "synthetic_agent",
    "symbol": "BTCUSDT",
    "exchange": "binance_usdm",
    "timestamp": "2024-05-01T00:00:02.100000Z",
    "sequence": 21,
    "scenario_id": "scenario-264-passive_market_maker",
    "agent_id": "agent-passive_market_maker",
    "order_id": "scenario-264-passive_market_maker-agent-passive_market_maker-21",
    "action": "new",
    "side": "sell",
    "price": 65329.263999999996,
    "quantity": 0.01,
    "remaining_quantity": 0.01
  },
  {
    "event_id": "6e230360282cbf5e4705808081c0ef0bf74c5fc42d2a0fa2ef0462b0a7b29901",
    "schema_version": "1.0.0",
    "event_type": "agent_order",
    "source": "synthetic_agent",
    "symbol": "BTCUSDT",
    "exchange": "binance_usdm",
    "timestamp": "2024-05-01T00:00:02.200000Z",
    "sequence": 22,
    "scenario_id": "scenario-264-passive_market_maker",
    "agent_id": "agent-passive_market_maker",
    "order_id": "scenario-264-passive_market_maker-agent-passive_market_maker-22",
    "action": "new",
    "side": "buy",
    "price": 65198.736,
    "quantity": 0.01,
    "remaining_quantity": 0.01
  },
  {
    "event_id": "7a3251f6969da5b6498aa9ca030e54290b3c0310d17a4d0613e4d088443de1cd",
    "schema_version": "1.0.0",
    "event_type": "agent_order",
    "source": "synthetic_agent",
    "symbol": "BTCUSDT",
    "exchange": "binance_usdm",
    "timestamp": "2024-05-01T00:00:02.300000Z",
    "sequence": 23,
    "scenario_id": "scenario-264-passive_market_maker",
    "agent_id": "agent-passive_market_maker",
    "order_id": "scenario-264-passive_market_maker-agent-passive_market_maker-23",
    "action": "new",
    "side": "sell",
    "price": 65329.263999999996,
    "quantity": 0.01,
    "remaining_quantity": 0.01
  },
  {
    "event_id": "fba48fa21d6beff7c539a4935acba5ebe6c47e00237a6e95d24d36a51f536742",
    "schema_version": "1.0.0",
    "event_type": "agent_order",
    "source": "synthetic_agent",
    "symbol": "BTCUSDT",
    "exchange": "binance_usdm",
    "timestamp": "2024-05-01T00:00:02.400000Z",
    "sequence": 24,
    "scenario_id": "scenario-264-passive_market_maker",
    "agent_id": "agent-passive_market_maker",
    "order_id": "scenario-264-passive_market_maker-agent-passive_market_maker-24",
    "action": "new",
    "side": "buy",
    "price": 65198.736,
    "quantity": 0.01,
    "remaining_quantity": 0.01
  },
  {
    "event_id": "d85722ce24b6ef273730cf5f5dd53a43e5920a296ffa7312e97f55ee4bc01e25",
    "schema_version": "1.0.0",
    "event_type": "agent_order",
    "source": "synthetic_agent",
    "symbol": "BTCUSDT",
    "exchange": "binance_usdm",
    "timestamp": "2024-05-01T00:00:02.500000Z",
    "sequence": 25,
    "scenario_id": "scenario-264-passive_market_maker",
    "agent_id": "agent-passive_market_maker",
    "order_id": "scenario-264-passive_market_maker-agent-passive_market_maker-25",
    "action": "new",
    "side": "sell",
    "price": 65329.263999999996,
    "quantity": 0.01,
    "remaining_quantity": 0.01
  },
  {
    "event_id": "8770bdb1bfb4bca0e4a7d02d598aac8e09db1168cb43eb2193b5b61072206d20",
    "schema_version": "1.0.0",
    "event_type": "agent_order",
    "source": "synthetic_agent",
    "symbol": "BTCUSDT",
    "exchange": "binance_usdm",
    "timestamp": "2024-05-01T00:00:02.600000Z",
    "sequence": 26,
    "scenario_id": "scenario-264-passive_market_maker",
    "agent_id": "agent-passive_market_maker",
    "order_id": "scenario-264-passive_market_maker-agent-passive_market_maker-26",
    "action": "new",
    "side": "buy",
    "price": 65198.736,
    "quantity": 0.01,
    "remaining_quantity": 0.01
  },
  {
    "event_id": "55920e67a7e01e6345c8296376f37d971fdf347e8dc322c81be0b6451b69ee28",
    "schema_version": "1.0.0",
    "event_type": "agent_order",
    "source": "synthetic_agent",
    "symbol": "BTCUSDT",
    "exchange": "binance_usdm",
    "timestamp": "2024-05-01T00:00:02.700000Z",
    "sequence": 27,
    "scenario_id": "scenario-264-passive_market_maker",
    "agent_id": "agent-passive_market_maker",
    "order_id": "scenario-264-passive_market_maker-agent-passive_market_maker-27",
    "action": "new",
    "side": "sell",
    "price": 65329.263999999996,
    "quantity": 0.01,
    "remaining_quantity": 0.01
  },
  {
    "event_id": "030d6789d673e8c5aeb8e3cf36ae3c1e9e731f5100223bc281d38389648d8151",
    "schema_version": "1.0.0",
    "event_type": "agent_order",
    "source": "synthetic_agent",
    "symbol": "BTCUSDT",
    "exchange": "binance_usdm",
    "timestamp": "2024-05-01T00:00:02.800000Z",
    "sequence": 28,
    "scenario_id": "scenario-264-passive_market_maker",
    "agent_id": "agent-passive_market_maker",
    "order_id": "scenario-264-passive_market_maker-agent-passive_market_maker-28",
    "action": "new",
    "side": "buy",
    "price": 65198.736,
    "quantity": 0.01,
    "remaining_quantity": 0.01
  },
  {
    "event_id": "c5707b94fda65f56db5a04dc25b6d67371e9f3e67ae7ceac8386d15a80790b5f",
    "schema_version": "1.0.0",
    "event_type": "agent_order",
    "source": "synthetic_agent",
    "symbol": "BTCUSDT",
    "exchange": "binance_usdm",
    "timestamp": "2024-05-01T00:00:02.900000Z",
    "sequence": 29,
    "scenario_id": "scenario-264-passive_market_maker",
    "agent_id": "agent-passive_market_maker",
    "order_id": "scenario-264-passive_market_maker-agent-passive_market_maker-29",
    "action": "new",
    "side": "sell",
    "price": 65329.263999999996,
    "quantity": 0.01,
    "remaining_quantity": 0.01
  }
]