[
  {
    "event_id": "f7d9c5ad7248523534e965062c5ddd613a177661188ac96e484933fc96d60417",
    "schema_version": "1.0.0",
    "event_type": "agent_order",
    "source": "synthetic_agent",
    "symbol": "BTCUSDT",
    "exchange": "binance_usdm",
    "timestamp": "2024-05-01T00:00:00Z",
    "sequence": 0,
    "scenario_id": "scenario-545-momentum_ignition",
    "agent_id": "agent-momentum_ignition",
    "order_id": "scenario-545-momentum_ignition-agent-momentum_ignition-0",
    "action": "new",
    "side": "buy",
    "price": 65610.545,
    "quantity": 0.08,
    "remaining_quantity": 0.08
  },
  {
    "event_id": "fb4256a949c427bd1253770c5b5a54185e806be17456cd05ecdb31b8a33e7168",
    "schema_version": "1.0.0",
    "event_type": "agent_order",
    "source": "synthetic_agent",
    "symbol": "BTCUSDT",
    "exchange": "binance_usdm",
    "timestamp": "2024-05-01T00:00:00.080000Z",
    "sequence": 1,
    "scenario_id": "scenario-545-momentum_ignition",
    "agent_id": "agent-momentum_ignition",
    "order_id": "scenario-545-momentum_ignition-agent-momentum_ignition-1",
    "action": "new",
    "side": "buy",
    "price": 65611.85589999998,
    "quantity": 0.08,
    "remaining_quantity": 0.08
  },
  {
    "event_id": "e67024ed54f666a880237ad485462f745aadd6408eb52366daa3b790f880ddb9",
    "schema_version": "1.0.0",
    "event_type": "agent_order",
    "source": "synthetic_agent",
    "symbol": "BTCUSDT",
    "exchange": "binance_usdm",
    "timestamp": "2024-05-01T00:00:00.160000Z",
    "sequence": 2,
    "scenario_id": "scenario-545-momentum_ignition",
    "agent_id": "agent-momentum_ignition",
    "order_id": "scenario-545-momentum_ignition-agent-momentum_ignition-2",
    "action": "new",
    "side": "buy",
    "price": 65613.16679999999,
    "quantity": 0.08,
    "remaining_quantity": 0.08
  },
  {
    "event_id": "5c185c9fab1586fcacb9bc94b0203d246e308c784a8e4fa1c487a09a7d16998c",
    "schema_version": "1.0.0",
    "event_type": "agent_order",
    "source": "synthetic_agent",
    "symbol": "BTCUSDT",
    "exchange": "binance_usdm",
    "timestamp": "2024-05-01T00:00:00.240000Z",
    "sequence": 3,
    "scenario_id": "scenario-545-momentum_ignition",
    "agent_id": "agent-momentum_ignition",
    "order_id": "scenario-545-momentum_ignition-agent-momentum_ignition-3",
    "action": "new",
    "side": "buy",
    "price": 65614.47769999999,
    "quantity": 0.08,
    "remaining_quantity": 0.08
  },
  {
    "event_id": "17b1df5d53d076d66526b6396f4a95f5f3622251e2a83eb80d8b18d787f6f37b",
    "schema_version": "1.0.0",
    "event_type": "agent_order",
    "source": "synthetic_agent",
    "symbol": "BTCUSDT",
    "exchange": "binance_usdm",
    "timestamp": "2024-05-01T00:00:00.320000Z",
    "sequence": 4,
    "scenario_id": "scenario-545-momentum_ignition",
    "agent_id": "agent-momentum_ignition",
    "order_id": "scenario-545-momentum_ignition-agent-momentum_ignition-4",
    "action": "new",
    "side": "buy",
    "price": 65615.7886,
    "quantity": 0.08,
    "remaining_quantity": 0.08
  },
  {
    "event_id": "bfab41a6dcc6ca68c3b26b4ce9f27eabecb1884623f37197f6e6cfdc529ccd9d",
    "schema_version": "1.0.0",
    "event_type": "agent_order",
    "source": "synthetic_agent",
    "symbol": "BTCUSDT",
    "exchange": "binance_usdm",
    "timestamp": "2024-05-01T00:00:00.400000Z",
    "sequence": 5,
    "scenario_id": "scenario-545-momentum_ignition",
    "agent_id": "agent-momentum_ignition",
    "order_id": "scenario-545-momentum_ignition-agent-momentum_ignition-5",
    "action": "new",
    "side": "buy",
    "price": 65617.0995,
    "quantity": 0.08,
    "remaining_quantity": 0.08
  },
  {
    "event_id": "c1d044b68ea0b58f67dfe8a7c42f4ede8540976e4679d0b360002face8be82d1",
    "schema_version": "1.0.0",
    "event_type": "agent_order",
    "source": "synthetic_agent",
    "symbol": "BTCUSDT",
    "exchange": "binance_usdm",
    "timestamp": "2024-05-01T00:00:00.480000Z",
    "sequence": 6,
    "scenario_id": "scenario-545-momentum_ignition",
    "agent_id": "agent-momentum_ignition",
    "order_id": "scenario-545-momentum_ignition-agent-momentum_ignition-6",
    "action": "new",
    "side": "buy",
    "price": 65618.41039999998,
    "quantity": 0.08,
    "remaining_quantity": 0.08
  },
  {
    "event_id": "2aa7bc23699a1f2118e5a66fe447c9d3af5487543a2c4148b5454c28aab63400",
    "schema_version": "1.0.0",
    "event_type": "agent_order",
    "source": "synthetic_agent",
    "symbol": "BTCUSDT",
    "exchange": "binance_usdm",
    "timestamp": "2024-05-01T00:00:00.560000Z",
    "sequence": 7,
    "scenario_id": "scenario-545-momentum_ignition",
    "agent_id": "agent-momentum_ignition",
    "order_id": "scenario-545-momentum_ignition-agent-momentum_ignition-7",
    "action": "new",
    "side": "buy",
    "price": 65619.72129999999,
    "quantity": 0.08,
    "remaining_quantity": 0.08
  },
  {
    "event_id": "5d42aaeeb2ac83510020a511b335c75ceeac73b8c3376617e0c107402e546c12",
    "schema_version": "1.0.0",
    "event_type": "agent_order",
    "source": "synthetic_agent",
    "symbol": "BTCUSDT",
    "exchange": "binance_usdm",
    "timestamp": "2024-05-01T00:00:00.640000Z",
    "sequence": 8,
    "scenario_id": "scenario-545-momentum_ignition",
    "agent_id": "agent-momentum_ignition",
    "order_id": "scenario-545-momentum_ignition-agent-momentum_ignition-8",
    "action": "new",
    "side": "buy",
    "price": 65621.03219999999,
    "quantity": 0.08,
    "remaining_quantity": 0.08
  },
  {
    "event_id": "0cb39543b87d088680e7a25294b484a41cea048e1c520cd3a2bb9dbeaac78c96",
    "schema_version": "1.0.0",
    "event_type": "agent_order",
    "source": "synthetic_agent",
    "symbol": "BTCUSDT",
    "exchange": "binance_usdm",
    "timestamp": "2024-05-01T00:00:00.720000Z",
    "sequence": 9,
    "scenario_id": "scenario-545-momentum_ignition",
    "agent_id": "agent-momentum_ignition",
    "order_id": "scenario-545-momentum_ignition-agent-momentum_ignition-9",
    "action": "new",
    "side": "buy",
    "price": 65622.3431,
    "quantity": 0.08,
    "remaining_quantity": 0.08
  },
  {
    "event_id": "491fbf75f50e90e255ea2a6b27c4233bdb9f1af63519c67c7e3fa0d551b84d3c",
    "schema_version": "1.0.0",
    "event_type": "agent_order",
    "source": "synthetic_agent",
    "symbol": "BTCUSDT",
    "exchange": "binance_usdm",
    "timestamp": "2024-05-01T00:00:00.800000Z",
    "sequence": 10,
    "scenario_id": "scenario-545-momentum_ignition",
    "agent_id": "agent-momentum_ignition",
    "order_id": "scenario-545-momentum_ignition-agent-momentum_ignition-10",
    "action": "new",
    "side": "buy",
    "price": 65623.654,
    "quantity": 0.08,
    "remaining_quantity": 0.08
  },
  {
    "event_id": "e326d83e717f77feef2c6a8b93faf86c9d51ddb95a27d38ffffc3defbd877460",
    "schema_version": "1.0.0",
    "event_type": "agent_order",
    "source": "synthetic_agent",
    "symbol": "BTCUSDT",
    "exchange": "binance_usdm",
    "timestamp": "2024-05-01T00:00:00.880000Z",
    "sequence": 11,
    "scenario_id": "scenario-545-momentum_ignition",
    "agent_id": "agent-momentum_ignition",
    "order_id": "scenario-545-momentum_ignition-agent-momentum_ignition-11",
    "action": "new",
    "side": "buy",
    "price": 65624.9649,
    "quantity": 0.08,
    "remaining_quantity": 0.08
  },
  {
    "event_id": "26a51afbbcfd0657506b2345521400193350bfa1160af478e04e5a241e8db505",
    "schema_version": "1.0.0",
    "event_type": "agent_order",
    "source": "synthetic_agent",
    "symbol": "BTCUSDT",
    "exchange": "binance_usdm",
    "timestamp": "2024-05-01T00:00:00.960000Z",
    "sequence": 12,
    "scenario_id": "scenario-545-momentum_ignition",
    "agent_id": "agent-momentum_ignition",
    "order_id": "scenario-545-momentum_ignition-agent-momentum_ignition-12",
    "action": "new",
    "side": "buy",
    "price": 65626.27579999999,
    "quantity": 0.08,
    "remaining_quantity": 0.08
  },
  {
    "event_id": "ca44928bdc6e4e934f0a0628efdb952c9dc06142c24487d5e5709f962c1f2bf3",
    "schema_version": "1.0.0",
    "event_type": "agent_order",
    "source": "synthetic_agent",
    "symbol": "BTCUSDT",
    "exchange": "binance_usdm",
    "timestamp": "2024-05-01T00:00:01.040000Z",
    "sequence": 13,
    "scenario_id": "scenario-545-momentum_ignition",
    "agent_id": "agent-momentum_ignition",
    "order_id": "scenario-545-momentum_ignition-agent-momentum_ignition-13",
    "action": "new",
    "side": "buy",
    "price": 65627.58669999999,
    "quantity": 0.08,
    "remaining_quantity": 0.08
  },
  {
    "event_id": "9126be9ad3ef563b94f1a4ee17e1e10f1f2b8e0e7cb68a8df8d9c172701a1a3b",
    "schema_version": "1.0.0",
    "event_type": "agent_order",
    "source": "synthetic_agent",
    "symbol": "BTCUSDT",
    "exchange": "binance_usdm",
    "timestamp": "2024-05-01T00:00:01.120000Z",
    "sequence": 14,
    "scenario_id": "scenario-545-momentum_ignition",
    "agent_id": "agent-momentum_ignition",
    "order_id": "scenario-545-momentum_ignition-agent-momentum_ignition-14",
    "action": "new",
    "side": "buy",
    "price": 65628.8976,
    "quantity": 0.08,
    "remaining_quantity": 0.08
  },
  {
    "event_id": "f9b10cdc8d4bfbc002e5f71e13fe9860ffdf7a5092db071ae8be5d9f0fbc1205",
    "schema_version": "1.0.0",
    "event_type": "agent_order",
    "source": "synthetic_agent",
    "symbol": "BTCUSDT",
    "exchange": "binance_usdm",
    "timestamp": "2024-05-01T00:00:01.200000Z",
    "sequence": 15,
    "scenario_id": "scenario-545-momentum_ignition",
    "agent_id": "agent-momentum_ignition",
    "order_id": "scenario-545-momentum_ignition-agent-momentum_ignition-15",
    "action": "new",
    "side": "buy",
    "price": 65630.2085,
    "quantity": 0.08,
    "remaining_quantity": 0.08
  },
  {
    "event_id": "04228fab2e6e3e653c3bd6b85d37a23dc1c0f78c9591d7fef37ddcd01226cb1e",
    "schema_version": "1.0.0",
    "event_type": "agent_order",
    "source": "synthetic_agent",
    "symbol": "BTCUSDT",
    "exchange": "binance_usdm",
    "timestamp": "2024-05-01T00:00:01.280000Z",
    "sequence": 16,
    "scenario_id": "scenario-545-momentum_ignition",
    "agent_id": "agent-momentum_ignition",
    "order_id": "scenario-545-momentum_ignition-agent-momentum_ignition-16",
    "action": "new",
    "side": "buy",
    "price": 65631.5194,
    "quantity": 0.08,
    "remaining_quantity": 0.08
  },
  {
    "event_id": "a4315586741ffa8943ca87e4ee486036ea22271c86253fbb7e56b5c7257afd14",
    "schema_version": "1.0.0",
    "event_type": "agent_order",
    "source": "synthetic_agent",
    "symbol": "BTCUSDT",
    "exchange": "binance_usdm",
    "timestamp": "2024-05-01T00:00:01.360000Z",
    "sequence": 17,
    "scenario_id": "scenario-545-momentum_ignition",
    "agent_id": "agent-momentum_ignition",
    "order_id": "scenario-545-momentum_ignition-agent-momentum_ignition-17",
    "action": "new",
    "side": "buy",
    "price": 65632.83029999999,
    "quantity": 0.08,
    "remaining_quantity": 0.08
  },
  {
    "event_id": "e27d1df9a853545e593f76d96de9acc34c8da6cf86cc46764cd71c7d0883dd34",
    "schema_version": "1.0.0",
    "event_type": "agent_order",
    "source": "synthetic_agent",
    "symbol": "BTCUSDT",
    "exchange": "binance_usdm",
    "timestamp": "2024-05-01T00:00:01.440000Z",
    "sequence": 18,
    "scenario_id": "scenario-545-momentum_ignition",
    "agent_id": "agent-momentum_ignition",
    "order_id": "scenario-545-momentum_ignition-agent-momentum_ignition-18",
    "action": "new",
    "side": "buy",
    "price": 65634.14119999998,
    "quantity": 0.08,
    "remaining_quantity": 0.08
  },
  {
    "event_id": "8b0c76053481075b1c1f15ddc0d66a6657449461cf247db1a2bfab9adbd51321",
    "schema_version": "1.0.0",
    "event_type": "agent_order",
    "source": "synthetic_agent",
    "symbol": "BTCUSDT",
    "exchange": "binance_usdm",
    "timestamp": "2024-05-01T00:00:01.520000Z",
    "sequence": 19,
    "scenario_id": "scenario-545-momentum_ignition",
    "agent_id": "agent-momentum_ignition",
    "order_id": "scenario-545-momentum_ignition-agent-momentum_ignition-19",
    "action": "new",
    "side": "buy",
    "price": 65635.4521,
    "quantity": 0.08,
    "remaining_quantity": 0.08
  },
  {
    "event_id": "96fdaeb1052d0e31ccd6cd465876f2d234c62fa2400db1192d5449a3e6bef1f8",
    "schema_version": "1.0.0",
    "event_type": "agent_order",
    "source": "synthetic_agent",
    "symbol": "BTCUSDT",
    "exchange": "binance_usdm",
    "timestamp": "2024-05-01T00:00:01.600000Z",
    "sequence": 20,
    "scenario_id": "scenario-545-momentum_ignition",
    "agent_id": "agent-momentum_ignition",
    "order_id": "scenario-545-momentum_ignition-agent-momentum_ignition-20",
    "action": "new",
    "side": "buy",
    "price": 65636.76299999999,
    "quantity": 0.08,
    "remaining_quantity": 0.08
  },
  {
    "event_id": "985369ab58bba943c42b24b31c42c7d82dcebd1ee996154cfcbce7791baaa5b9",
    "schema_version": "1.0.0",
    "event_type": "agent_order",
    "source": "synthetic_agent",
    "symbol": "BTCUSDT",
    "exchange": "binance_usdm",
    "timestamp": "2024-05-01T00:00:01.680000Z",
    "sequence": 21,
    "scenario_id": "scenario-545-momentum_ignition",
    "agent_id": "agent-momentum_ignition",
    "order_id": "scenario-545-momentum_ignition-agent-momentum_ignition-21",
    "action": "new",
    "side": "buy",
    "price": 65638.0739,
    "quantity": 0.08,
    "remaining_quantity": 0.08
  },
  {
    "event_id": "8a20496d9966290adfbe9b58fd9ad2d710c10d90a67fcfd8c2e0064c8c77ac78",
    "schema_version": "1.0.0",
    "event_type": "agent_order",
    "source": "synthetic_agent",
    "symbol": "BTCUSDT",
    "exchange": "binance_usdm",
    "timestamp": "2024-05-01T00:00:01.760000Z",
    "sequence": 22,
    "scenario_id": "scenario-545-momentum_ignition",
    "agent_id": "agent-momentum_ignition",
    "order_id": "scenario-545-momentum_ignition-agent-momentum_ignition-22",
    "action": "new",
    "side": "buy",
    "price": 65639.38479999999,
    "quantity": 0.08,
    "remaining_quantity": 0.08
  },
  {
    "event_id": "4a2000a43ac453529d6e1650872adfcf136245d7351de4b9286dc4cdb65c2f90",
    "schema_version": "1.0.0",
    "event_type": "agent_order",
    "source": "synthetic_agent",
    "symbol": "BTCUSDT",
    "exchange": "binance_usdm",
    "timestamp": "2024-05-01T00:00:01.840000Z",
    "sequence": 23,
    "scenario_id": "scenario-545-momentum_ignition",
    "agent_id": "agent-momentum_ignition",
    "order_id": "scenario-545-momentum_ignition-agent-momentum_ignition-23",
    "action": "new",
    "side": "buy",
    "price": 65640.69569999998,
    "quantity": 0.08,
    "remaining_quantity": 0.08
  },
  {
    "event_id": "c83ee11854b03530b4b4f8bef3976f03c30f1cda62f2c9fd2e83b6698b2c730a",
    "schema_version": "1.0.0",
    "event_type": "agent_order",
    "source": "synthetic_agent",
    "symbol": "BTCUSDT",
    "exchange": "binance_usdm",
    "timestamp": "2024-05-01T00:00:01.920000Z",
    "sequence": 24,
    "scenario_id": "scenario-545-momentum_ignition",
    "agent_id": "agent-momentum_ignition",
    "order_id": "scenario-545-momentum_ignition-agent-momentum_ignition-24",
    "action": "new",
    "side": "buy",
    "price": 65642.0066,
    "quantity": 0.08,
    "remaining_quantity": 0.08
  },
  {
    "event_id": "5a1c18aac3d3a81b216c510cfc04f7f13dbaa6d5e91613bf8f60e10961fc1434",
    "schema_version": "1.0.0",
    "event_type": "agent_order",
    "source": "synthetic_agent",
    "symbol": "BTCUSDT",
    "exchange": "binance_usdm",
    "timestamp": "2024-05-01T00:00:02Z",
    "sequence": 25,
    "scenario_id": "scenario-545-momentum_ignition",
    "agent_id": "agent-momentum_ignition",
    "order_id": "scenario-545-momentum_ignition-agent-momentum_ignition-25",
    "action": "new",
    "side": "buy",
    "price": 65643.31749999999,
    "quantity": 0.08,
    "remaining_quantity": 0.08
  },
  {
    "event_id": "04719ac61a54519ad9c4beb2e9eb90e27f8d7be371510a855209c2d28c99a9a5",
    "schema_version": "1.0.0",
    "event_type": "agent_order",
    "source": "synthetic_agent",
    "symbol": "BTCUSDT",
    "exchange": "binance_usdm",
    "timestamp": "2024-05-01T00:00:02.080000Z",
    "sequence": 26,
    "scenario_id": "scenario-545-momentum_ignition",
    "agent_id": "agent-momentum_ignition",
    "order_id": "scenario-545-momentum_ignition-agent-momentum_ignition-26",
    "action": "new",
    "side": "buy",
    "price": 65644.6284,
    "quantity": 0.08,
    "remaining_quantity": 0.08
  },
  {
    "event_id": "628d32f20ab48282dba8434199a0d68a15b34bda1e2a4a35802c4894a0ef80a7",
    "schema_version": "1.0.0",
    "event_type": "agent_order",
    "source": "synthetic_agent",
    "symbol": "BTCUSDT",
    "exchange": "binance_usdm",
    "timestamp": "2024-05-01T00:00:02.160000Z",
    "sequence": 27,
    "scenario_id": "scenario-545-momentum_ignition",
    "agent_id": "agent-momentum_ignition",
    "order_id": "scenario-545-momentum_ignition-agent-momentum_ignition-27",
    "action": "new",
    "side": "buy",
    "price": 65645.9393,
    "quantity": 0.08,
    "remaining_quantity": 0.08
  },
  {
    "event_id": "2abed50f22c722eefc90028d9f88c92fe110896fe07d0e0a0d861ce7ed7bd540",
    "schema_version": "1.0.0",
    "event_type": "agent_order",
    "source": "synthetic_agent",
    "symbol": "BTCUSDT",
    "exchange": "binance_usdm",
    "timestamp": "2024-05-01T00:00:02.240000Z",
    "sequence": 28,
    "scenario_id": "scenario-545-momentum_ignition",
    "agent_id": "agent-momentum_ignition",
    "order_id": "scenario-545-momentum_ignition-agent-momentum_ignition-28",
    "action": "new",
    "side": "buy",
    "price": 65647.25019999998,
    "quantity": 0.08,
    "remaining_quantity": 0.08
  },
  {
    "event_id": "c1486340af0352d551f5b592b8f28b698e46920f73ab84509c3c7ae170238d68",
    "schema_version": "1.0.0",
    "event_type": "agent_order",
    "source": "synthetic_agent",
    "symbol": "BTCUSDT",
    "exchange": "binance_usdm",
    "timestamp": "2024-05-01T00:00:02.320000Z",
    "sequence": 29,
    "scenario_id": "scenario-545-momentum_ignition",
    "agent_id": "agent-momentum_ignition",
    "order_id": "scenario-545-momentum_ignition-agent-momentum_ignition-29",
    "action": "new",
    "side": "buy",
    "price": 65648.56109999999,
    "quantity": 0.08,
    "remaining_quantity": 0.08
  }
]