[
  {
    "event_id": "6c47d6ed2346fe58936f38ce7d434449c84971ce2a5bef5fd4cb33975c8e5b58",
    "schema_version": "1.0.0",
    "event_type": "agent_order",
    "source": "synthetic_agent",
    "symbol": "BTCUSDT",
    "exchange": "binance_usdm",
    "timestamp": "2024-05-01T00:00:00Z",
    "sequence": 0,
    "scenario_id": "scenario-488-latency_edge",
    "agent_id": "agent-latency_edge",
    "order_id": "scenario-488-latency_edge-agent-latency_edge-0",
    "action": "new",
    "side": "buy",
    "price": 65527.292799999996,
    "quantity": 0.006,
    "remaining_quantity": 0.006
  },
  {
    "event_id": "6077cf7c7f69cee658f25851181960e3464368caa770068ad28892f50180a1ae",
    "schema_version": "1.0.0",
    "event_type": "agent_order",
    "source": "synthetic_agent",
    "symbol": "BTCUSDT",
    "exchange": "binance_usdm",
    "timestamp": "2024-05-01T00:00:00.008000Z",
    "sequence": 1,
    "scenario_id": "scenario-488-latency_edge",
    "agent_id": "agent-latency_edge",
    "order_id": "scenario-488-latency_edge-agent-latency_edge-1",
    "action": "new",
    "side": "buy",
    "price": 65527.292799999996,
    "quantity": 0.006,
    "remaining_quantity": 0.006
  },
  {
    "event_id": "7c7fa72a1a20c42c11494b98fd6da8e42f6c0ce780a016bada2074f73ad8b44f",
    "schema_version": "1.0.0",
    "event_type": "agent_order",
    "source": "synthetic_agent",
    "symbol": "BTCUSDT",
    "exchange": "binance_usdm",
    "timestamp": "2024-05-01T00:00:00.016000Z",
    "sequence": 2,
    "scenario_id": "scenario-488-latency_edge",
    "agent_id": "agent-latency_edge",
    "order_id": "scenario-488-latency_edge-agent-latency_edge-2",
    "action": "new",
    "side": "sell",
    "price": 65448.7072,
    "quantity": 0.006,
    "remaining_quantity": 0.006
  },
  {
    "event_id": "7dd3d5ef038785973735f463cf94f71333cd05c2f061511a7bd5dabf443532ff",
    "schema_version": "1.0.0",
    "event_type": "agent_order",
    "source": "synthetic_agent",
    "symbol": "BTCUSDT",
    "exchange": "binance_usdm",
    "timestamp": "2024-05-01T00:00:00.024000Z",
    "sequence": 3,
    "scenario_id": "scenario-488-latency_edge",
    "agent_id": "agent-latency_edge",
    "order_id": "scenario-488-latency_edge-agent-latency_edge-3",
    "action": "new",
    "side": "sell",
    "price": 65448.7072,
    "quantity": 0.006,
    "remaining_quantity": 0.006
  },
  {
    "event_id": "d767e685c05d8a701497ae983166d26ca273434d572a741ca790bd28ebab11b6",
    "schema_version": "1.0.0",
    "event_type": "agent_order",
    "source": "synthetic_agent",
    "symbol": "BTCUSDT",
    "exchange": "binance_usdm",
    "timestamp": "2024-05-01T00:00:00.032000Z",
    "sequence": 4,
    "scenario_id": "scenario-488-latency_edge",
    "agent_id": "agent-latency_edge",
    "order_id": "scenario-488-latency_edge-agent-latency_edge-4",
    "action": "new",
    "side": "buy",
    "price": 65527.292799999996,
    "quantity": 0.006,
    "remaining_quantity": 0.006
  },
  {
    "event_id": "66112332945670f54bf695c19d88d3c6ae35295ffb0d4e0a7fda34541901466a",
    "schema_version": "1.0.0",
    "event_type": "agent_order",
    "source": "synthetic_agent",
    "symbol": "BTCUSDT",
    "exchange": "binance_usdm",
    "timestamp": "2024-05-01T00:00:00.040000Z",
    "sequence": 5,
    "scenario_id": "scenario-488-latency_edge",
    "agent_id": "agent-latency_edge",
    "order_id": "scenario-488-latency_edge-agent-latency_edge-5",
    "action": "new",
    "side": "buy",
    "price": 65527.292799999996,
    "quantity": 0.006,
    "remaining_quantity": 0.006
  },
  {
    "event_id": "b025b1d726be3d1b266fa377a5fbd5cca87969af68433a05423906794e61eda8",
    "schema_version": "1.0.0",
    "event_type": "agent_order",
    "source": "synthetic_agent",
    "symbol": "BTCUSDT",
    "exchange": "binance_usdm",
    "timestamp": "2024-05-01T00:00:00.048000Z",
    "sequence": 6,
    "scenario_id": "scenario-488-latency_edge",
    "agent_id": "agent-latency_edge",
    "order_id": "scenario-488-latency_edge-agent-latency_edge-6",
    "action": "new",
    "side": "sell",
    "price": 65448.7072,
    "quantity": 0.006,
    "remaining_quantity": 0.006
  },
  {
    "event_id": "57eea7431e8fdbea2712a1a575e25e07d059af02361c2b048f88a8d89fdcb29b",
    "schema_version": "1.0.0",
    "event_type": "agent_order",
    "source": "synthetic_agent",
    "symbol": "BTCUSDT",
    "exchange": "binance_usdm",
    "timestamp": "2024-05-01T00:00:00.056000Z",
    "sequence": 7,
    "scenario_id": "scenario-488-latency_edge",
    "agent_id": "agent-latency_edge",
    "order_id": "scenario-488-latency_edge-agent-latency_edge-7",
    "action": "new",
    "side": "sell",
    "price": 65448.7072,
    "quantity": 0.006,
    "remaining_quantity": 0.006
  },
  {
    "event_id": "4182b1f080d6e882655dcb17083d11f50f4dcde9a55428217fed93d77125d9d4",
    "schema_version": "1.0.0",
    "event_type": "agent_order",
    "source": "synthetic_agent",
    "symbol": "BTCUSDT",
    "exchange": "binance_usdm",
    "timestamp": "2024-05-01T00:00:00.064000Z",
    "sequence": 8,
    "scenario_id": "scenario-488-latency_edge",
    "agent_id": "agent-latency_edge",
    "order_id": "scenario-488-latency_edge-agent-latency_edge-8",
    "action": "new",
    "side": "buy",
    "price": 65527.292799999996,
    "quantity": 0.006,
    "remaining_quantity": 0.006
  },
  {
    "event_id": "0f4981715eff9ef94d55d829a2b53d971ba66721dfc429a86eeb4944be95503b",
    "schema_version": "1.0.0",
    "event_type": "agent_order",
    "source": "synthetic_agent",
    "symbol": "BTCUSDT",
    "exchange": "binance_usdm",
    "timestamp": "2024-05-01T00:00:00.072000Z",
    "sequence": 9,
    "scenario_id": "scenario-488-latency_edge",
    "agent_id": "agent-latency_edge",
    "order_id": "scenario-488-latency_edge-agent-latency_edge-9",
    "action": "new",
    "side": "buy",
    "price": 65527.292799999996,
    "quantity": 0.006,
    "remaining_quantity": 0.006
  },
  {
    "event_id": "b6b3dd28e996ceb7f44c59248ff9d284b1ae313d02ab6bad28dbce0a2c44280a",
    "schema_version": "1.0.0",
    "event_type": "agent_order",
    "source": "synthetic_agent",
    "symbol": "BTCUSDT",
    "exchange": "binance_usdm",
    "timestamp": "2024-05-01T00:00:00.080000Z",
    "sequence": 10,
    "scenario_id": "scenario-488-latency_edge",
    "agent_id": "agent-latency_edge",
    "order_id": "scenario-488-latency_edge-agent-latency_edge-10",
    "action": "new",
    "side": "sell",
    "price": 65448.7072,
    "quantity": 0.006,
    "remaining_quantity": 0.006
  },
  {
    "event_id": "a52a19a281444f3aa136f6e48d24b7ad2bc1dcaa0e2c75a20cca8d13a31d9fc4",
    "schema_version": "1.0.0",
    "event_type": "agent_order",
    "source": "synthetic_agent",
    "symbol": "BTCUSDT",
    "exchange": "binance_usdm",
    "timestamp": "2024-05-01T00:00:00.088000Z",
    "sequence": 11,
    "scenario_id": "scenario-488-latency_edge",
    "agent_id": "agent-latency_edge",
    "order_id": "scenario-488-latency_edge-agent-latency_edge-11",
    "action": "new",
    "side": "sell",
    "price": 65448.7072,
    "quantity": 0.006,
    "remaining_quantity": 0.006
  },
  {
    "event_id": "b93ba07270ca237508bb68a0fc2b2870a00441cf79b87a43d747efddb5145b46",
    "schema_version": "1.0.0",
    "event_type": "agent_order",
    "source": "synthetic_agent",
    "symbol": "BTCUSDT",
    "exchange": "binance_usdm",
    "timestamp": "2024-05-01T00:00:00.096000Z",
    "sequence": 12,
    "scenario_id": "scenario-488-latency_edge",
    "agent_id": "agent-latency_edge",
    "order_id": "scenario-488-latency_edge-agent-latency_edge-12",
    "action": "new",
    "side": "buy",
    "price": 65527.292799999996,
    "quantity": 0.006,
    "remaining_quantity": 0.006
  },
  {
    "event_id": "dfcf368d66c9e6d12cac56630be3b775dfb6ccddfc9f67e567ff7cedfcbf5f83",
    "schema_version": "1.0.0",
    "event_type": "agent_order",
    "source": "synthetic_agent",
    "symbol": "BTCUSDT",
    "exchange": "binance_usdm",
    "timestamp": "2024-05-01T00:00:00.104000Z",
    "sequence": 13,
    "scenario_id": "scenario-488-latency_edge",
    "agent_id": "agent-latency_edge",
    "order_id": "scenario-488-latency_edge-agent-latency_edge-13",
    "action": "new",
    "side": "buy",
    "price": 65527.292799999996,
    "quantity": 0.006,
    "remaining_quantity": 0.006
  },
  {
    "event_id": "f9682c45cb4adff2ffce7f07c4c153361aae579898def8b5a6e0601b1d8e5de7",
    "schema_version": "1.0.0",
    "event_type": "agent_order",
    "source": "synthetic_agent",
    "symbol": "BTCUSDT",
    "exchange": "binance_usdm",
    "timestamp": "2024-05-01T00:00:00.112000Z",
    "sequence": 14,
    "scenario_id": "scenario-488-latency_edge",
    "agent_id": "agent-latency_edge",
    "order_id": "scenario-488-latency_edge-agent-latency_edge-14",
    "action": "new",
    "side": "sell",
    "price": 65448.7072,
    "quantity": 0.006,
    "remaining_quantity": 0.006
  },
  {
    "event_id": "d7b1bf3554ddabe75007e4ad6100d97686f538e84d93b17156de4d28e86037a9",
    "schema_version": "1.0.0",
    "event_type": "agent_order",
    "source": "synthetic_agent",
    "symbol": "BTCUSDT",
    "exchange": "binance_usdm",
    "timestamp": "2024-05-01T00:00:00.120000Z",
    "sequence": 15,
    "scenario_id": "scenario-488-latency_edge",
    "agent_id": "agent-latency_edge",
    "order_id": "scenario-488-latency_edge-agent-latency_edge-15",
    "action": "new",
    "side": "sell",
    "price": 65448.7072,
    "quantity": 0.006,
    "remaining_quantity": 0.006
  },
  {
    "event_id": "1413c06f6d20863778ef0c236249c70ba51c35869b9f5222f18130e1822f4d60",
    "schema_version": "1.0.0",
    "event_type": "agent_order",
    "source": "synthetic_agent",
    "symbol": "BTCUSDT",
    "exchange": "binance_usdm",
    "timestamp": "2024-05-01T00:00:00.128000Z",
    "sequence": 16,
    "scenario_id": "scenario-488-latency_edge",
    "agent_id": "agent-latency_edge",
    "order_id": "scenario-488-latency_edge-agent-latency_edge-16",
    "action": "new",
    "side": "buy",
    "price": 65527.292799999996,
    "quantity": 0.006,
    "remaining_quantity": 0.006
  },
  {
    "event_id": "e568f79a967d210abd3c2c271b1b12b68617d79c6b072ee7e3df11fe6724786a",
    "schema_version": "1.0.0",
    "event_type": "agent_order",
    "source": "synthetic_agent",
    "symbol": "BTCUSDT",
    "exchange": "binance_usdm",
    "timestamp": "2024-05-01T00:00:00.136000Z",
    "sequence": 17,
    "scenario_id": "scenario-488-latency_edge",
    "agent_id": "agent-latency_edge",
    "order_id": "scenario-488-latency_edge-agent-latency_edge-17",
    "action": "new",
    "side": "buy",
    "price": 65527.292799999996,
    "quantity": 0.006,
    "remaining_quantity": 0.006
  },
  {
    "event_id": "84d3ae1e776b41830a58ff4e1f906e1fb9b6fd1e173838d2afd0fe1ba1b3d9a8",
    "schema_version": "1.0.0",
    "event_type": "agent_order",
    "source": "synthetic_agent",
    "symbol": "BTCUSDT",
    "exchange": "binance_usdm",
    "timestamp": "2024-05-01T00:00:00.144000Z",
    "sequence": 18,
    "scenario_id": "scenario-488-latency_edge",
    "agent_id": "agent-latency_edge",
    "order_id": "scenario-488-latency_edge-agent-latency_edge-18",
    "action": "new",
    "side": "sell",
    "price": 65448.7072,
    "quantity": 0.006,
    "remaining_quantity": 0.006
  },
  {
    "event_id": "863850f116b8a5191130dff84066a2e066199e6820be5cc5f1ba4b8af196a31f",
    "schema_version": "1.0.0",
    "event_type": "agent_order",
    "source": "synthetic_agent",
    "symbol": "BTCUSDT",
    "exchange": "binance_usdm",
    "timestamp": "2024-05-01T00:00:00.152000Z",
    "sequence": 19,
    "scenario_id": "scenario-488-latency_edge",
    "agent_id": "agent-latency_edge",
    "order_id": "scenario-488-latency_edge-agent-latency_edge-19",
    "action": "new",
    "side": "sell",
    "price": 65448.7072,
    "quantity": 0.006,
    "remaining_quantity": 0.006
  },
  {
    "event_id": "f114d78e7c2d9cca4c30d72c62a314b037b7e7e361bbb0c9907f2b57eac53667",
    "schema_version": "1.0.0",
    "event_type": "agent_order",
    "source": "synthetic_agent",
    "symbol": "BTCUSDT",
    "exchange": "binance_usdm",
    "timestamp": "2024-05-01T00:00:00.160000Z",
    "sequence": 20,
    "scenario_id": "scenario-488-latency_edge",
    "agent_id": "agent-latency_edge",
    "order_id": "scenario-488-latency_edge-agent-latency_edge-20",
    "action": "new",
    "side": "buy",
    "price": 65527.292799999996,
    "quantity": 0.006,
    "remaining_quantity": 0.006
  },
  {
    "event_id": "eb2afc391cddb4116a5c46e9ac4e501e36eea216d530dee5ef3fb49d5402a98f",
    "schema_version": "1.0.0",
    "event_type": "agent_order",
    "source": "synthetic_agent",
    "symbol": "BTCUSDT",
    "exchange": "binance_usdm",
    "timestamp": "2024-05-01T00:00:00.168000Z",
    "sequence": 21,
    "scenario_id": "scenario-488-latency_edge",
    "agent_id": "agent-latency_edge",
    "order_id": "scenario-488-latency_edge-agent-latency_edge-21",
    "action": "new",
    "side": "buy",
    "price": 65527.292799999996,
    "quantity": 0.006,
    "remaining_quantity": 0.006
  },
  {
    "event_id": "1230b9d78eb7de1f53bf40ecd37bf6d2442514a0fd5c0401d5203a49875ab306",
    "schema_version": "1.0.0",
    "event_type": "agent_order",
    "source": "synthetic_agent",
    "symbol": "BTCUSDT",
    "exchange": "binance_usdm",
    "timestamp": "2024-05-01T00:00:00.176000Z",
    "sequence": 22,
    "scenario_id": "scenario-488-latency_edge",
    "agent_id": "agent-latency_edge",
    "order_id": "scenario-488-latency_edge-agent-latency_edge-22",
    "action": "new",
    "side": "sell",
    "price": 65448.7072,
    "quantity": 0.006,
    "remaining_quantity": 0.006
  },
  {
    "event_id": "fc9d48e0cd4c936c1b42fbb328d0e0b3bb9cf7e59fb6375e1c5b50d652cb8a1e",
    "schema_version": "1.0.0",
    "event_type": "agent_order",
    "source": "synthetic_agent",
    "symbol": "BTCUSDT",
    "exchange": "binance_usdm",
    "timestamp": "2024-05-01T00:00:00.184000Z",
    "sequence": 23,
    "scenario_id": "scenario-488-latency_edge",
    "agent_id": "agent-latency_edge",
    "order_id": "scenario-488-latency_edge-agent-latency_edge-23",
    "action": "new",
    "side": "sell",
    "price": 65448.7072,
    "quantity": 0.006,
    "remaining_quantity": 0.006
  },
  {
    "event_id": "033f46a29dc599a8f24a9f0700c32bf54301ecf5b9d9ab0de35d213974a65077",
    "schema_version": "1.0.0",
    "event_type": "agent_order",
    "source": "synthetic_agent",
    "symbol": "BTCUSDT",
    "exchange": "binance_usdm",
    "timestamp": "2024-05-01T00:00:00.192000Z",
    "sequence": 24,
    "scenario_id": "scenario-488-latency_edge",
    "agent_id": "agent-latency_edge",
    "order_id": "scenario-488-latency_edge-agent-latency_edge-24",
    "action": "new",
    "side": "buy",
    "price": 65527.292799999996,
    "quantity": 0.006,
    "remaining_quantity": 0.006
  },
  {
    "event_id": "562089bfb999783600c1b3c1f4cb11a6e818380cb9272d2497076b955a495050",
    "schema_version": "1.0.0",
    "event_type": "agent_order",
    "source": "synthetic_agent",
    "symbol": "BTCUSDT",
    "exchange": "binance_usdm",
    "timestamp": "2024-05-01T00:00:00.200000Z",
    "sequence": 25,
    "scenario_id": "scenario-488-latency_edge",
    "agent_id": "agent-latency_edge",
    "order_id": "scenario-488-latency_edge-agent-latency_edge-25",
    "action": "new",
    "side": "buy",
    "price": 65527.292799999996,
    "quantity": 0.006,
    "remaining_quantity": 0.006
  },
  {
    "event_id": "ec5907561f4b9ba24b1ead9b811a1e307fe05e5d86cb93ee38d3f3c536b36340",
    "schema_version": "1.0.0",
    "event_type": "agent_order",
    "source": "synthetic_agent",
    "symbol": "BTCUSDT",
    "exchange": "binance_usdm",
    "timestamp": "2024-05-01T00:00:00.208000Z",
    "sequence": 26,
    "scenario_id": "scenario-488-latency_edge",
    "agent_id": "agent-latency_edge",
    "order_id": "scenario-488-latency_edge-agent-latency_edge-26",
    "action": "new",
    "side": "sell",
    "price": 65448.7072,
    "quantity": 0.006,
    "remaining_quantity": 0.006
  },
  {
    "event_id": "8bd705b6a0c282acbb43cb678e79b766f503c13cdede78ff1e4525ebbfc1c461",
    "schema_version": "1.0.0",
    "event_type": "agent_order",
    "source": "synthetic_agent",
    "symbol": "BTCUSDT",
    "exchange": "binance_usdm",
    "timestamp": "2024-05-01T00:00:00.216000Z",
    "sequence": 27,
    "scenario_id": "scenario-488-latency_edge",
    "agent_id": "agent-latency_edge",
    "order_id": "scenario-488-latency_edge-agent-latency_edge-27",
    "action": "new",
    "side": "sell",
    "price": 65448.7072,
    "quantity": 0.006,
    "remaining_quantity": 0.006
  },
  {
    "event_id": "0abc5abfda7674b104a6c8638e4b653ab1103f160d924d1cc44190e0ac9f2d41",
    "schema_version": "1.0.0",
    "event_type": "agent_order",
    "source": "synthetic_agent",
    "symbol": "BTCUSDT",
    "exchange": "binance_usdm",
    "timestamp": "2024-05-01T00:00:00.224000Z",
    "sequence": 28,
    "scenario_id": "scenario-488-latency_edge",
    "agent_id": "agent-latency_edge",
    "order_id": "scenario-488-latency_edge-agent-latency_edge-28",
    "action": "new",
    "side": "buy",
    "price": 65527.292799999996,
    "quantity": 0.006,
    "remaining_quantity": 0.006
  },
  {
    "event_id": "72034fae6471f8a5e942edc3954304043d4eee9377ab3657e6a7bc3e9b96ca8d",
    "schema_version": "1.0.0",
    "event_type": "agent_order",
    "source": "synthetic_agent",
    "symbol": "BTCUSDT",
    "exchange": "binance_usdm",
    "timestamp": "2024-05-01T00:00:00.232000Z",
    "sequence": 29,
    "scenario_id": "scenario-488-latency_edge",
    "agent_id": "agent-latency_edge",
    "order_id": "scenario-488-latency_edge-agent-latency_edge-29",
    "action": "new",
    "side": "buy",
    "price": 65527.292799999996,
    "quantity": 0.006,
    "remaining_quantity": 0.006
  }
]