[
  {
    "event_id": "a7ee2d5fc3e8115b3c511f0675a1c4f33930a84fa896371a04601b5b9ef1336f",
    "schema_version": "1.0.0",
    "event_type": "agent_order",
    "source": "synthetic_agent",
    "symbol": "BTCUSDT",
    "exchange": "binance_usdm",
    "timestamp": "2024-05-01T00:00:00Z",
    "sequence": 0,
    "scenario_id": "scenario-010-runaway_inventory",
    "agent_id": "agent-runaway_inventory",
    "order_id": "scenario-010-runaway_inventory-agent-runaway_inventory-0",
    "action": "new",
    "side": "buy",
    "price": 65010.0,
    "quantity": 0.01,
    "remaining_quantity": 0.01
  },
  {
    "event_id": "f4736969111e7449e8312ee0c471dbad7ed663c4b8a170fb6c017350f18d7d57",
    "schema_version": "1.0.0",
    "event_type": "agent_order",
    "source": "synthetic_agent",
    "symbol": "BTCUSDT",
    "exchange": "binance_usdm",
    "timestamp": "2024-05-01T00:00:00.070000Z",
    "sequence": 1,
    "scenario_id": "scenario-010-runaway_inventory",
    "agent_id": "agent-runaway_inventory",
    "order_id": "scenario-010-runaway_inventory-agent-runaway_inventory-1",
    "action": "new",
    "side": "buy",
    "price": 65011.9503,
    "quantity": 0.012,
    "remaining_quantity": 0.012
  },
  {
    "event_id": "7584e7c98249057628f1cc9bc15a9403dd6f397e603e844e6d7ad0b314a4c73d",
    "schema_version": "1.0.0",
    "event_type": "agent_order",
    "source": "synthetic_agent",
    "symbol": "BTCUSDT",
    "exchange": "binance_usdm",
    "timestamp": "2024-05-01T00:00:00.140000Z",
    "sequence": 2,
    "scenario_id": "scenario-010-runaway_inventory",
    "agent_id": "agent-runaway_inventory",
    "order_id": "scenario-010-runaway_inventory-agent-runaway_inventory-2",
    "action": "new",
    "side": "buy",
    "price": 65013.90059999999,
    "quantity": 0.014,
    "remaining_quantity": 0.014
  },
  {
    "event_id": "31d4c6762ea5ddebe15ee76c79d4a1eb39d71a6a39703628a1619436f0605977",
    "schema_version": "1.0.0",
    "event_type": "agent_order",
    "source": "synthetic_agent",
    "symbol": "BTCUSDT",
    "exchange": "binance_usdm",
    "timestamp": "2024-05-01T00:00:00.210000Z",
    "sequence": 3,
    "scenario_id": "scenario-010-runaway_inventory",
    "agent_id": "agent-runaway_inventory",
    "order_id": "scenario-010-runaway_inventory-agent-runaway_inventory-3",
    "action": "new",
    "side": "buy",
    "price": 65015.8509,
    "quantity": 0.016,
    "remaining_quantity": 0.016
  },
  {
    "event_id": "8f82803eb0d48c74eaa39780f9f8d0cec56d97f4e0ccc18030094e26866cdc80",
    "schema_version": "1.0.0",
    "event_type": "agent_order",
    "source": "synthetic_agent",
    "symbol": "BTCUSDT",
    "exchange": "binance_usdm",
    "timestamp": "2024-05-01T00:00:00.280000Z",
    "sequence": 4,
    "scenario_id": "scenario-010-runaway_inventory",
    "agent_id": "agent-runaway_inventory",
    "order_id": "scenario-010-runaway_inventory-agent-runaway_inventory-4",
    "action": "new",
    "side": "buy",
    "price": 65017.801199999994,
    "quantity": 0.018000000000000002,
    "remaining_quantity": 0.018000000000000002
  },
  {
    "event_id": "854f392925797495696c4166dc20c91d0e820bdb82c2f536ff1092dcf153e863",
    "schema_version": "1.0.0",
    "event_type": "agent_order",
    "source": "synthetic_agent",
    "symbol": "BTCUSDT",
    "exchange": "binance_usdm",
    "timestamp": "2024-05-01T00:00:00.350000Z",
    "sequence": 5,
    "scenario_id": "scenario-010-runaway_inventory",
    "agent_id": "agent-runaway_inventory",
    "order_id": "scenario-010-runaway_inventory-agent-runaway_inventory-5",
    "action": "new",
    "side": "buy",
    "price": 65019.751500000006,
    "quantity": 0.02,
    "remaining_quantity": 0.02
  },
  {
    "event_id": "d203d07cc302ded20943e5d695fcdf135d16675c6c775c4865a9849b653a57bb",
    "schema_version": "1.0.0",
    "event_type": "agent_order",
    "source": "synthetic_agent",
    "symbol": "BTCUSDT",
    "exchange": "binance_usdm",
    "timestamp": "2024-05-01T00:00:00.420000Z",
    "sequence": 6,
    "scenario_id": "scenario-010-runaway_inventory",
    "agent_id": "agent-runaway_inventory",
    "order_id": "scenario-010-runaway_inventory-agent-runaway_inventory-6",
    "action": "new",
    "side": "buy",
    "price": 65021.7018,
    "quantity": 0.022,
    "remaining_quantity": 0.022
  },
  {
    "event_id": "5e4f1f3b8718ede8bd6928eca3df0a0fffc8961c7c4a6c5b8a5b30d6ba14d5cc",
    "schema_version": "1.0.0",
    "event_type": "agent_order",
    "source": "synthetic_agent",
    "symbol": "BTCUSDT",
    "exchange": "binance_usdm",
    "timestamp": "2024-05-01T00:00:00.490000Z",
    "sequence": 7,
    "scenario_id": "scenario-010-runaway_inventory",
    "agent_id": "agent-runaway_inventory",
    "order_id": "scenario-010-runaway_inventory-agent-runaway_inventory-7",
    "action": "new",
    "side": "buy",
    "price": 65023.6521,
    "quantity": 0.024,
    "remaining_quantity": 0.024
  },
  {
    "event_id": "6b21489190c4d4a43773781e691ce192d5fd54d8853a6d8c55388c6a0e92a549",
    "schema_version": "1.0.0",
    "event_type": "agent_order",
    "source": "synthetic_agent",
    "symbol": "BTCUSDT",
    "exchange": "binance_usdm",
    "timestamp": "2024-05-01T00:00:00.560000Z",
    "sequence": 8,
    "scenario_id": "scenario-010-runaway_inventory",
    "agent_id": "agent-runaway_inventory",
    "order_id": "scenario-010-runaway_inventory-agent-runaway_inventory-8",
    "action": "new",
    "side": "buy",
    "price": 65025.6024,
    "quantity": 0.026000000000000002,
    "remaining_quantity": 0.026000000000000002
  },
  {
    "event_id": "ec4c7e109d4691ca2d6c50f9150390de0f05cb89763b3c09d96ed46db725a304",
    "schema_version": "1.0.0",
    "event_type": "agent_order",
    "source": "synthetic_agent",
    "symbol": "BTCUSDT",
    "exchange": "binance_usdm",
    "timestamp": "2024-05-01T00:00:00.630000Z",
    "sequence": 9,
    "scenario_id": "scenario-010-runaway_inventory",
    "agent_id": "agent-runaway_inventory",
    "order_id": "scenario-010-runaway_inventory-agent-runaway_inventory-9",
    "action": "new",
    "side": "buy",
    "price": 65027.5527,
    "quantity": 0.028000000000000004,
    "remaining_quantity": 0.028000000000000004
  },
  {
    "event_id": "16f9be4bfa02e2a7518b653c7db6a350de1b4a1a1dd7ca754e0ea7816aedbcaf",
    "schema_version": "1.0.0",
    "event_type": "agent_order",
    "source": "synthetic_agent",
    "symbol": "BTCUSDT",
    "exchange": "binance_usdm",
    "timestamp": "2024-05-01T00:00:00.700000Z",
    "sequence": 10,
    "scenario_id": "scenario-010-runaway_inventory",
    "agent_id": "agent-runaway_inventory",
    "order_id": "scenario-010-runaway_inventory-agent-runaway_inventory-10",
    "action": "new",
    "side": "buy",
    "price": 65029.503,
    "quantity": 0.03,
    "remaining_quantity": 0.03
  },
  {
    "event_id": "c96b5e6c6d65f0dbe143b8e1d7c56712f4e91ba24e4f06780a99db517a6871fe",
    "schema_version": "1.0.0",
    "event_type": "agent_order",
    "source": "synthetic_agent",
    "symbol": "BTCUSDT",
    "exchange": "binance_usdm",
    "timestamp": "2024-05-01T00:00:00.770000Z",
    "sequence": 11,
    "scenario_id": "scenario-010-runaway_inventory",
    "agent_id": "agent-runaway_inventory",
    "order_id": "scenario-010-runaway_inventory-agent-runaway_inventory-11",
    "action": "new",
    "side": "buy",
    "price": 65031.453299999994,
    "quantity": 0.032,
    "remaining_quantity": 0.032
  },
  {
    "event_id": "458ae8b1e000557f03470184bce711af20daea464c5766f8512d15b7f647e30f",
    "schema_version": "1.0.0",
    "event_type": "agent_order",
    "source": "synthetic_agent",
    "symbol": "BTCUSDT",
    "exchange": "binance_usdm",
    "timestamp": "2024-05-01T00:00:00.840000Z",
    "sequence": 12,
    "scenario_id": "scenario-010-runaway_inventory",
    "agent_id": "agent-runaway_inventory",
    "order_id": "scenario-010-runaway_inventory-agent-runaway_inventory-12",
    "action": "new",
    "side": "buy",
    "price": 65033.4036,
    "quantity": 0.034,
    "remaining_quantity": 0.034
  },
  {
    "event_id": "f8a583aada50ec97c9b1cdb59fd3215d12f12c5bab2f48cef1e17ef374878ec3",
    "schema_version": "1.0.0",
    "event_type": "agent_order",
    "source": "synthetic_agent",
    "symbol": "BTCUSDT",
    "exchange": "binance_usdm",
    "timestamp": "2024-05-01T00:00:00.910000Z",
    "sequence": 13,
    "scenario_id": "scenario-010-runaway_inventory",
    "agent_id": "agent-runaway_inventory",
    "order_id": "scenario-010-runaway_inventory-agent-runaway_inventory-13",
    "action": "new",
    "side": "buy",
    "price": 65035.353899999995,
    "quantity": 0.036000000000000004,
    "remaining_quantity": 0.036000000000000004
  },
  {
    "event_id": "52a6d6d2970a1c6a6fcf468b41988b22f062347b0005bf174d24ee22c7f962cd",
    "schema_version": "1.0.0",
    "event_type": "agent_order",
    "source": "synthetic_agent",
    "symbol": "BTCUSDT",
    "exchange": "binance_usdm",
    "timestamp": "2024-05-01T00:00:00.980000Z",
    "sequence": 14,
    "scenario_id": "scenario-010-runaway_inventory",
    "agent_id": "agent-runaway_inventory",
    "order_id": "scenario-010-runaway_inventory-agent-runaway_inventory-14",
    "action": "new",
    "side": "buy",
    "price": 65037.304200000006,
    "quantity": 0.038,
    "remaining_quantity": 0.038
  },
  {
    "event_id": "bb0cb39b886efc700f50d171083bfb728af1932812aa7aafe1eefc0636ab3e45",
    "schema_version": "1.0.0",
    "event_type": "agent_order",
    "source": "synthetic_agent",
    "symbol": "BTCUSDT",
    "exchange": "binance_usdm",
    "timestamp": "2024-05-01T00:00:01.050000Z",
    "sequence": 15,
    "scenario_id": "scenario-010-runaway_inventory",
    "agent_id": "agent-runaway_inventory",
    "order_id": "scenario-010-runaway_inventory-agent-runaway_inventory-15",
    "action": "new",
    "side": "buy",
    "price": 65039.2545,
    "quantity": 0.04,
    "remaining_quantity": 0.04
  },
  {
    "event_id": "d95fc449399d88f174d54beb2fd64dc30a6aba2feb05c17bdc430446f281d96f",
    "schema_version": "1.0.0",
    "event_type": "agent_order",
    "source": "synthetic_agent",
    "symbol": "BTCUSDT",
    "exchange": "binance_usdm",
    "timestamp": "2024-05-01T00:00:01.120000Z",
    "sequence": 16,
    "scenario_id": "scenario-010-runaway_inventory",
    "agent_id": "agent-runaway_inventory",
    "order_id": "scenario-010-runaway_inventory-agent-runaway_inventory-16",
    "action": "new",
    "side": "buy",
    "price": 65041.2048,
    "quantity": 0.042,
    "remaining_quantity": 0.042
  },
  {
    "event_id": "f560dbbba697823c97bd6fd6ac3c2b1c934174e90dddb4ce1cd8d764d384659e",
    "schema_version": "1.0.0",
    "event_type": "agent_order",
    "source": "synthetic_agent",
    "symbol": "BTCUSDT",
    "exchange": "binance_usdm",
    "timestamp": "2024-05-01T00:00:01.190000Z",
    "sequence": 17,
    "scenario_id": "scenario-010-runaway_inventory",
    "agent_id": "agent-runaway_inventory",
    "order_id": "scenario-010-runaway_inventory-agent-runaway_inventory-17",
    "action": "new",
    "side": "buy",
    "price": 65043.1551,
    "quantity": 0.044000000000000004,
    "remaining_quantity": 0.044000000000000004
  },
  {
    "event_id": "988004e7099a47620648f3d3e3536462ee1f969c6152c8eaecdf15b66c4c7a4b",
    "schema_version": "1.0.0",
    "event_type": "agent_order",
    "source": "synthetic_agent",
    "symbol": "BTCUSDT",
    "exchange": "binance_usdm",
    "timestamp": "2024-05-01T00:00:01.260000Z",
    "sequence": 18,
    "scenario_id": "scenario-010-runaway_inventory",
    "agent_id": "agent-runaway_inventory",
    "order_id": "scenario-010-runaway_inventory-agent-runaway_inventory-18",
    "action": "new",
    "side": "buy",
    "price": 65045.1054,
    "quantity": 0.046000000000000006,
    "remaining_quantity": 0.046000000000000006
  },
  {
    "event_id": "5a13c96a75d719845bdbad1941354f35d2c9208ef0d8fa1b2c11912974046cef",
    "schema_version": "1.0.0",
    "event_type": "agent_order",
    "source": "synthetic_agent",
    "symbol": "BTCUSDT",
    "exchange": "binance_usdm",
    "timestamp": "2024-05-01T00:00:01.330000Z",
    "sequence": 19,
    "scenario_id": "scenario-010-runaway_inventory",
    "agent_id": "agent-runaway_inventory",
    "order_id": "scenario-010-runaway_inventory-agent-runaway_inventory-19",
    "action": "new",
    "side": "buy",
    "price": 65047.0557,
    "quantity": 0.048,
    "remaining_quantity": 0.048
  },
  {
    "event_id": "3cb9ca07d2a449ae46a5b186670924314768e3c7be7f97a54b5f70e2683b8be4",
    "schema_version": "1.0.0",
    "event_type": "agent_order",
    "source": "synthetic_agent",
    "symbol": "BTCUSDT",
    "exchange": "binance_usdm",
    "timestamp": "2024-05-01T00:00:01.400000Z",
    "sequence": 20,
    "scenario_id": "scenario-010-runaway_inventory",
    "agent_id": "agent-runaway_inventory",
    "order_id": "scenario-010-runaway_inventory-agent-runaway_inventory-20",
    "action": "new",
    "side": "buy",
    "price": 65049.005999999994,
    "quantity": 0.05,
    "remaining_quantity": 0.05
  },
  {
    "event_id": "c2820bd90b56fb5f7e721e9de93bdde23f1acef7c7e2dd4cd7f5bbd61f482fcc",
    "schema_version": "1.0.0",
    "event_type": "agent_order",
    "source": "synthetic_agent",
    "symbol": "BTCUSDT",
    "exchange": "binance_usdm",
    "timestamp": "2024-05-01T00:00:01.470000Z",
    "sequence": 21,
    "scenario_id": "scenario-010-runaway_inventory",
    "agent_id": "agent-runaway_inventory",
    "order_id": "scenario-010-runaway_inventory-agent-runaway_inventory-21",
    "action": "new",
    "side": "buy",
    "price": 65050.95629999999,
    "quantity": 0.052000000000000005,
    "remaining_quantity": 0.052000000000000005
  },
  {
    "event_id": "9ba63f60020b672f763794a75ab1c9d8ac44a2c9f6e9453509da43f6b3075dab",
    "schema_version": "1.0.0",
    "event_type": "agent_order",
    "source": "synthetic_agent",
    "symbol": "BTCUSDT",
    "exchange": "binance_usdm",
    "timestamp": "2024-05-01T00:00:01.540000Z",
    "sequence": 22,
    "scenario_id": "scenario-010-runaway_inventory",
    "agent_id": "agent-runaway_inventory",
    "order_id": "scenario-010-runaway_inventory-agent-runaway_inventory-22",
    "action": "new",
    "side": "buy",
    "price": 65052.90660000001,
    "quantity": 0.054,
    "remaining_quantity": 0.054
  },
  {
    "event_id": "7c695c15bed878e1a3205b983a5bb2c3156d6bd90a5abefff152b42011bdec37",
    "schema_version": "1.0.0",
    "event_type": "agent_order",
    "source": "synthetic_agent",
    "symbol": "BTCUSDT",
    "exchange": "binance_usdm",
    "timestamp": "2024-05-01T00:00:01.610000Z",
    "sequence": 23,
    "scenario_id": "scenario-010-runaway_inventory",
    "agent_id": "agent-runaway_inventory",
    "order_id": "scenario-010-runaway_inventory-agent-runaway_inventory-23",
    "action": "new",
    "side": "buy",
    "price": 65054.856900000006,
    "quantity": 0.056,
    "remaining_quantity": 0.056
  },
  {
    "event_id": "02bc8b95d15f246102d9e082856609aabb5a5a72b62035fd53a4c232feec2428",
    "schema_version": "1.0.0",
    "event_type": "agent_order",
    "source": "synthetic_agent",
    "symbol": "BTCUSDT",
    "exchange": "binance_usdm",
    "timestamp": "2024-05-01T00:00:01.680000Z",
    "sequence": 24,
    "scenario_id": "scenario-010-runaway_inventory",
    "agent_id": "agent-runaway_inventory",
    "order_id": "scenario-010-runaway_inventory-agent-runaway_inventory-24",
    "action": "new",
    "side": "buy",
    "price": 65056.8072,
    "quantity": 0.058,
    "remaining_quantity": 0.058
  },
  {
    "event_id": "21155181acfb79ae99f40cfd8a11b4fd77f3aac433683cc98226e7a16da35d0d",
    "schema_version": "1.0.0",
    "event_type": "agent_order",
    "source": "synthetic_agent",
    "symbol": "BTCUSDT",
    "exchange": "binance_usdm",
    "timestamp": "2024-05-01T00:00:01.750000Z",
    "sequence": 25,
    "scenario_id": "scenario-010-runaway_inventory",
    "agent_id": "agent-runaway_inventory",
    "order_id": "scenario-010-runaway_inventory-agent-runaway_inventory-25",
    "action": "new",
    "side": "buy",
    "price": 65058.7575,
    "quantity": 0.060000000000000005,
    "remaining_quantity": 0.060000000000000005
  },
  {
    "event_id": "90fbfacd5a3f922e86fe6ef3aa826cfcf33cb006b273d01b1b3a6158c823e755",
    "schema_version": "1.0.0",
    "event_type": "agent_order",
    "source": "synthetic_agent",
    "symbol": "BTCUSDT",
    "exchange": "binance_usdm",
    "timestamp": "2024-05-01T00:00:01.820000Z",
    "sequence": 26,
    "scenario_id": "scenario-010-runaway_inventory",
    "agent_id": "agent-runaway_inventory",
    "order_id": "scenario-010-runaway_inventory-agent-runaway_inventory-26",
    "action": "new",
    "side": "buy",
    "price": 65060.707800000004,
    "quantity": 0.062000000000000006,
    "remaining_quantity": 0.062000000000000006
  },
  {
    "event_id": "bf164eda9b14f52d9b4c1da2645c684c80f73ebdd34702bfc889f39711061076",
    "schema_version": "1.0.0",
    "event_type": "agent_order",
    "source": "synthetic_agent",
    "symbol": "BTCUSDT",
    "exchange": "binance_usdm",
    "timestamp": "2024-05-01T00:00:01.890000Z",
    "sequence": 27,
    "scenario_id": "scenario-010-runaway_inventory",
    "agent_id": "agent-runaway_inventory",
    "order_id": "scenario-010-runaway_inventory-agent-runaway_inventory-27",
    "action": "new",
    "side": "buy",
    "price": 65062.6581,
    "quantity": 0.064,
    "remaining_quantity": 0.064
  },
  {
    "event_id": "48bb8b15cc3ee82f1bbb055a76ba8ba9939409a49edb71450e8968df275031c8",
    "schema_version": "1.0.0",
    "event_type": "agent_order",
    "source": "synthetic_agent",
    "symbol": "BTCUSDT",
    "exchange": "binance_usdm",
    "timestamp": "2024-05-01T00:00:01.960000Z",
    "sequence": 28,
    "scenario_id": "scenario-010-runaway_inventory",
    "agent_id": "agent-runaway_inventory",
    "order_id": "scenario-010-runaway_inventory-agent-runaway_inventory-28",
    "action": "new",
    "side": "buy",
    "price": 65064.6084,
    "quantity": 0.066,
    "remaining_quantity": 0.066
  },
  {
    "event_id": "6dc0cb469aed94f9d1b293328c9ca50873f4fb6636fa8c87a7290fd719864299",
    "schema_version": "1.0.0",
    "event_type": "agent_order",
    "source": "synthetic_agent",
    "symbol": "BTCUSDT",
    "exchange": "binance_usdm",
    "timestamp": "2024-05-01T00:00:02.030000Z",
    "sequence": 29,
    "scenario_id": "scenario-010-runaway_inventory",
    "agent_id": "agent-runaway_inventory",
    "order_id": "scenario-010-runaway_inventory-agent-runaway_inventory-29",
    "action": "new",
    "side": "buy",
    "price": 65066.558699999994,
    "quantity": 0.068,
    "remaining_quantity": 0.068
  }
]