[
  {
    "event_id": "0366dfe040484b7f9d5b1392c420807d6b06361654894f91dc0a6f464b13adda",
    "schema_version": "1.0.0",
    "event_type": "agent_order",
    "source": "synthetic_agent",
    "symbol": "BTCUSDT",
    "exchange": "binance_usdm",
    "timestamp": "2024-05-01T00:00:00Z",
    "sequence": 0,
    "scenario_id": "scenario-216-passive_market_maker",
    "agent_id": "agent-passive_market_maker",
    "order_id": "scenario-216-passive_market_maker-agent-passive_market_maker-0",
    "action": "new",
    "side": "buy",
    "price": 65150.784,
    "quantity": 0.01,
    "remaining_quantity": 0.01
  },
  {
    "event_id": "813f0b59209244c4f2a59d91e46d7282367e98420b6b1ce75dfe4e989af20fb5",
    "schema_version": "1.0.0",
    "event_type": "agent_order",
    "source": "synthetic_agent",
    "symbol": "BTCUSDT",
    "exchange": "binance_usdm",
    "timestamp": "2024-05-01T00:00:00.100000Z",
    "sequence": 1,
    "scenario_id": "scenario-216-passive_market_maker",
    "agent_id": "agent-passive_market_maker",
    "order_id": "scenario-216-passive_market_maker-agent-passive_market_maker-1",
    "action": "new",
    "side": "sell",
    "price": 65281.21599999999,
    "quantity": 0.01,
    "remaining_quantity": 0.01
  },
  {
    "event_id": "6b8ecd3176488210e1620216b06ce831da5d1cb081da125b91af708a683d45e6",
    "schema_version": "1.0.0",
    "event_type": "agent_order",
    "source": "synthetic_agent",
    "symbol": "BTCUSDT",
    "exchange": "binance_usdm",
    "timestamp": "2024-05-01T00:00:00.200000Z",
    "sequence": 2,
    "scenario_id": "scenario-216-passive_market_maker",
    "agent_id": "agent-passive_market_maker",
    "order_id": "scenario-216-passive_market_maker-agent-passive_market_maker-2",
    "action": "new",
    "side": "buy",
    "price": 65150.784,
    "quantity": 0.01,
    "remaining_quantity": 0.01
  },
  {
    "event_id": "2b90d318fff1a0fedeeedb7e32bbceab36d0011a1d7ef2312c103fb4a2088299",
    "schema_version": "1.0.0",
    "event_type": "agent_order",
    "source": "synthetic_agent",
    "symbol": "BTCUSDT",
    "exchange": "binance_usdm",
    "timestamp": "2024-05-01T00:00:00.300000Z",
    "sequence": 3,
    "scenario_id": "scenario-216-passive_market_maker",
    "agent_id": "agent-passive_market_maker",
    "order_id": "scenario-216-passive_market_maker-agent-passive_market_maker-3",
    "action": "new",
    "side": "sell",
    "price": 65281.21599999999,
    "quantity": 0.01,
    "remaining_quantity": 0.01
  },
  {
    "event_id": "d6ff8c11d3c2712ccdc7c71225aa293ba8164f0cb7d0db11fde61f59143900ac",
    "schema_version": "1.0.0",
    "event_type": "agent_order",
    "source": "synthetic_agent",
    "symbol": "BTCUSDT",
    "exchange": "binance_usdm",
    "timestamp": "2024-05-01T00:00:00.400000Z",
    "sequence": 4,
    "scenario_id": "scenario-216-passive_market_maker",
    "agent_id": "agent-passive_market_maker",
    "order_id": "scenario-216-passive_market_maker-agent-passive_market_maker-4",
    "action": "new",
    "side": "buy",
    "price": 65150.784,
    "quantity": 0.01,
    "remaining_quantity": 0.01
  },
  {
    "event_id": "bbb3a4ed88617d9eb386c484d70275447076f09a35e4d2ba97b3dcfbce293664",
    "schema_version": "1.0.0",
    "event_type": "agent_order",
    "source": "synthetic_agent",
    "symbol": "BTCUSDT",
    "exchange": "binance_usdm",
    "timestamp": "2024-05-01T00:00:00.500000Z",
    "sequence": 5,
    "scenario_id": "scenario-216-passive_market_maker",
    "agent_id": "agent-passive_market_maker",
    "order_id": "scenario-216-passive_market_maker-agent-passive_market_maker-5",
    "action": "new",
    "side": "sell",
    "price": 65281.21599999999,
    "quantity": 0.01,
    "remaining_quantity": 0.01
  },
  {
    "event_id": "4c93eef4a8acab7dac58eaab8494c57162db2ad8a05acaded0488beaa9261a0a",
    "schema_version": "1.0.0",
    "event_type": "agent_order",
    "source": "synthetic_agent",
    "symbol": "BTCUSDT",
    "exchange": "binance_usdm",
    "timestamp": "2024-05-01T00:00:00.600000Z",
    "sequence": 6,
    "scenario_id": "scenario-216-passive_market_maker",
    "agent_id": "agent-passive_market_maker",
    "order_id": "scenario-216-passive_market_maker-agent-passive_market_maker-6",
    "action": "new",
    "side": "buy",
    "price": 65150.784,
    "quantity": 0.01,
    "remaining_quantity": 0.01
  },
  {
    "event_id": "6c6790b739e0310a7dbd95012460addef26f51b4c2245c2838359acf3ebe0343",
    "schema_version": "1.0.0",
    "event_type": "agent_order",
    "source": "synthetic_agent",
    "symbol": "BTCUSDT",
    "exchange": "binance_usdm",
    "timestamp": "2024-05-01T00:00:00.700000Z",
    "sequence": 7,
    "scenario_id": "scenario-216-passive_market_maker",
    "agent_id": "agent-passive_market_maker",
    "order_id": "scenario-216-passive_market_maker-agent-passive_market_maker-7",
    "action": "new",
    "side": "sell",
    "price": 65281.21599999999,
    "quantity": 0.01,
    "remaining_quantity": 0.01
  },
  {
    "event_id": "b7544ac89e27aa89a6249e14335d263ae1b6ac7aa138f21e6e41c3ee439bb55a",
    "schema_version": "1.0.0",
    "event_type": "agent_order",
    "source": "synthetic_agent",
    "symbol": "BTCUSDT",
    "exchange": "binance_usdm",
    "timestamp": "2024-05-01T00:00:00.800000Z",
    "sequence": 8,
    "scenario_id": "scenario-216-passive_market_maker",
    "agent_id": "agent-passive_market_maker",
    "order_id": "scenario-216-passive_market_maker-agent-passive_market_maker-8",
    "action": "new",
    "side": "buy",
    "price": 65150.784,
    "quantity": 0.01,
    "remaining_quantity": 0.01
  },
  {
    "event_id": "2ec8171ae2c8b215bdf6a2c40c1cbc686703c8d5a479f4cc748fad6fa9349f5c",
    "schema_version": "1.0.0",
    "event_type": "agent_order",
    "source": "synthetic_agent",
    "symbol": "BTCUSDT",
    "exchange": "binance_usdm",
    "timestamp": "2024-05-01T00:00:00.900000Z",
    "sequence": 9,
    "scenario_id": "scenario-216-passive_market_maker",
    "agent_id": "agent-passive_market_maker",
    "order_id": "scenario-216-passive_market_maker-agent-passive_market_maker-9",
    "action": "new",
    "side": "sell",
    "price": 65281.21599999999,
    "quantity": 0.01,
    "remaining_quantity": 0.01
  },
  {
    "event_id": "8160c349195ad5854710dd80879c86a2fb2f75c505bf9a751151d0fbbf8b308f",
    "schema_version": "1.0.0",
    "event_type": "agent_order",
    "source": "synthetic_agent",
    "symbol": "BTCUSDT",
    "exchange": "binance_usdm",
    "timestamp": "2024-05-01T00:00:01Z",
    "sequence": 10,
    "scenario_id": "scenario-216-passive_market_maker",
    "agent_id": "agent-passive_market_maker",
    "order_id": "scenario-216-passive_market_maker-agent-passive_market_maker-10",
    "action": "new",
    "side": "buy",
    "price": 65150.784,
    "quantity": 0.01,
    "remaining_quantity": 0.01
  },
  {
    "event_id": "613fe97b41d9834338805afa70de39f1b355f230bc303ee38373755b5ac0eb52",
    "schema_version": "1.0.0",
    "event_type": "agent_order",
    "source": "synthetic_agent",
    "symbol": "BTCUSDT",
    "exchange": "binance_usdm",
    "timestamp": "2024-05-01T00:00:01.100000Z",
    "sequence": 11,
    "scenario_id": "scenario-216-passive_market_maker",
    "agent_id": "agent-passive_market_maker",
    "order_id": "scenario-216-passive_market_maker-agent-passive_market_maker-11",
    "action": "new",
    "side": "sell",
    "price": 65281.21599999999,
    "quantity": 0.01,
    "remaining_quantity": 0.01
  },
  {
    "event_id": "a15c58dc8bf5550a1de7d4c75742663d93cb93e2069cd7b8b8cae86e382a8391",
    "schema_version": "1.0.0",
    "event_type": "agent_order",
    "source": "synthetic_agent",
    "symbol": "BTCUSDT",
    "exchange": "binance_usdm",
    "timestamp": "2024-05-01T00:00:01.200000Z",
    "sequence": 12,
    "scenario_id": "scenario-216-passive_market_maker",
    "agent_id": "agent-passive_market_maker",
    "order_id": "scenario-216-passive_market_maker-agent-passive_market_maker-12",
    "action": "new",
    "side": "buy",
    "price": 65150.784,
    "quantity": 0.01,
    "remaining_quantity": 0.01
  },
  {
    "event_id": "0d13e7c78a0e26aadcedce1bce3c0e7e2a4e359ee4ef6fd9b579f07f7544655c",
    "schema_version": "1.0.0",
    "event_type": "agent_order",
    "source": "synthetic_agent",
    "symbol": "BTCUSDT",
    "exchange": "binance_usdm",
    "timestamp": "2024-05-01T00:00:01.300000Z",
    "sequence": 13,
    "scenario_id": "scenario-216-passive_market_maker",
    "agent_id": "agent-passive_market_maker",
    "order_id": "scenario-216-passive_market_maker-agent-passive_market_maker-13",
    "action": "new",
    "side": "sell",
    "price": 65281.21599999999,
    "quantity": 0.01,
    "remaining_quantity": 0.01
  },
  {
    "event_id": "0a58a41dfdd2991d1b0d13e844ba5caddd3817bc30fc48daaef5cd735aff2726",
    "schema_version": "1.0.0",
    "event_type": "agent_order",
    "source": "synthetic_agent",
    "symbol": "BTCUSDT",
    "exchange": "binance_usdm",
    "timestamp": "2024-05-01T00:00:01.400000Z",
    "sequence": 14,
    "scenario_id": "scenario-216-passive_market_maker",
    "agent_id": "agent-passive_market_maker",
    "order_id": "scenario-216-passive_market_maker-agent-passive_market_maker-14",
    "action": "new",
    "side": "buy",
    "price": 65150.784,
    "quantity": 0.01,
    "remaining_quantity": 0.01
  },
  {
    "event_id": "67dcee91b663087a5b88bdd5f2b0c50a6b2d4add501d8e022ff954d6e207f6da",
    "schema_version": "1.0.0",
    "event_type": "agent_order",
    "source": "synthetic_agent",
    "symbol": "BTCUSDT",
    "exchange": "binance_usdm",
    "timestamp": "2024-05-01T00:00:01.500000Z",
    "sequence": 15,
    "scenario_id": "scenario-216-passive_market_maker",
    "agent_id": "agent-passive_market_maker",
    "order_id": "scenario-216-passive_market_maker-agent-passive_market_maker-15",
    "action": "new",
    "side": "sell",
    "price": 65281.21599999999,
    "quantity": 0.01,
    "remaining_quantity": 0.01
  },
  {
    "event_id": "9fa226ffbe4850d073d64994363a2429922fcca90a27fe10cd34b48b1f73b147",
    "schema_version": "1.0.0",
    "event_type": "agent_order",
    "source": "synthetic_agent",
    "symbol": "BTCUSDT",
    "exchange": "binance_usdm",
    "timestamp": "2024-05-01T00:00:01.600000Z",
    "sequence": 16,
    "scenario_id": "scenario-216-passive_market_maker",
    "agent_id": "agent-passive_market_maker",
    "order_id": "scenario-216-passive_market_maker-agent-passive_market_maker-16",
    "action": "new",
    "side": "buy",
    "price": 65150.784,
    "quantity": 0.01,
    "remaining_quantity": 0.01
  },
  {
    "event_id": "3667ff0e159a3a85ff028625c23f354926a6c628458fe19f1ffecc548c8ca5c9",
    "schema_version": "1.0.0",
    "event_type": "agent_order",
    "source": "synthetic_agent",
    "symbol": "BTCUSDT",
    "exchange": "binance_usdm",
    "timestamp": "2024-05-01T00:00:01.700000Z",
    "sequence": 17,
    "scenario_id": "scenario-216-passive_market_maker",
    "agent_id": "agent-passive_market_maker",
    "order_id": "scenario-216-passive_market_maker-agent-passive_market_maker-17",
    "action": "new",
    "side": "sell",
    "price": 65281.21599999999,
    "quantity": 0.01,
    "remaining_quantity": 0.01
  },
  {
    "event_id": "50b38f14ad6394bfadb0b9a600fc7b465ed17789785eaf87cabde43c4508aeb0",
    "schema_version": "1.0.0",
    "event_type": "agent_order",
    "source": "synthetic_agent",
    "symbol": "BTCUSDT",
    "exchange": "binance_usdm",
    "timestamp": "2024-05-01T00:00:01.800000Z",
    "sequence": 18,
    "scenario_id": "scenario-216-passive_market_maker",
    "agent_id": "agent-passive_market_maker",
    "order_id": "scenario-216-passive_market_maker-agent-passive_market_maker-18",
    "action": "new",
    "side": "buy",
    "price": 65150.784,
    "quantity": 0.01,
    "remaining_quantity": 0.01
  },
  {
    "event_id": "422fe8d35e17af71ba70b211448e3813012f33694a64cef122251ee873b7b0bc",
    "schema_version": "1.0.0",
    "event_type": "agent_order",
    "source": "synthetic_agent",
    "symbol": "BTCUSDT",
    "exchange": "binance_usdm",
    "timestamp": "2024-05-01T00:00:01.900000Z",
    "sequence": 19,
    "scenario_id": "scenario-216-passive_market_maker",
    "agent_id": "agent-passive_market_maker",
    "order_id": "scenario-216-passive_market_maker-agent-passive_market_maker-19",
    "action": "new",
    "side": "sell",
    "price": 65281.21599999999,
    "quantity": 0.01,
    "remaining_quantity": 0.01
  },
  {
    "event_id": "5f13fc4edfbf8c9c028d756c27cb43bac5596e2b27e591f9c60f70df30190883",
    "schema_version": "1.0.0",
    "event_type": "agent_order",
    "source": "synthetic_agent",
    "symbol": "BTCUSDT",
    "exchange": "binance_usdm",
    "timestamp": "2024-05-01T00:00:02Z",
    "sequence": 20,
    "scenario_id": "scenario-216-passive_market_maker",
    "agent_id": "agent-passive_market_maker",
    "order_id": "scenario-216-passive_market_maker-agent-passive_market_maker-20",
    "action": "new",
    "side": "buy",
    "price": 65150.784,
    "quantity": 0.01,
    "remaining_quantity": 0.01
  },
  {
    "event_id": "8fe734de3828cd49691f4bba49a007f2fd80727573f8d06f9268ea4346283162",
    "schema_version": "1.0.0",
    "event_type": "agent_order",
    "source": "synthetic_agent",
    "symbol": "BTCUSDT",
    "exchange": "binance_usdm",
    "timestamp": "2024-05-01T00:00:02.100000Z",
    "sequence": 21,
    "scenario_id": "scenario-216-passive_market_maker",
    "agent_id": "agent-passive_market_maker",
    "order_id": "scenario-216-passive_market_maker-agent-passive_market_maker-21",
    "action": "new",
    "side": "sell",
    "price": 65281.21599999999,
    "quantity": 0.01,
    "remaining_quantity": 0.01
  },
  {
    "event_id": "d4341a5bb02df63b5c5cf5186f7850aeb040ba3bf6e181b6dfc2d87af7bb918b",
    "schema_version": "1.0.0",
    "event_type": "agent_order",
    "source": "synthetic_agent",
    "symbol": "BTCUSDT",
    "exchange": "binance_usdm",
    "timestamp": "2024-05-01T00:00:02.200000Z",
    "sequence": 22,
    "scenario_id": "scenario-216-passive_market_maker",
    "agent_id": "agent-passive_market_maker",
    "order_id": "scenario-216-passive_market_maker-agent-passive_market_maker-22",
    "action": "new",
    "side": "buy",
    "price": 65150.784,
    "quantity": 0.01,
    "remaining_quantity": 0.01
  },
  {
    "event_id": "69bfb8de4b009f91fb2140686526fd605c92482f0b39fb939ea01cbc685b7b52",
    "schema_version": "1.0.0",
    "event_type": "agent_order",
    "source": "synthetic_agent",
    "symbol": "BTCUSDT",
    "exchange": "binance_usdm",
    "timestamp": "2024-05-01T00:00:02.300000Z",
    "sequence": 23,
    "scenario_id": "scenario-216-passive_market_maker",
    "agent_id": "agent-passive_market_maker",
    "order_id": "scenario-216-passive_market_maker-agent-passive_market_maker-23",
    "action": "new",
    "side": "sell",
    "price": 65281.21599999999,
    "quantity": 0.01,
    "remaining_quantity": 0.01
  },
  {
    "event_id": "ac070d9f7ca504fc0c36212ddca13870fa0b3ea163845c4b7ffe530d81dfd8b8",
    "schema_version": "1.0.0",
    "event_type": "agent_order",
    "source": "synthetic_agent",
    "symbol": "BTCUSDT",
    "exchange": "binance_usdm",
    "timestamp": "2024-05-01T00:00:02.400000Z",
    "sequence": 24,
    "scenario_id": "scenario-216-passive_market_maker",
    "agent_id": "agent-passive_market_maker",
    "order_id": "scenario-216-passive_market_maker-agent-passive_market_maker-24",
    "action": "new",
    "side": "buy",
    "price": 65150.784,
    "quantity": 0.01,
    "remaining_quantity": 0.01
  },
  {
    "event_id": "c22ca4fb411ed625efc27d739f33a1637e8e4423b35babe9d4e392e163ca930d",
    "schema_version": "1.0.0",
    "event_type": "agent_order",
    "source": "synthetic_agent",
    "symbol": "BTCUSDT",
    "exchange": "binance_usdm",
    "timestamp": "2024-05-01T00:00:02.500000Z",
    "sequence": 25,
    "scenario_id": "scenario-216-passive_market_maker",
    "agent_id": "agent-passive_market_maker",
    "order_id": "scenario-216-passive_market_maker-agent-passive_market_maker-25",
    "action": "new",
    "side": "sell",
    "price": 65281.21599999999,
    "quantity": 0.01,
    "remaining_quantity": 0.01
  },
  {
    "event_id": "8251395585e83b86689fe9511f7d216d4dcd214a2fbf57ba1103bb4ff81df43a",
    "schema_version": "1.0.0",
    "event_type": "agent_order",
    "source": "synthetic_agent",
    "symbol": "BTCUSDT",
    "exchange": "binance_usdm",
    "timestamp": "2024-05-01T00:00:02.600000Z",
    "sequence": 26,
    "scenario_id": "scenario-216-passive_market_maker",
    "agent_id": "agent-passive_market_maker",
    "order_id": "scenario-216-passive_market_maker-agent-passive_market_maker-26",
    "action": "new",
    "side": "buy",
    "price": 65150.784,
    "quantity": 0.01,
    "remaining_quantity": 0.01
  },
  {
    "event_id": "ec827b7184e29e12335e4b13f20af9095f3894ba2b9402528e75f0f8c87b1299",
    "schema_version": "1.0.0",
    "event_type": "agent_order",
    "source": "synthetic_agent",
    "symbol": "BTCUSDT",
    "exchange": "binance_usdm",
    "timestamp": "2024-05-01T00:00:02.700000Z",
    "sequence": 27,
    "scenario_id": "scenario-216-passive_market_maker",
    "agent_id": "agent-passive_market_maker",
    "order_id": "scenario-216-passive_market_maker-agent-passive_market_maker-27",
    "action": "new",
    "side": "sell",
    "price": 65281.21599999999,
    "quantity": 0.01,
    "remaining_quantity": 0.01
  },
  {
    "event_id": "94dae973231681f85bc30db1cd225089dd96ef9da2f9c40e35028f4d0025000d",
    "schema_version": "1.0.0",
    "event_type": "agent_order",
    "source": "synthetic_agent",
    "symbol": "BTCUSDT",
    "exchange": "binance_usdm",
    "timestamp": "2024-05-01T00:00:02.800000Z",
    "sequence": 28,
    "scenario_id": "scenario-216-passive_market_maker",
    "agent_id": "agent-passive_market_maker",
    "order_id": "scenario-216-passive_market_maker-agent-passive_market_maker-28",
    "action": "new",
    "side": "buy",
    "price": 65150.784,
    "quantity": 0.01,
    "remaining_quantity": 0.01
  },
  {
    "event_id": "b721a72942fe684ffde3c2147c780f7c1bde493fb200494835551d7d9bcf9a7e",
    "schema_version": "1.0.0",
    "event_type": "agent_order",
    "source": "synthetic_agent",
    "symbol": "BTCUSDT",
    "exchange": "binance_usdm",
    "timestamp": "2024-05-01T00:00:02.900000Z",
    "sequence": 29,
    "scenario_id": "scenario-216-passive_market_maker",
    "agent_id": "agent-passive_market_maker",
    "order_id": "scenario-216-passive_market_maker-agent-passive_market_maker-29",
    "action": "new",
    "side": "sell",
    "price": 65281.21599999999,
    "quantity": 0.01,
    "remaining_quantity": 0.01
  }
]