[
  {
    "event_id": "ca9504c08fe4a0b11df7bf21d68c7d32ec9c9fd6535afbb04654655b6e2164f1",
    "schema_version": "1.0.0",
    "event_type": "agent_order",
    "source": "synthetic_agent",
    "symbol": "BTCUSDT",
    "exchange": "binance_usdm",
    "timestamp": "2024-05-01T00:00:00Z",
    "sequence": 0,
    "scenario_id": "scenario-011-volatility_feedback",
    "agent_id": "agent-volatility_feedback",
    "order_id": "scenario-011-volatility_feedback-agent-volatility_feedback-0",
    "action": "new",
    "side": "buy",
    "price": 65076.01099999999,
    "quantity": 0.02,
    "remaining_quantity": 0.02
  },
  {
    "event_id": "4fd739d1027d85507d2aa04fb64c19e4350bddbde422d0b25a24f04fe60adef2",
    "schema_version": "1.0.0",
    "event_type": "agent_order",
    "source": "synthetic_agent",
    "symbol": "BTCUSDT",
    "exchange": "binance_usdm",
    "timestamp": "2024-05-01T00:00:00.020000Z",
    "sequence": 1,
    "scenario_id": "scenario-011-volatility_feedback",
    "agent_id": "agent-volatility_feedback",
    "order_id": "scenario-011-volatility_feedback-agent-volatility_feedback-1",
    "action": "new",
    "side": "sell",
    "price": 64944.68878,
    "quantity": 0.03,
    "remaining_quantity": 0.03
  },
  {
    "event_id": "774e97854f252d812dc78700065bf231734fccd97611b804d0572d9696668e48",
    "schema_version": "1.0.0",
    "event_type": "agent_order",
    "source": "synthetic_agent",
    "symbol": "BTCUSDT",
    "exchange": "binance_usdm",
    "timestamp": "2024-05-01T00:00:00.040000Z",
    "sequence": 2,
    "scenario_id": "scenario-011-volatility_feedback",
    "agent_id": "agent-volatility_feedback",
    "order_id": "scenario-011-volatility_feedback-agent-volatility_feedback-2",
    "action": "new",
    "side": "buy",
    "price": 65078.61143999999,
    "quantity": 0.04,
    "remaining_quantity": 0.04
  },
  {
    "event_id": "9ad1683d6aae28dc1ab8327b165186be5dfe7b73c2f95e2064bb1e8c98c68f1a",
    "schema_version": "1.0.0",
    "event_type": "agent_order",
    "source": "synthetic_agent",
    "symbol": "BTCUSDT",
    "exchange": "binance_usdm",
    "timestamp": "2024-05-01T00:00:00.060000Z",
    "sequence": 3,
    "scenario_id": "scenario-011-volatility_feedback",
    "agent_id": "agent-volatility_feedback",
    "order_id": "scenario-011-volatility_feedback-agent-volatility_feedback-3",
    "action": "new",
    "side": "sell",
    "price": 64942.08834,
    "quantity": 0.05,
    "remaining_quantity": 0.05
  },
  {
    "event_id": "231acb5ce6ae6ad54ef3644714b0c490141379664e4929f6e5a1fe35a19f93af",
    "schema_version": "1.0.0",
    "event_type": "agent_order",
    "source": "synthetic_agent",
    "symbol": "BTCUSDT",
    "exchange": "binance_usdm",
    "timestamp": "2024-05-01T00:00:00.080000Z",
    "sequence": 4,
    "scenario_id": "scenario-011-volatility_feedback",
    "agent_id": "agent-volatility_feedback",
    "order_id": "scenario-011-volatility_feedback-agent-volatility_feedback-4",
    "action": "new",
    "side": "buy",
    "price": 65081.211879999995,
    "quantity": 0.02,
    "remaining_quantity": 0.02
  },
  {
    "event_id": "efca40f130d1256bceda37eae73ca3740d4c76b3ca21203077c9cab22b300daa",
    "schema_version": "1.0.0",
    "event_type": "agent_order",
    "source": "synthetic_agent",
    "symbol": "BTCUSDT",
    "exchange": "binance_usdm",
    "timestamp": "2024-05-01T00:00:00.100000Z",
    "sequence": 5,
    "scenario_id": "scenario-011-volatility_feedback",
    "agent_id": "agent-volatility_feedback",
    "order_id": "scenario-011-volatility_feedback-agent-volatility_feedback-5",
    "action": "new",
    "side": "sell",
    "price": 64939.4879,
    "quantity": 0.03,
    "remaining_quantity": 0.03
  },
  {
    "event_id": "1d063eea4bbe33ba6b8b03f36c6558462b448e2f421ad6bfdb8fb5a1043eeba8",
    "schema_version": "1.0.0",
    "event_type": "agent_order",
    "source": "synthetic_agent",
    "symbol": "BTCUSDT",
    "exchange": "binance_usdm",
    "timestamp": "2024-05-01T00:00:00.120000Z",
    "sequence": 6,
    "scenario_id": "scenario-011-volatility_feedback",
    "agent_id": "agent-volatility_feedback",
    "order_id": "scenario-011-volatility_feedback-agent-volatility_feedback-6",
    "action": "new",
    "side": "buy",
    "price": 65083.81232,
    "quantity": 0.04,
    "remaining_quantity": 0.04
  },
  {
    "event_id": "52f856b1f85133fa75050e9503b229a80a42229393a84dc22cc7bc055d0a300f",
    "schema_version": "1.0.0",
    "event_type": "agent_order",
    "source": "synthetic_agent",
    "symbol": "BTCUSDT",
    "exchange": "binance_usdm",
    "timestamp": "2024-05-01T00:00:00.140000Z",
    "sequence": 7,
    "scenario_id": "scenario-011-volatility_feedback",
    "agent_id": "agent-volatility_feedback",
    "order_id": "scenario-011-volatility_feedback-agent-volatility_feedback-7",
    "action": "new",
    "side": "sell",
    "price": 64936.88746,
    "quantity": 0.05,
    "remaining_quantity": 0.05
  },
  {
    "event_id": "485f47cde364ae3557bdc2e781da3b305afe25e82ff783ae2b67a5ae64399975",
    "schema_version": "1.0.0",
    "event_type": "agent_order",
    "source": "synthetic_agent",
    "symbol": "BTCUSDT",
    "exchange": "binance_usdm",
    "timestamp": "2024-05-01T00:00:00.160000Z",
    "sequence": 8,
    "scenario_id": "scenario-011-volatility_feedback",
    "agent_id": "agent-volatility_feedback",
    "order_id": "scenario-011-volatility_feedback-agent-volatility_feedback-8",
    "action": "new",
    "side": "buy",
    "price": 65086.41276000001,
    "quantity": 0.02,
    "remaining_quantity": 0.02
  },
  {
    "event_id": "860499282c8e98e04663fd3588f6ad69087a67f49539801be2a1e2e0da846fc3",
    "schema_version": "1.0.0",
    "event_type": "agent_order",
    "source": "synthetic_agent",
    "symbol": "BTCUSDT",
    "exchange": "binance_usdm",
    "timestamp": "2024-05-01T00:00:00.180000Z",
    "sequence": 9,
    "scenario_id": "scenario-011-volatility_feedback",
    "agent_id": "agent-volatility_feedback",
    "order_id": "scenario-011-volatility_feedback-agent-volatility_feedback-9",
    "action": "new",
    "side": "sell",
    "price": 64934.28702,
    "quantity": 0.03,
    "remaining_quantity": 0.03
  },
  {
    "event_id": "472c0ab5bd16ecbf4166196ff5a514fbd4841412256f44bd5797b163e62180a1",
    "schema_version": "1.0.0",
    "event_type": "agent_order",
    "source": "synthetic_agent",
    "symbol": "BTCUSDT",
    "exchange": "binance_usdm",
    "timestamp": "2024-05-01T00:00:00.200000Z",
    "sequence": 10,
    "scenario_id": "scenario-011-volatility_feedback",
    "agent_id": "agent-volatility_feedback",
    "order_id": "scenario-011-volatility_feedback-agent-volatility_feedback-10",
    "action": "new",
    "side": "buy",
    "price": 65089.01320000001,
    "quantity": 0.04,
    "remaining_quantity": 0.04
  },
  {
    "event_id": "8f5d8a1fdad56f12188822181efe6e35b248da3073f27aa21cda79aa6f597b66",
    "schema_version": "1.0.0",
    "event_type": "agent_order",
    "source": "synthetic_agent",
    "symbol": "BTCUSDT",
    "exchange": "binance_usdm",
    "timestamp": "2024-05-01T00:00:00.220000Z",
    "sequence": 11,
    "scenario_id": "scenario-011-volatility_feedback",
    "agent_id": "agent-volatility_feedback",
    "order_id": "scenario-011-volatility_feedback-agent-volatility_feedback-11",
    "action": "new",
    "side": "sell",
    "price": 64931.68658,
    "quantity": 0.05,
    "remaining_quantity": 0.05
  },
  {
    "event_id": "1e249755dfd243bb496f02878d943d9fcf704a7746b0f1f31f242af02d22310c",
    "schema_version": "1.0.0",
    "event_type": "agent_order",
    "source": "synthetic_agent",
    "symbol": "BTCUSDT",
    "exchange": "binance_usdm",
    "timestamp": "2024-05-01T00:00:00.240000Z",
    "sequence": 12,
    "scenario_id": "scenario-011-volatility_feedback",
    "agent_id": "agent-volatility_feedback",
    "order_id": "scenario-011-volatility_feedback-agent-volatility_feedback-12",
    "action": "new",
    "side": "buy",
    "price": 65091.613639999996,
    "quantity": 0.02,
    "remaining_quantity": 0.02
  },
  {
    "event_id": "33f60c600b6a9b71e3f75d2fd3ffa092c475052438cea055776426d20d73f5c1",
    "schema_version": "1.0.0",
    "event_type": "agent_order",
    "source": "synthetic_agent",
    "symbol": "BTCUSDT",
    "exchange": "binance_usdm",
    "timestamp": "2024-05-01T00:00:00.260000Z",
    "sequence": 13,
    "scenario_id": "scenario-011-volatility_feedback",
    "agent_id": "agent-volatility_feedback",
    "order_id": "scenario-011-volatility_feedback-agent-volatility_feedback-13",
    "action": "new",
    "side": "sell",
    "price": 64929.08614,
    "quantity": 0.03,
    "remaining_quantity": 0.03
  },
  {
    "event_id": "90c875d6b514d96ee9627e6a944fd9f263c7ae50a9a4e4d473528f3aaf4ebf84",
    "schema_version": "1.0.0",
    "event_type": "agent_order",
    "source": "synthetic_agent",
    "symbol": "BTCUSDT",
    "exchange": "binance_usdm",
    "timestamp": "2024-05-01T00:00:00.280000Z",
    "sequence": 14,
    "scenario_id": "scenario-011-volatility_feedback",
    "agent_id": "agent-volatility_feedback",
    "order_id": "scenario-011-volatility_feedback-agent-volatility_feedback-14",
    "action": "new",
    "side": "buy",
    "price": 65094.21408,
    "quantity": 0.04,
    "remaining_quantity": 0.04
  },
  {
    "event_id": "bc682c1d4bfa700d34930b1578ce439bf4d7b74372444a9cf697cc1595afa8a5",
    "schema_version": "1.0.0",
    "event_type": "agent_order",
    "source": "synthetic_agent",
    "symbol": "BTCUSDT",
    "exchange": "binance_usdm",
    "timestamp": "2024-05-01T00:00:00.300000Z",
    "sequence": 15,
    "scenario_id": "scenario-011-volatility_feedback",
    "agent_id": "agent-volatility_feedback",
    "order_id": "scenario-011-volatility_feedback-agent-volatility_feedback-15",
    "action": "new",
    "side": "sell",
    "price": 64926.485700000005,
    "quantity": 0.05,
    "remaining_quantity": 0.05
  },
  {
    "event_id": "fd4ad4ad7ad3f14cb70527854f5cec080f75ebf8ef787df31d0d3bf6fea45862",
    "schema_version": "1.0.0",
    "event_type": "agent_order",
    "source": "synthetic_agent",
    "symbol": "BTCUSDT",
    "exchange": "binance_usdm",
    "timestamp": "2024-05-01T00:00:00.320000Z",
    "sequence": 16,
    "scenario_id": "scenario-011-volatility_feedback",
    "agent_id": "agent-volatility_feedback",
    "order_id": "scenario-011-volatility_feedback-agent-volatility_feedback-16",
    "action": "new",
    "side": "buy",
    "price": 65096.81452,
    "quantity": 0.02,
    "remaining_quantity": 0.02
  },
  {
    "event_id": "32e3763f01254484f6d0303fdd550d3624674c917ba3e0874f91e6bc8e1b32e4",
    "schema_version": "1.0.0",
    "event_type": "agent_order",
    "source": "synthetic_agent",
    "symbol": "BTCUSDT",
    "exchange": "binance_usdm",
    "timestamp": "2024-05-01T00:00:00.340000Z",
    "sequence": 17,
    "scenario_id": "scenario-011-volatility_feedback",
    "agent_id": "agent-volatility_feedback",
    "order_id": "scenario-011-volatility_feedback-agent-volatility_feedback-17",
    "action": "new",
    "side": "sell",
    "price": 64923.88526,
    "quantity": 0.03,
    "remaining_quantity": 0.03
  },
  {
    "event_id": "e79155f9ea22200f4b22e9045c3e9338bddc299f7776f75cc2ac1962893c7d95",
    "schema_version": "1.0.0",
    "event_type": "agent_order",
    "source": "synthetic_agent",
    "symbol": "BTCUSDT",
    "exchange": "binance_usdm",
    "timestamp": "2024-05-01T00:00:00.360000Z",
    "sequence": 18,
    "scenario_id": "scenario-011-volatility_feedback",
    "agent_id": "agent-volatility_feedback",
    "order_id": "scenario-011-volatility_feedback-agent-volatility_feedback-18",
    "action": "new",
    "side": "buy",
    "price": 65099.41496,
    "quantity": 0.04,
    "remaining_quantity": 0.04
  },
  {
    "event_id": "7b3adcc282bce46ed76c7eef594bca2ab9f4eb2f7cb9ccea952a836576a4eb20",
    "schema_version": "1.0.0",
    "event_type": "agent_order",
    "source": "synthetic_agent",
    "symbol": "BTCUSDT",
    "exchange": "binance_usdm",
    "timestamp": "2024-05-01T00:00:00.380000Z",
    "sequence": 19,
    "scenario_id": "scenario-011-volatility_feedback",
    "agent_id": "agent-volatility_feedback",
    "order_id": "scenario-011-volatility_feedback-agent-volatility_feedback-19",
    "action": "new",
    "side": "sell",
    "price": 64921.28481999999,
    "quantity": 0.05,
    "remaining_quantity": 0.05
  },
  {
    "event_id": "2a1f45e91b5499ed05dd3cd1bb3c7f5149e389b90de71edb7b419f5e9a1fad1b",
    "schema_version": "1.0.0",
    "event_type": "agent_order",
    "source": "synthetic_agent",
    "symbol": "BTCUSDT",
    "exchange": "binance_usdm",
    "timestamp": "2024-05-01T00:00:00.400000Z",
    "sequence": 20,
    "scenario_id": "scenario-011-volatility_feedback",
    "agent_id": "agent-volatility_feedback",
    "order_id": "scenario-011-volatility_feedback-agent-volatility_feedback-20",
    "action": "new",
    "side": "buy",
    "price": 65102.015400000004,
    "quantity": 0.02,
    "remaining_quantity": 0.02
  },
  {
    "event_id": "ee7c82cee9b1765e5425ef9bb90553249ae2fd40f00a95a536255bd29af3dbd3",
    "schema_version": "1.0.0",
    "event_type": "agent_order",
    "source": "synthetic_agent",
    "symbol": "BTCUSDT",
    "exchange": "binance_usdm",
    "timestamp": "2024-05-01T00:00:00.420000Z",
    "sequence": 21,
    "scenario_id": "scenario-011-volatility_feedback",
    "agent_id": "agent-volatility_feedback",
    "order_id": "scenario-011-volatility_feedback-agent-volatility_feedback-21",
    "action": "new",
    "side": "sell",
    "price": 64918.68438,
    "quantity": 0.03,
    "remaining_quantity": 0.03
  },
  {
    "event_id": "c3fac0a18085df5ed4f24ba0cb6b9b329518edbba7f3e56fdf7903b23b86f839",
    "schema_version": "1.0.0",
    "event_type": "agent_order",
    "source": "synthetic_agent",
    "symbol": "BTCUSDT",
    "exchange": "binance_usdm",
    "timestamp": "2024-05-01T00:00:00.440000Z",
    "sequence": 22,
    "scenario_id": "scenario-011-volatility_feedback",
    "agent_id": "agent-volatility_feedback",
    "order_id": "scenario-011-volatility_feedback-agent-volatility_feedback-22",
    "action": "new",
    "side": "buy",
    "price": 65104.615840000006,
    "quantity": 0.04,
    "remaining_quantity": 0.04
  },
  {
    "event_id": "da550f1314e6eef2f05588fb4362a7c3234813ae1ec11fb0682a74504ff8c34f",
    "schema_version": "1.0.0",
    "event_type": "agent_order",
    "source": "synthetic_agent",
    "symbol": "BTCUSDT",
    "exchange": "binance_usdm",
    "timestamp": "2024-05-01T00:00:00.460000Z",
    "sequence": 23,
    "scenario_id": "scenario-011-volatility_feedback",
    "agent_id": "agent-volatility_feedback",
    "order_id": "scenario-011-volatility_feedback-agent-volatility_feedback-23",
    "action": "new",
    "side": "sell",
    "price": 64916.08394,
    "quantity": 0.05,
    "remaining_quantity": 0.05
  },
  {
    "event_id": "daf54ca92a2021d7876ab035cb64465f710951a5e985200075225da72dca5d75",
    "schema_version": "1.0.0",
    "event_type": "agent_order",
    "source": "synthetic_agent",
    "symbol": "BTCUSDT",
    "exchange": "binance_usdm",
    "timestamp": "2024-05-01T00:00:00.480000Z",
    "sequence": 24,
    "scenario_id": "scenario-011-volatility_feedback",
    "agent_id": "agent-volatility_feedback",
    "order_id": "scenario-011-volatility_feedback-agent-volatility_feedback-24",
    "action": "new",
    "side": "buy",
    "price": 65107.21627999999,
    "quantity": 0.02,
    "remaining_quantity": 0.02
  },
  {
    "event_id": "a22213480e2b3695d8afab2d20c2210aa7a333578daab956b82ee19af3c3788f",
    "schema_version": "1.0.0",
    "event_type": "agent_order",
    "source": "synthetic_agent",
    "symbol": "BTCUSDT",
    "exchange": "binance_usdm",
    "timestamp": "2024-05-01T00:00:00.500000Z",
    "sequence": 25,
    "scenario_id": "scenario-011-volatility_feedback",
    "agent_id": "agent-volatility_feedback",
    "order_id": "scenario-011-volatility_feedback-agent-volatility_feedback-25",
    "action": "new",
    "side": "sell",
    "price": 64913.4835,
    "quantity": 0.03,
    "remaining_quantity": 0.03
  },
  {
    "event_id": "0275d66e95996266ecef094c5cc3c9a6473679911c5533ce6b62222e682fb772",
    "schema_version": "1.0.0",
    "event_type": "agent_order",
    "source": "synthetic_agent",
    "symbol": "BTCUSDT",
    "exchange": "binance_usdm",
    "timestamp": "2024-05-01T00:00:00.520000Z",
    "sequence": 26,
    "scenario_id": "scenario-011-volatility_feedback",
    "agent_id": "agent-volatility_feedback",
    "order_id": "scenario-011-volatility_feedback-agent-volatility_feedback-26",
    "action": "new",
    "side": "buy",
    "price": 65109.816719999995,
    "quantity": 0.04,
    "remaining_quantity": 0.04
  },
  {
    "event_id": "1de318b66661b12d4e0de6dce9bcb1f3aa71bc95cfd2e1e32621ebe86d34ece7",
    "schema_version": "1.0.0",
    "event_type": "agent_order",
    "source": "synthetic_agent",
    "symbol": "BTCUSDT",
    "exchange": "binance_usdm",
    "timestamp": "2024-05-01T00:00:00.540000Z",
    "sequence": 27,
    "scenario_id": "scenario-011-volatility_feedback",
    "agent_id": "agent-volatility_feedback",
    "order_id": "scenario-011-volatility_feedback-agent-volatility_feedback-27",
    "action": "new",
    "side": "sell",
    "price": 64910.88306,
    "quantity": 0.05,
    "remaining_quantity": 0.05
  },
  {
    "event_id": "87d86a9bf852c27af62f54aa7f1afcccdfc64639c944ad59c55296a33935ec16",
    "schema_version": "1.0.0",
    "event_type": "agent_order",
    "source": "synthetic_agent",
    "symbol": "BTCUSDT",
    "exchange": "binance_usdm",
    "timestamp": "2024-05-01T00:00:00.560000Z",
    "sequence": 28,
    "scenario_id": "scenario-011-volatility_feedback",
    "agent_id": "agent-volatility_feedback",
    "order_id": "scenario-011-volatility_feedback-agent-volatility_feedback-28",
    "action": "new",
    "side": "buy",
    "price": 65112.41716,
    "quantity": 0.02,
    "remaining_quantity": 0.02
  },
  {
    "event_id": "1b01b28d87c93d759099870651e08359db4ce4e4c2db82aa1f25e3c71cd8b1b4",
    "schema_version": "1.0.0",
    "event_type": "agent_order",
    "source": "synthetic_agent",
    "symbol": "BTCUSDT",
    "exchange": "binance_usdm",
    "timestamp": "2024-05-01T00:00:00.580000Z",
    "sequence": 29,
    "scenario_id": "scenario-011-volatility_feedback",
    "agent_id": "agent-volatility_feedback",
    "order_id": "scenario-011-volatility_feedback-agent-volatility_feedback-29",
    "action": "new",
    "side": "sell",
    "price": 64908.28262,
    "quantity": 0.03,
    "remaining_quantity": 0.03
  }
]