[
  {
    "event_id": "c93113d576d8da5f4595bfd6091d8a0fbeb429f204ece40008f18af9d61c9eda",
    "schema_version": "1.0.0",
    "event_type": "agent_order",
    "source": "synthetic_agent",
    "symbol": "BTCUSDT",
    "exchange": "binance_usdm",
    "timestamp": "2024-05-01T00:00:00Z",
    "sequence": 0,
    "scenario_id": "scenario-224-latency_edge",
    "agent_id": "agent-latency_edge",
    "order_id": "scenario-224-latency_edge-agent-latency_edge-0",
    "action": "new",
    "side": "buy",
    "price": 65263.134399999995,
    "quantity": 0.006,
    "remaining_quantity": 0.006
  },
  {
    "event_id": "6998f066eee4ac80866e15510df3fdf913fc604412758d73ac56995e2a3888a2",
    "schema_version": "1.0.0",
    "event_type": "agent_order",
    "source": "synthetic_agent",
    "symbol": "BTCUSDT",
    "exchange": "binance_usdm",
    "timestamp": "2024-05-01T00:00:00.008000Z",
    "sequence": 1,
    "scenario_id": "scenario-224-latency_edge",
    "agent_id": "agent-latency_edge",
    "order_id": "scenario-224-latency_edge-agent-latency_edge-1",
    "action": "new",
    "side": "buy",
    "price": 65263.134399999995,
    "quantity": 0.006,
    "remaining_quantity": 0.006
  },
  {
    "event_id": "5696a4525db89ed7694ed55e34e357240e85b90a8bb06b7b278b68811c4774e4",
    "schema_version": "1.0.0",
    "event_type": "agent_order",
    "source": "synthetic_agent",
    "symbol": "BTCUSDT",
    "exchange": "binance_usdm",
    "timestamp": "2024-05-01T00:00:00.016000Z",
    "sequence": 2,
    "scenario_id": "scenario-224-latency_edge",
    "agent_id": "agent-latency_edge",
    "order_id": "scenario-224-latency_edge-agent-latency_edge-2",
    "action": "new",
    "side": "sell",
    "price": 65184.8656,
    "quantity": 0.006,
    "remaining_quantity": 0.006
  },
  {
    "event_id": "2ef284539d4da55084ecff795f08319f4eeee573281bc543c2e0cfccda58111f",
    "schema_version": "1.0.0",
    "event_type": "agent_order",
    "source": "synthetic_agent",
    "symbol": "BTCUSDT",
    "exchange": "binance_usdm",
    "timestamp": "2024-05-01T00:00:00.024000Z",
    "sequence": 3,
    "scenario_id": "scenario-224-latency_edge",
    "agent_id": "agent-latency_edge",
    "order_id": "scenario-224-latency_edge-agent-latency_edge-3",
    "action": "new",
    "side": "sell",
    "price": 65184.8656,
    "quantity": 0.006,
    "remaining_quantity": 0.006
  },
  {
    "event_id": "c5a36752cce17a9104414796d7421f9cd363c7c079c5ebd796bfeaf51ed9ce64",
    "schema_version": "1.0.0",
    "event_type": "agent_order",
    "source": "synthetic_agent",
    "symbol": "BTCUSDT",
    "exchange": "binance_usdm",
    "timestamp": "2024-05-01T00:00:00.032000Z",
    "sequence": 4,
    "scenario_id": "scenario-224-latency_edge",
    "agent_id": "agent-latency_edge",
    "order_id": "scenario-224-latency_edge-agent-latency_edge-4",
    "action": "new",
    "side": "buy",
    "price": 65263.134399999995,
    "quantity": 0.006,
    "remaining_quantity": 0.006
  },
  {
    "event_id": "5d8faf8de7c0454c4eea1f702aa494c99729190b423b67aec36e3c9e3a060150",
    "schema_version": "1.0.0",
    "event_type": "agent_order",
    "source": "synthetic_agent",
    "symbol": "BTCUSDT",
    "exchange": "binance_usdm",
    "timestamp": "2024-05-01T00:00:00.040000Z",
    "sequence": 5,
    "scenario_id": "scenario-224-latency_edge",
    "agent_id": "agent-latency_edge",
    "order_id": "scenario-224-latency_edge-agent-latency_edge-5",
    "action": "new",
    "side": "buy",
    "price": 65263.134399999995,
    "quantity": 0.006,
    "remaining_quantity": 0.006
  },
  {
    "event_id": "8694b9033cf04cd3b33d7799664c2b9475c150e450497e96fa61a14c5370019c",
    "schema_version": "1.0.0",
    "event_type": "agent_order",
    "source": "synthetic_agent",
    "symbol": "BTCUSDT",
    "exchange": "binance_usdm",
    "timestamp": "2024-05-01T00:00:00.048000Z",
    "sequence": 6,
    "scenario_id": "scenario-224-latency_edge",
    "agent_id": "agent-latency_edge",
    "order_id": "scenario-224-latency_edge-agent-latency_edge-6",
    "action": "new",
    "side": "sell",
    "price": 65184.8656,
    "quantity": 0.006,
    "remaining_quantity": 0.006
  },
  {
    "event_id": "7967be247c5bd601ea5a4d82b3956cedd029e8dbe49d460fe704caf1481bff50",
    "schema_version": "1.0.0",
    "event_type": "agent_order",
    "source": "synthetic_agent",
    "symbol": "BTCUSDT",
    "exchange": "binance_usdm",
    "timestamp": "2024-05-01T00:00:00.056000Z",
    "sequence": 7,
    "scenario_id": "scenario-224-latency_edge",
    "agent_id": "agent-latency_edge",
    "order_id": "scenario-224-latency_edge-agent-latency_edge-7",
    "action": "new",
    "side": "sell",
    "price": 65184.8656,
    "quantity": 0.006,
    "remaining_quantity": 0.006
  },
  {
    "event_id": "f6199066385154dd82da6b42b00662ee46f1bc9ec14c8f1168381a2839052541",
    "schema_version": "1.0.0",
    "event_type": "agent_order",
    "source": "synthetic_agent",
    "symbol": "BTCUSDT",
    "exchange": "binance_usdm",
    "timestamp": "2024-05-01T00:00:00.064000Z",
    "sequence": 8,
    "scenario_id": "scenario-224-latency_edge",
    "agent_id": "agent-latency_edge",
    "order_id": "scenario-224-latency_edge-agent-latency_edge-8",
    "action": "new",
    "side": "buy",
    "price": 65263.134399999995,
    "quantity": 0.006,
    "remaining_quantity": 0.006
  },
  {
    "event_id": "1c7aa6b51621e1ab79e10b5ca70faa311dec94e11ef7056bac7c2b6514954ba3",
    "schema_version": "1.0.0",
    "event_type": "agent_order",
    "source": "synthetic_agent",
    "symbol": "BTCUSDT",
    "exchange": "binance_usdm",
    "timestamp": "2024-05-01T00:00:00.072000Z",
    "sequence": 9,
    "scenario_id": "scenario-224-latency_edge",
    "agent_id": "agent-latency_edge",
    "order_id": "scenario-224-latency_edge-agent-latency_edge-9",
    "action": "new",
    "side": "buy",
    "price": 65263.134399999995,
    "quantity": 0.006,
    "remaining_quantity": 0.006
  },
  {
    "event_id": "e2bbe80322f1947d7b00359d01db19a1ac9e3e0553cbf8b6998b851f15b5279c",
    "schema_version": "1.0.0",
    "event_type": "agent_order",
    "source": "synthetic_agent",
    "symbol": "BTCUSDT",
    "exchange": "binance_usdm",
    "timestamp": "2024-05-01T00:00:00.080000Z",
    "sequence": 10,
    "scenario_id": "scenario-224-latency_edge",
    "agent_id": "agent-latency_edge",
    "order_id": "scenario-224-latency_edge-agent-latency_edge-10",
    "action": "new",
    "side": "sell",
    "price": 65184.8656,
    "quantity": 0.006,
    "remaining_quantity": 0.006
  },
  {
    "event_id": "5716d563cc390e19a1c26f0b7ae66a27624eb56b2749d9e1792966c5b5a66e2c",
    "schema_version": "1.0.0",
    "event_type": "agent_order",
    "source": "synthetic_agent",
    "symbol": "BTCUSDT",
    "exchange": "binance_usdm",
    "timestamp": "2024-05-01T00:00:00.088000Z",
    "sequence": 11,
    "scenario_id": "scenario-224-latency_edge",
    "agent_id": "agent-latency_edge",
    "order_id": "scenario-224-latency_edge-agent-latency_edge-11",
    "action": "new",
    "side": "sell",
    "price": 65184.8656,
    "quantity": 0.006,
    "remaining_quantity": 0.006
  },
  {
    "event_id": "93e9b01dee2ccf8bec5fae8b80806a601226354d00b55b00a38b1eefe5cff269",
    "schema_version": "1.0.0",
    "event_type": "agent_order",
    "source": "synthetic_agent",
    "symbol": "BTCUSDT",
    "exchange": "binance_usdm",
    "timestamp": "2024-05-01T00:00:00.096000Z",
    "sequence": 12,
    "scenario_id": "scenario-224-latency_edge",
    "agent_id": "agent-latency_edge",
    "order_id": "scenario-224-latency_edge-agent-latency_edge-12",
    "action": "new",
    "side": "buy",
    "price": 65263.134399999995,
    "quantity": 0.006,
    "remaining_quantity": 0.006
  },
  {
    "event_id": "f36c3fa2767e58fd141926325dc9e6a737c9baef6cdd0e0b6575b6b2db89790f",
    "schema_version": "1.0.0",
    "event_type": "agent_order",
    "source": "synthetic_agent",
    "symbol": "BTCUSDT",
    "exchange": "binance_usdm",
    "timestamp": "2024-05-01T00:00:00.104000Z",
    "sequence": 13,
    "scenario_id": "scenario-224-latency_edge",
    "agent_id": "agent-latency_edge",
    "order_id": "scenario-224-latency_edge-agent-latency_edge-13",
    "action": "new",
    "side": "buy",
    "price": 65263.134399999995,
    "quantity": 0.006,
    "remaining_quantity": 0.006
  },
  {
    "event_id": "26ac3e0f3f1aa6fe3d8d9115359507e32402425a0b28724b9d744e035f37f9ab",
    "schema_version": "1.0.0",
    "event_type": "agent_order",
    "source": "synthetic_agent",
    "symbol": "BTCUSDT",
    "exchange": "binance_usdm",
    "timestamp": "2024-05-01T00:00:00.112000Z",
    "sequence": 14,
    "scenario_id": "scenario-224-latency_edge",
    "agent_id": "agent-latency_edge",
    "order_id": "scenario-224-latency_edge-agent-latency_edge-14",
    "action": "new",
    "side": "sell",
    "price": 65184.8656,
    "quantity": 0.006,
    "remaining_quantity": 0.006
  },
  {
    "event_id": "8af6f95a6cab074c1a9322e3c31090c736fb05d903453d9bb98f9bc4dcc8ff1e",
    "schema_version": "1.0.0",
    "event_type": "agent_order",
    "source": "synthetic_agent",
    "symbol": "BTCUSDT",
    "exchange": "binance_usdm",
    "timestamp": "2024-05-01T00:00:00.120000Z",
    "sequence": 15,
    "scenario_id": "scenario-224-latency_edge",
    "agent_id": "agent-latency_edge",
    "order_id": "scenario-224-latency_edge-agent-latency_edge-15",
    "action": "new",
    "side": "sell",
    "price": 65184.8656,
    "quantity": 0.006,
    "remaining_quantity": 0.006
  },
  {
    "event_id": "fd3b33d26f622423dc676350c7e309a7db22894d94546492c0341ca5054e2646",
    "schema_version": "1.0.0",
    "event_type": "agent_order",
    "source": "synthetic_agent",
    "symbol": "BTCUSDT",
    "exchange": "binance_usdm",
    "timestamp": "2024-05-01T00:00:00.128000Z",
    "sequence": 16,
    "scenario_id": "scenario-224-latency_edge",
    "agent_id": "agent-latency_edge",
    "order_id": "scenario-224-latency_edge-agent-latency_edge-16",
    "action": "new",
    "side": "buy",
    "price": 65263.134399999995,
    "quantity": 0.006,
    "remaining_quantity": 0.006
  },
  {
    "event_id": "ad3ee526fe0c9a5db51b91c28499f9f9a4bc57a7205d747156eb1c4d95f474c6",
    "schema_version": "1.0.0",
    "event_type": "agent_order",
    "source": "synthetic_agent",
    "symbol": "BTCUSDT",
    "exchange": "binance_usdm",
    "timestamp": "2024-05-01T00:00:00.136000Z",
    "sequence": 17,
    "scenario_id": "scenario-224-latency_edge",
    "agent_id": "agent-latency_edge",
    "order_id": "scenario-224-latency_edge-agent-latency_edge-17",
    "action": "new",
    "side": "buy",
    "price": 65263.134399999995,
    "quantity": 0.006,
    "remaining_quantity": 0.006
  },
  {
    "event_id": "12e643ba3029e20bad6cb139268bd29ae6aa29e1ce780c07ae1bd162d596d3a0",
    "schema_version": "1.0.0",
    "event_type": "agent_order",
    "source": "synthetic_agent",
    "symbol": "BTCUSDT",
    "exchange": "binance_usdm",
    "timestamp": "2024-05-01T00:00:00.144000Z",
    "sequence": 18,
    "scenario_id": "scenario-224-latency_edge",
    "agent_id": "agent-latency_edge",
    "order_id": "scenario-224-latency_edge-agent-latency_edge-18",
    "action": "new",
    "side": "sell",
    "price": 65184.8656,
    "quantity": 0.006,
    "remaining_quantity": 0.006
  },
  {
    "event_id": "4a10530884cb097e2f702b275dd490598cae895a9adc31f4767e78dfe2e71a7a",
    "schema_version": "1.0.0",
    "event_type": "agent_order",
    "source": "synthetic_agent",
    "symbol": "BTCUSDT",
    "exchange": "binance_usdm",
    "timestamp": "2024-05-01T00:00:00.152000Z",
    "sequence": 19,
    "scenario_id": "scenario-224-latency_edge",
    "agent_id": "agent-latency_edge",
    "order_id": "scenario-224-latency_edge-agent-latency_edge-19",
    "action": "new",
    "side": "sell",
    "price": 65184.8656,
    "quantity": 0.006,
    "remaining_quantity": 0.006
  },
  {
    "event_id": "312179fe763db65746eff7edf532fca2b5f93ee54b0b531d4dc61b9d14090881",
    "schema_version": "1.0.0",
    "event_type": "agent_order",
    "source": "synthetic_agent",
    "symbol": "BTCUSDT",
    "exchange": "binance_usdm",
    "timestamp": "2024-05-01T00:00:00.160000Z",
    "sequence": 20,
    "scenario_id": "scenario-224-latency_edge",
    "agent_id": "agent-latency_edge",
    "order_id": "scenario-224-latency_edge-agent-latency_edge-20",
    "action": "new",
    "side": "buy",
    "price": 65263.134399999995,
    "quantity": 0.006,
    "remaining_quantity": 0.006
  },
  {
    "event_id": "15835570b7d13a18f207d510f7af01200c33f3054d8e26a26137af4578a0bd71",
    "schema_version": "1.0.0",
    "event_type": "agent_order",
    "source": "synthetic_agent",
    "symbol": "BTCUSDT",
    "exchange": "binance_usdm",
    "timestamp": "2024-05-01T00:00:00.168000Z",
    "sequence": 21,
    "scenario_id": "scenario-224-latency_edge",
    "agent_id": "agent-latency_edge",
    "order_id": "scenario-224-latency_edge-agent-latency_edge-21",
    "action": "new",
    "side": "buy",
    "price": 65263.134399999995,
    "quantity": 0.006,
    "remaining_quantity": 0.006
  },
  {
    "event_id": "448ff17047d94ee3ec0665be53fa16caa6b49cba1979d579d14af9189f9cca75",
    "schema_version": "1.0.0",
    "event_type": "agent_order",
    "source": "synthetic_agent",
    "symbol": "BTCUSDT",
    "exchange": "binance_usdm",
    "timestamp": "2024-05-01T00:00:00.176000Z",
    "sequence": 22,
    "scenario_id": "scenario-224-latency_edge",
    "agent_id": "agent-latency_edge",
    "order_id": "scenario-224-latency_edge-agent-latency_edge-22",
    "action": "new",
    "side": "sell",
    "price": 65184.8656,
    "quantity": 0.006,
    "remaining_quantity": 0.006
  },
  {
    "event_id": "b8cf7a03832e3022bfb708789bd61be08b220d9aaf7a5af937ded15a7d4feea4",
    "schema_version": "1.0.0",
    "event_type": "agent_order",
    "source": "synthetic_agent",
    "symbol": "BTCUSDT",
    "exchange": "binance_usdm",
    "timestamp": "2024-05-01T00:00:00.184000Z",
    "sequence": 23,
    "scenario_id": "scenario-224-latency_edge",
    "agent_id": "agent-latency_edge",
    "order_id": "scenario-224-latency_edge-agent-latency_edge-23",
    "action": "new",
    "side": "sell",
    "price": 65184.8656,
    "quantity": 0.006,
    "remaining_quantity": 0.006
  },
  {
    "event_id": "b6699df1661054e646356a9582044a1ee30ad36c7106d4eab71168be0111620c",
    "schema_version": "1.0.0",
    "event_type": "agent_order",
    "source": "synthetic_agent",
    "symbol": "BTCUSDT",
    "exchange": "binance_usdm",
    "timestamp": "2024-05-01T00:00:00.192000Z",
    "sequence": 24,
    "scenario_id": "scenario-224-latency_edge",
    "agent_id": "agent-latency_edge",
    "order_id": "scenario-224-latency_edge-agent-latency_edge-24",
    "action": "new",
    "side": "buy",
    "price": 65263.134399999995,
    "quantity": 0.006,
    "remaining_quantity": 0.006
  },
  {
    "event_id": "413b460134debb4ae73ecdb2ad81480bd624b0ee8f7c4f92c518779a581d0fab",
    "schema_version": "1.0.0",
    "event_type": "agent_order",
    "source": "synthetic_agent",
    "symbol": "BTCUSDT",
    "exchange": "binance_usdm",
    "timestamp": "2024-05-01T00:00:00.200000Z",
    "sequence": 25,
    "scenario_id": "scenario-224-latency_edge",
    "agent_id": "agent-latency_edge",
    "order_id": "scenario-224-latency_edge-agent-latency_edge-25",
    "action": "new",
    "side": "buy",
    "price": 65263.134399999995,
    "quantity": 0.006,
    "remaining_quantity": 0.006
  },
  {
    "event_id": "c38c2ac64d8ba4b3cd514ef6db8c45ba7bd55201af1ab6d6788846253e6fd858",
    "schema_version": "1.0.0",
    "event_type": "agent_order",
    "source": "synthetic_agent",
    "symbol": "BTCUSDT",
    "exchange": "binance_usdm",
    "timestamp": "2024-05-01T00:00:00.208000Z",
    "sequence": 26,
    "scenario_id": "scenario-224-latency_edge",
    "agent_id": "agent-latency_edge",
    "order_id": "scenario-224-latency_edge-agent-latency_edge-26",
    "action": "new",
    "side": "sell",
    "price": 65184.8656,
    "quantity": 0.006,
    "remaining_quantity": 0.006
  },
  {
    "event_id": "90496523cac5eeadd9a6d4e03544248719e8be683c996917e0079ee4fe7aff60",
    "schema_version": "1.0.0",
    "event_type": "agent_order",
    "source": "synthetic_agent",
    "symbol": "BTCUSDT",
    "exchange": "binance_usdm",
    "timestamp": "2024-05-01T00:00:00.216000Z",
    "sequence": 27,
    "scenario_id": "scenario-224-latency_edge",
    "agent_id": "agent-latency_edge",
    "order_id": "scenario-224-latency_edge-agent-latency_edge-27",
    "action": "new",
    "side": "sell",
    "price": 65184.8656,
    "quantity": 0.006,
    "remaining_quantity": 0.006
  },
  {
    "event_id": "5f47b54ee642eab62df94a6c4a1470973743edc4d6834481d6cacbacc53cec60",
    "schema_version": "1.0.0",
    "event_type": "agent_order",
    "source": "synthetic_agent",
    "symbol": "BTCUSDT",
    "exchange": "binance_usdm",
    "timestamp": "2024-05-01T00:00:00.224000Z",
    "sequence": 28,
    "scenario_id": "scenario-224-latency_edge",
    "agent_id": "agent-latency_edge",
    "order_id": "scenario-224-latency_edge-agent-latency_edge-28",
    "action": "new",
    "side": "buy",
    "price": 65263.134399999995,
    "quantity": 0.006,
    "remaining_quantity": 0.006
  },
  {
    "event_id": "eac6b060081c2ede532e9dede7501831a2659c2071e3072d71980b3935bfaf61",
    "schema_version": "1.0.0",
    "event_type": "agent_order",
    "source": "synthetic_agent",
    "symbol": "BTCUSDT",
    "exchange": "binance_usdm",
    "timestamp": "2024-05-01T00:00:00.232000Z",
    "sequence": 29,
    "scenario_id": "scenario-224-latency_edge",
    "agent_id": "agent-latency_edge",
    "order_id": "scenario-224-latency_edge-agent-latency_edge-29",
    "action": "new",
    "side": "buy",
    "price": 65263.134399999995,
    "quantity": 0.006,
    "remaining_quantity": 0.006
  }
]