[
  {
    "event_id": "040ad033bf12bb20f55d9fe0143c9727507da554c773ac4a85c298a78a64b66a",
    "schema_version": "1.0.0",
    "event_type": "agent_order",
    "source": "synthetic_agent",
    "symbol": "BTCUSDT",
    "exchange": "binance_usdm",
    "timestamp": "2024-05-01T00:00:00Z",
    "sequence": 0,
    "scenario_id": "scenario-032-latency_edge",
    "agent_id": "agent-latency_edge",
    "order_id": "scenario-032-latency_edge-agent-latency_edge-0",
    "action": "new",
    "side": "buy",
    "price": 65071.019199999995,
    "quantity": 0.006,
    "remaining_quantity": 0.006
  },
  {
    "event_id": "ab1cb285eff052da8a65a61ca15f11dbc69c505171e22a9a5c99b52dc06b9972",
    "schema_version": "1.0.0",
    "event_type": "agent_order",
    "source": "synthetic_agent",
    "symbol": "BTCUSDT",
    "exchange": "binance_usdm",
    "timestamp": "2024-05-01T00:00:00.008000Z",
    "sequence": 1,
    "scenario_id": "scenario-032-latency_edge",
    "agent_id": "agent-latency_edge",
    "order_id": "scenario-032-latency_edge-agent-latency_edge-1",
    "action": "new",
    "side": "buy",
    "price": 65071.019199999995,
    "quantity": 0.006,
    "remaining_quantity": 0.006
  },
  {
    "event_id": "2796f4c9ae036fc0d5769d1386ad4629098401e93ec9a72b8e1e93f4e6f13e82",
    "schema_version": "1.0.0",
    "event_type": "agent_order",
    "source": "synthetic_agent",
    "symbol": "BTCUSDT",
    "exchange": "binance_usdm",
    "timestamp": "2024-05-01T00:00:00.016000Z",
    "sequence": 2,
    "scenario_id": "scenario-032-latency_edge",
    "agent_id": "agent-latency_edge",
    "order_id": "scenario-032-latency_edge-agent-latency_edge-2",
    "action": "new",
    "side": "sell",
    "price": 64992.9808,
    "quantity": 0.006,
    "remaining_quantity": 0.006
  },
  {
    "event_id": "8936f72a695a81c6c4f9dca123bd49099a00b188ee2b6d2364690b4963b21779",
    "schema_version": "1.0.0",
    "event_type": "agent_order",
    "source": "synthetic_agent",
    "symbol": "BTCUSDT",
    "exchange": "binance_usdm",
    "timestamp": "2024-05-01T00:00:00.024000Z",
    "sequence": 3,
    "scenario_id": "scenario-032-latency_edge",
    "agent_id": "agent-latency_edge",
    "order_id": "scenario-032-latency_edge-agent-latency_edge-3",
    "action": "new",
    "side": "sell",
    "price": 64992.9808,
    "quantity": 0.006,
    "remaining_quantity": 0.006
  },
  {
    "event_id": "1d9a17856eae979119a5aa11f310745bd1adb330e03d7d0969614cb9a6d68513",
    "schema_version": "1.0.0",
    "event_type": "agent_order",
    "source": "synthetic_agent",
    "symbol": "BTCUSDT",
    "exchange": "binance_usdm",
    "timestamp": "2024-05-01T00:00:00.032000Z",
    "sequence": 4,
    "scenario_id": "scenario-032-latency_edge",
    "agent_id": "agent-latency_edge",
    "order_id": "scenario-032-latency_edge-agent-latency_edge-4",
    "action": "new",
    "side": "buy",
    "price": 65071.019199999995,
    "quantity": 0.006,
    "remaining_quantity": 0.006
  },
  {
    "event_id": "b309cc1643e6d36130373d260536d30ada35b16f60a489fb1f32fcce5a7dcd73",
    "schema_version": "1.0.0",
    "event_type": "agent_order",
    "source": "synthetic_agent",
    "symbol": "BTCUSDT",
    "exchange": "binance_usdm",
    "timestamp": "2024-05-01T00:00:00.040000Z",
    "sequence": 5,
    "scenario_id": "scenario-032-latency_edge",
    "agent_id": "agent-latency_edge",
    "order_id": "scenario-032-latency_edge-agent-latency_edge-5",
    "action": "new",
    "side": "buy",
    "price": 65071.019199999995,
    "quantity": 0.006,
    "remaining_quantity": 0.006
  },
  {
    "event_id": "0669e91b09c47c4fbf4c305e42f8f293b72d7ab136f803127a9ab925c288c072",
    "schema_version": "1.0.0",
    "event_type": "agent_order",
    "source": "synthetic_agent",
    "symbol": "BTCUSDT",
    "exchange": "binance_usdm",
    "timestamp": "2024-05-01T00:00:00.048000Z",
    "sequence": 6,
    "scenario_id": "scenario-032-latency_edge",
    "agent_id": "agent-latency_edge",
    "order_id": "scenario-032-latency_edge-agent-latency_edge-6",
    "action": "new",
    "side": "sell",
    "price": 64992.9808,
    "quantity": 0.006,
    "remaining_quantity": 0.006
  },
  {
    "event_id": "7523bcdc8d01a6d20e0d66e6c536b6d12bfb25108b2a87d5b147a13c9d7ca9da",
    "schema_version": "1.0.0",
    "event_type": "agent_order",
    "source": "synthetic_agent",
    "symbol": "BTCUSDT",
    "exchange": "binance_usdm",
    "timestamp": "2024-05-01T00:00:00.056000Z",
    "sequence": 7,
    "scenario_id": "scenario-032-latency_edge",
    "agent_id": "agent-latency_edge",
    "order_id": "scenario-032-latency_edge-agent-latency_edge-7",
    "action": "new",
    "side": "sell",
    "price": 64992.9808,
    "quantity": 0.006,
    "remaining_quantity": 0.006
  },
  {
    "event_id": "edf9401e93e70c94406dedc1b13110ae4158f923e3814b76bf21ccdc7fa974d6",
    "schema_version": "1.0.0",
    "event_type": "agent_order",
    "source": "synthetic_agent",
    "symbol": "BTCUSDT",
    "exchange": "binance_usdm",
    "timestamp": "2024-05-01T00:00:00.064000Z",
    "sequence": 8,
    "scenario_id": "scenario-032-latency_edge",
    "agent_id": "agent-latency_edge",
    "order_id": "scenario-032-latency_edge-agent-latency_edge-8",
    "action": "new",
    "side": "buy",
    "price": 65071.019199999995,
    "quantity": 0.006,
    "remaining_quantity": 0.006
  },
  {
    "event_id": "b14e07a26a50a00363adca2ecc96b42aebfa0c06e2421fb8e0baa194e2742cb6",
    "schema_version": "1.0.0",
    "event_type": "agent_order",
    "source": "synthetic_agent",
    "symbol": "BTCUSDT",
    "exchange": "binance_usdm",
    "timestamp": "2024-05-01T00:00:00.072000Z",
    "sequence": 9,
    "scenario_id": "scenario-032-latency_edge",
    "agent_id": "agent-latency_edge",
    "order_id": "scenario-032-latency_edge-agent-latency_edge-9",
    "action": "new",
    "side": "buy",
    "price": 65071.019199999995,
    "quantity": 0.006,
    "remaining_quantity": 0.006
  },
  {
    "event_id": "74d1ae202e4c4fc339217d7140401fa910ea4a4b6927d8e595cf3ee1a606595e",
    "schema_version": "1.0.0",
    "event_type": "agent_order",
    "source": "synthetic_agent",
    "symbol": "BTCUSDT",
    "exchange": "binance_usdm",
    "timestamp": "2024-05-01T00:00:00.080000Z",
    "sequence": 10,
    "scenario_id": "scenario-032-latency_edge",
    "agent_id": "agent-latency_edge",
    "order_id": "scenario-032-latency_edge-agent-latency_edge-10",
    "action": "new",
    "side": "sell",
    "price": 64992.9808,
    "quantity": 0.006,
    "remaining_quantity": 0.006
  },
  {
    "event_id": "398518bc3e5f75c0350deb518b7b0d746e6fbffd47a5b14c7a388828f6041832",
    "schema_version": "1.0.0",
    "event_type": "agent_order",
    "source": "synthetic_agent",
    "symbol": "BTCUSDT",
    "exchange": "binance_usdm",
    "timestamp": "2024-05-01T00:00:00.088000Z",
    "sequence": 11,
    "scenario_id": "scenario-032-latency_edge",
    "agent_id": "agent-latency_edge",
    "order_id": "scenario-032-latency_edge-agent-latency_edge-11",
    "action": "new",
    "side": "sell",
    "price": 64992.9808,
    "quantity": 0.006,
    "remaining_quantity": 0.006
  },
  {
    "event_id": "d811fcf986b0ff50a81301d59cfb1476b86db0002953195b9e107071e92a0a9c",
    "schema_version": "1.0.0",
    "event_type": "agent_order",
    "source": "synthetic_agent",
    "symbol": "BTCUSDT",
    "exchange": "binance_usdm",
    "timestamp": "2024-05-01T00:00:00.096000Z",
    "sequence": 12,
    "scenario_id": "scenario-032-latency_edge",
    "agent_id": "agent-latency_edge",
    "order_id": "scenario-032-latency_edge-agent-latency_edge-12",
    "action": "new",
    "side": "buy",
    "price": 65071.019199999995,
    "quantity": 0.006,
    "remaining_quantity": 0.006
  },
  {
    "event_id": "883214cbd29aa973f7beb99a417211f1425fdbc4e21b560a255ef986f3772e45",
    "schema_version": "1.0.0",
    "event_type": "agent_order",
    "source": "synthetic_agent",
    "symbol": "BTCUSDT",
    "exchange": "binance_usdm",
    "timestamp": "2024-05-01T00:00:00.104000Z",
    "sequence": 13,
    "scenario_id": "scenario-032-latency_edge",
    "agent_id": "agent-latency_edge",
    "order_id": "scenario-032-latency_edge-agent-latency_edge-13",
    "action": "new",
    "side": "buy",
    "price": 65071.019199999995,
    "quantity": 0.006,
    "remaining_quantity": 0.006
  },
  {
    "event_id": "1834cf09c7d48150dca20c42d713b5ebd0525932700b0a980a2265ef2045802a",
    "schema_version": "1.0.0",
    "event_type": "agent_order",
    "source": "synthetic_agent",
    "symbol": "BTCUSDT",
    "exchange": "binance_usdm",
    "timestamp": "2024-05-01T00:00:00.112000Z",
    "sequence": 14,
    "scenario_id": "scenario-032-latency_edge",
    "agent_id": "agent-latency_edge",
    "order_id": "scenario-032-latency_edge-agent-latency_edge-14",
    "action": "new",
    "side": "sell",
    "price": 64992.9808,
    "quantity": 0.006,
    "remaining_quantity": 0.006
  },
  {
    "event_id": "3b591a9d2be65947f2b574818101730b8b1fb18ec2b77fb0a056a5fe963d0240",
    "schema_version": "1.0.0",
    "event_type": "agent_order",
    "source": "synthetic_agent",
    "symbol": "BTCUSDT",
    "exchange": "binance_usdm",
    "timestamp": "2024-05-01T00:00:00.120000Z",
    "sequence": 15,
    "scenario_id": "scenario-032-latency_edge",
    "agent_id": "agent-latency_edge",
    "order_id": "scenario-032-latency_edge-agent-latency_edge-15",
    "action": "new",
    "side": "sell",
    "price": 64992.9808,
    "quantity": 0.006,
    "remaining_quantity": 0.006
  },
  {
    "event_id": "6413fcaaf4884a8b5b2a557a6621f9a9dee975a8eca8a8b3d3f86999049715a3",
    "schema_version": "1.0.0",
    "event_type": "agent_order",
    "source": "synthetic_agent",
    "symbol": "BTCUSDT",
    "exchange": "binance_usdm",
    "timestamp": "2024-05-01T00:00:00.128000Z",
    "sequence": 16,
    "scenario_id": "scenario-032-latency_edge",
    "agent_id": "agent-latency_edge",
    "order_id": "scenario-032-latency_edge-agent-latency_edge-16",
    "action": "new",
    "side": "buy",
    "price": 65071.019199999995,
    "quantity": 0.006,
    "remaining_quantity": 0.006
  },
  {
    "event_id": "e2d94ae6d52179281e251ef253692c347176701ab5f04995b1d49bd43519fad7",
    "schema_version": "1.0.0",
    "event_type": "agent_order",
    "source": "synthetic_agent",
    "symbol": "BTCUSDT",
    "exchange": "binance_usdm",
    "timestamp": "2024-05-01T00:00:00.136000Z",
    "sequence": 17,
    "scenario_id": "scenario-032-latency_edge",
    "agent_id": "agent-latency_edge",
    "order_id": "scenario-032-latency_edge-agent-latency_edge-17",
    "action": "new",
    "side": "buy",
    "price": 65071.019199999995,
    "quantity": 0.006,
    "remaining_quantity": 0.006
  },
  {
    "event_id": "4200b4197ebb8b5e87f37daa54791f4c213b6a36eac67c701e9c21005f76c369",
    "schema_version": "1.0.0",
    "event_type": "agent_order",
    "source": "synthetic_agent",
    "symbol": "BTCUSDT",
    "exchange": "binance_usdm",
    "timestamp": "2024-05-01T00:00:00.144000Z",
    "sequence": 18,
    "scenario_id": "scenario-032-latency_edge",
    "agent_id": "agent-latency_edge",
    "order_id": "scenario-032-latency_edge-agent-latency_edge-18",
    "action": "new",
    "side": "sell",
    "price": 64992.9808,
    "quantity": 0.006,
    "remaining_quantity": 0.006
  },
  {
    "event_id": "9cc969592f1b19c004b266d4175b652a06e9299006e3a188dcaaa3d2a662545f",
    "schema_version": "1.0.0",
    "event_type": "agent_order",
    "source": "synthetic_agent",
    "symbol": "BTCUSDT",
    "exchange": "binance_usdm",
    "timestamp": "2024-05-01T00:00:00.152000Z",
    "sequence": 19,
    "scenario_id": "scenario-032-latency_edge",
    "agent_id": "agent-latency_edge",
    "order_id": "scenario-032-latency_edge-agent-latency_edge-19",
    "action": "new",
    "side": "sell",
    "price": 64992.9808,
    "quantity": 0.006,
    "remaining_quantity": 0.006
  },
  {
    "event_id": "33bc125126b439aa84e372f3ffbae1025a1faf355995c196ec186415c9e5787c",
    "schema_version": "1.0.0",
    "event_type": "agent_order",
    "source": "synthetic_agent",
    "symbol": "BTCUSDT",
    "exchange": "binance_usdm",
    "timestamp": "2024-05-01T00:00:00.160000Z",
    "sequence": 20,
    "scenario_id": "scenario-032-latency_edge",
    "agent_id": "agent-latency_edge",
    "order_id": "scenario-032-latency_edge-agent-latency_edge-20",
    "action": "new",
    "side": "buy",
    "price": 65071.019199999995,
    "quantity": 0.006,
    "remaining_quantity": 0.006
  },
  {
    "event_id": "d60bbabcf6f7cac2e3b38ea2ee24076165f2c210f1ac222b0851673f18bfc161",
    "schema_version": "1.0.0",
    "event_type": "agent_order",
    "source": "synthetic_agent",
    "symbol": "BTCUSDT",
    "exchange": "binance_usdm",
    "timestamp": "2024-05-01T00:00:00.168000Z",
    "sequence": 21,
    "scenario_id": "scenario-032-latency_edge",
    "agent_id": "agent-latency_edge",
    "order_id": "scenario-032-latency_edge-agent-latency_edge-21",
    "action": "new",
    "side": "buy",
    "price": 65071.019199999995,
    "quantity": 0.006,
    "remaining_quantity": 0.006
  },
  {
    "event_id": "ac5a31d295e8ba93a0e7922c41bc705e9516f34d60455207c7968ebee45d088c",
    "schema_version": "1.0.0",
    "event_type": "agent_order",
    "source": "synthetic_agent",
    "symbol": "BTCUSDT",
    "exchange": "binance_usdm",
    "timestamp": "2024-05-01T00:00:00.176000Z",
    "sequence": 22,
    "scenario_id": "scenario-032-latency_edge",
    "agent_id": "agent-latency_edge",
    "order_id": "scenario-032-latency_edge-agent-latency_edge-22",
    "action": "new",
    "side": "sell",
    "price": 64992.9808,
    "quantity": 0.006,
    "remaining_quantity": 0.006
  },
  {
    "event_id": "e1d8195f9d9adc82334c8b4a143727ae461d59fc2301398f5442f229aebdbe0d",
    "schema_version": "1.0.0",
    "event_type": "agent_order",
    "source": "synthetic_agent",
    "symbol": "BTCUSDT",
    "exchange": "binance_usdm",
    "timestamp": "2024-05-01T00:00:00.184000Z",
    "sequence": 23,
    "scenario_id": "scenario-032-latency_edge",
    "agent_id": "agent-latency_edge",
    "order_id": "scenario-032-latency_edge-agent-latency_edge-23",
    "action": "new",
    "side": "sell",
    "price": 64992.9808,
    "quantity": 0.006,
    "remaining_quantity": 0.006
  },
  {
    "event_id": "176fcbb22fa0531c648f0f7e6e7aefe83f875b73bf89512b07f9ed672b4e8036",
    "schema_version": "1.0.0",
    "event_type": "agent_order",
    "source": "synthetic_agent",
    "symbol": "BTCUSDT",
    "exchange": "binance_usdm",
    "timestamp": "2024-05-01T00:00:00.192000Z",
    "sequence": 24,
    "scenario_id": "scenario-032-latency_edge",
    "agent_id": "agent-latency_edge",
    "order_id": "scenario-032-latency_edge-agent-latency_edge-24",
    "action": "new",
    "side": "buy",
    "price": 65071.019199999995,
    "quantity": 0.006,
    "remaining_quantity": 0.006
  },
  {
    "event_id": "f1120c17e64b19a8ef86786fe27154f26bc6bfd3f1175effc3bf5bbd6d37ec96",
    "schema_version": "1.0.0",
    "event_type": "agent_order",
    "source": "synthetic_agent",
    "symbol": "BTCUSDT",
    "exchange": "binance_usdm",
    "timestamp": "2024-05-01T00:00:00.200000Z",
    "sequence": 25,
    "scenario_id": "scenario-032-latency_edge",
    "agent_id": "agent-latency_edge",
    "order_id": "scenario-032-latency_edge-agent-latency_edge-25",
    "action": "new",
    "side": "buy",
    "price": 65071.019199999995,
    "quantity": 0.006,
    "remaining_quantity": 0.006
  },
  {
    "event_id": "a2b63177e4d92bdc0ce0eafde67c5c3141ba46bf9ef6b8b2ed08d3a14d0cbca6",
    "schema_version": "1.0.0",
    "event_type": "agent_order",
    "source": "synthetic_agent",
    "symbol": "BTCUSDT",
    "exchange": "binance_usdm",
    "timestamp": "2024-05-01T00:00:00.208000Z",
    "sequence": 26,
    "scenario_id": "scenario-032-latency_edge",
    "agent_id": "agent-latency_edge",
    "order_id": "scenario-032-latency_edge-agent-latency_edge-26",
    "action": "new",
    "side": "sell",
    "price": 64992.9808,
    "quantity": 0.006,
    "remaining_quantity": 0.006
  },
  {
    "event_id": "e407b2d152fb995fc319025d8b18cf7dc92babdab66dd0e561212f656f910e21",
    "schema_version": "1.0.0",
    "event_type": "agent_order",
    "source": "synthetic_agent",
    "symbol": "BTCUSDT",
    "exchange": "binance_usdm",
    "timestamp": "2024-05-01T00:00:00.216000Z",
    "sequence": 27,
    "scenario_id": "scenario-032-latency_edge",
    "agent_id": "agent-latency_edge",
    "order_id": "scenario-032-latency_edge-agent-latency_edge-27",
    "action": "new",
    "side": "sell",
    "price": 64992.9808,
    "quantity": 0.006,
    "remaining_quantity": 0.006
  },
  {
    "event_id": "e2044928e68039679320e8745f5cf4128cae1e46764737ba221385c8e6c8470f",
    "schema_version": "1.0.0",
    "event_type": "agent_order",
    "source": "synthetic_agent",
    "symbol": "BTCUSDT",
    "exchange": "binance_usdm",
    "timestamp": "2024-05-01T00:00:00.224000Z",
    "sequence": 28,
    "scenario_id": "scenario-032-latency_edge",
    "agent_id": "agent-latency_edge",
    "order_id": "scenario-032-latency_edge-agent-latency_edge-28",
    "action": "new",
    "side": "buy",
    "price": 65071.019199999995,
    "quantity": 0.006,
    "remaining_quantity": 0.006
  },
  {
    "event_id": "40713c652ff1453b16a0d7398e82ecee9f7b5f46a29a7a01eb3785a132859e30",
    "schema_version": "1.0.0",
    "event_type": "agent_order",
    "source": "synthetic_agent",
    "symbol": "BTCUSDT",
    "exchange": "binance_usdm",
    "timestamp": "2024-05-01T00:00:00.232000Z",
    "sequence": 29,
    "scenario_id": "scenario-032-latency_edge",
    "agent_id": "agent-latency_edge",
    "order_id": "scenario-032-latency_edge-agent-latency_edge-29",
    "action": "new",
    "side": "buy",
    "price": 65071.019199999995,
    "quantity": 0.006,
    "remaining_quantity": 0.006
  }
]