[
  {
    "event_id": "ef95ae6731141611b017fc92d1b3c0b0cc86e426083906201b3aa1b56dd2bc30",
    "schema_version": "1.0.0",
    "event_type": "agent_order",
    "source": "synthetic_agent",
    "symbol": "BTCUSDT",
    "exchange": "binance_usdm",
    "timestamp": "2024-05-01T00:00:00Z",
    "sequence": 0,
    "scenario_id": "scenario-596-latency_edge",
    "agent_id": "agent-latency_edge",
    "order_id": "scenario-596-latency_edge-agent-latency_edge-0",
    "action": "new",
    "side": "buy",
    "price": 65635.35759999999,
    "quantity": 0.006,
    "remaining_quantity": 0.006
  },
  {
    "event_id": "6b89c464e3f2a702ace18ad51adeed4978dcf3bb0133be4b0a76f3c9ae36f7ba",
    "schema_version": "1.0.0",
    "event_type": "agent_order",
    "source": "synthetic_agent",
    "symbol": "BTCUSDT",
    "exchange": "binance_usdm",
    "timestamp": "2024-05-01T00:00:00.008000Z",
    "sequence": 1,
    "scenario_id": "scenario-596-latency_edge",
    "agent_id": "agent-latency_edge",
    "order_id": "scenario-596-latency_edge-agent-latency_edge-1",
    "action": "new",
    "side": "buy",
    "price": 65635.35759999999,
    "quantity": 0.006,
    "remaining_quantity": 0.006
  },
  {
    "event_id": "5fde7a2724dd730e501c41464b4ae4c1946391f07872701ed3c9577f074bad42",
    "schema_version": "1.0.0",
    "event_type": "agent_order",
    "source": "synthetic_agent",
    "symbol": "BTCUSDT",
    "exchange": "binance_usdm",
    "timestamp": "2024-05-01T00:00:00.016000Z",
    "sequence": 2,
    "scenario_id": "scenario-596-latency_edge",
    "agent_id": "agent-latency_edge",
    "order_id": "scenario-596-latency_edge-agent-latency_edge-2",
    "action": "new",
    "side": "sell",
    "price": 65556.6424,
    "quantity": 0.006,
    "remaining_quantity": 0.006
  },
  {
    "event_id": "68ad04985d58eda136c0bcddcf87d32ee76f669e5329402dafba9e842529b642",
    "schema_version": "1.0.0",
    "event_type": "agent_order",
    "source": "synthetic_agent",
    "symbol": "BTCUSDT",
    "exchange": "binance_usdm",
    "timestamp": "2024-05-01T00:00:00.024000Z",
    "sequence": 3,
    "scenario_id": "scenario-596-latency_edge",
    "agent_id": "agent-latency_edge",
    "order_id": "scenario-596-latency_edge-agent-latency_edge-3",
    "action": "new",
    "side": "sell",
    "price": 65556.6424,
    "quantity": 0.006,
    "remaining_quantity": 0.006
  },
  {
    "event_id": "b5038c94fb0fac516d25b46ac9e398e6ad45bf0f9d9bfddc4a1fc693e6d08fa5",
    "schema_version": "1.0.0",
    "event_type": "agent_order",
    "source": "synthetic_agent",
    "symbol": "BTCUSDT",
    "exchange": "binance_usdm",
    "timestamp": "2024-05-01T00:00:00.032000Z",
    "sequence": 4,
    "scenario_id": "scenario-596-latency_edge",
    "agent_id": "agent-latency_edge",
    "order_id": "scenario-596-latency_edge-agent-latency_edge-4",
    "action": "new",
    "side": "buy",
    "price": 65635.35759999999,
    "quantity": 0.006,
    "remaining_quantity": 0.006
  },
  {
    "event_id": "d79ed83805e280a2dd338f6c8f1ed9e4bfd015d21b8087647b7c7cb96190006c",
    "schema_version": "1.0.0",
    "event_type": "agent_order",
    "source": "synthetic_agent",
    "symbol": "BTCUSDT",
    "exchange": "binance_usdm",
    "timestamp": "2024-05-01T00:00:00.040000Z",
    "sequence": 5,
    "scenario_id": "scenario-596-latency_edge",
    "agent_id": "agent-latency_edge",
    "order_id": "scenario-596-latency_edge-agent-latency_edge-5",
    "action": "new",
    "side": "buy",
    "price": 65635.35759999999,
    "quantity": 0.006,
    "remaining_quantity": 0.006
  },
  {
    "event_id": "91b13d071722d9c048a6002d6640a29aabda8d3e6886084f2756d646d8657a8d",
    "schema_version": "1.0.0",
    "event_type": "agent_order",
    "source": "synthetic_agent",
    "symbol": "BTCUSDT",
    "exchange": "binance_usdm",
    "timestamp": "2024-05-01T00:00:00.048000Z",
    "sequence": 6,
    "scenario_id": "scenario-596-latency_edge",
    "agent_id": "agent-latency_edge",
    "order_id": "scenario-596-latency_edge-agent-latency_edge-6",
    "action": "new",
    "side": "sell",
    "price": 65556.6424,
    "quantity": 0.006,
    "remaining_quantity": 0.006
  },
  {
    "event_id": "0b461214c6a592f0feab033526ee3bf41a50bc31f7d1831027e1e9ea51eceea8",
    "schema_version": "1.0.0",
    "event_type": "agent_order",
    "source": "synthetic_agent",
    "symbol": "BTCUSDT",
    "exchange": "binance_usdm",
    "timestamp": "2024-05-01T00:00:00.056000Z",
    "sequence": 7,
    "scenario_id": "scenario-596-latency_edge",
    "agent_id": "agent-latency_edge",
    "order_id": "scenario-596-latency_edge-agent-latency_edge-7",
    "action": "new",
    "side": "sell",
    "price": 65556.6424,
    "quantity": 0.006,
    "remaining_quantity": 0.006
  },
  {
    "event_id": "a6d3ac8e07e0e5267803dab8735216d1a1860462cd3a6380f8e9fcdd01110c98",
    "schema_version": "1.0.0",
    "event_type": "agent_order",
    "source": "synthetic_agent",
    "symbol": "BTCUSDT",
    "exchange": "binance_usdm",
    "timestamp": "2024-05-01T00:00:00.064000Z",
    "sequence": 8,
    "scenario_id": "scenario-596-latency_edge",
    "agent_id": "agent-latency_edge",
    "order_id": "scenario-596-latency_edge-agent-latency_edge-8",
    "action": "new",
    "side": "buy",
    "price": 65635.35759999999,
    "quantity": 0.006,
    "remaining_quantity": 0.006
  },
  {
    "event_id": "27d6952039a084bdbbcbf8b497c87b945f3a237b1efd59a6fff38b94a85f4b06",
    "schema_version": "1.0.0",
    "event_type": "agent_order",
    "source": "synthetic_agent",
    "symbol": "BTCUSDT",
    "exchange": "binance_usdm",
    "timestamp": "2024-05-01T00:00:00.072000Z",
    "sequence": 9,
    "scenario_id": "scenario-596-latency_edge",
    "agent_id": "agent-latency_edge",
    "order_id": "scenario-596-latency_edge-agent-latency_edge-9",
    "action": "new",
    "side": "buy",
    "price": 65635.35759999999,
    "quantity": 0.006,
    "remaining_quantity": 0.006
  },
  {
    "event_id": "d13a30d6f04a4b4e72590574ceb7a591d526a9ce882bdd29c63383a05383b4b8",
    "schema_version": "1.0.0",
    "event_type": "agent_order",
    "source": "synthetic_agent",
    "symbol": "BTCUSDT",
    "exchange": "binance_usdm",
    "timestamp": "2024-05-01T00:00:00.080000Z",
    "sequence": 10,
    "scenario_id": "scenario-596-latency_edge",
    "agent_id": "agent-latency_edge",
    "order_id": "scenario-596-latency_edge-agent-latency_edge-10",
    "action": "new",
    "side": "sell",
    "price": 65556.6424,
    "quantity": 0.006,
    "remaining_quantity": 0.006
  },
  {
    "event_id": "a811cf770370cf21ede2700f04ec57f2b244dca71921f8325a2061ad359072c6",
    "schema_version": "1.0.0",
    "event_type": "agent_order",
    "source": "synthetic_agent",
    "symbol": "BTCUSDT",
    "exchange": "binance_usdm",
    "timestamp": "2024-05-01T00:00:00.088000Z",
    "sequence": 11,
    "scenario_id": "scenario-596-latency_edge",
    "agent_id": "agent-latency_edge",
    "order_id": "scenario-596-latency_edge-agent-latency_edge-11",
    "action": "new",
    "side": "sell",
    "price": 65556.6424,
    "quantity": 0.006,
    "remaining_quantity": 0.006
  },
  {
    "event_id": "365e7b481a338bfc0a19270fccd3a433436c3968c4b775fa183a59913c8d2230",
    "schema_version": "1.0.0",
    "event_type": "agent_order",
    "source": "synthetic_agent",
    "symbol": "BTCUSDT",
    "exchange": "binance_usdm",
    "timestamp": "2024-05-01T00:00:00.096000Z",
    "sequence": 12,
    "scenario_id": "scenario-596-latency_edge",
    "agent_id": "agent-latency_edge",
    "order_id": "scenario-596-latency_edge-agent-latency_edge-12",
    "action": "new",
    "side": "buy",
    "price": 65635.35759999999,
    "quantity": 0.006,
    "remaining_quantity": 0.006
  },
  {
    "event_id": "e85ccfd2c4688858c94a6e969f0ee1113f716265156f6ad8ae2bb4d18ed40024",
    "schema_version": "1.0.0",
    "event_type": "agent_order",
    "source": "synthetic_agent",
    "symbol": "BTCUSDT",
    "exchange": "binance_usdm",
    "timestamp": "2024-05-01T00:00:00.104000Z",
    "sequence": 13,
    "scenario_id": "scenario-596-latency_edge",
    "agent_id": "agent-latency_edge",
    "order_id": "scenario-596-latency_edge-agent-latency_edge-13",
    "action": "new",
    "side": "buy",
    "price": 65635.35759999999,
    "quantity": 0.006,
    "remaining_quantity": 0.006
  },
  {
    "event_id": "7106c0e67afba9eabfbd21fe425dd77ee9c6c6c4bbd35b878b5b834c46670d86",
    "schema_version": "1.0.0",
    "event_type": "agent_order",
    "source": "synthetic_agent",
    "symbol": "BTCUSDT",
    "exchange": "binance_usdm",
    "timestamp": "2024-05-01T00:00:00.112000Z",
    "sequence": 14,
    "scenario_id": "scenario-596-latency_edge",
    "agent_id": "agent-latency_edge",
    "order_id": "scenario-596-latency_edge-agent-latency_edge-14",
    "action": "new",
    "side": "sell",
    "price": 65556.6424,
    "quantity": 0.006,
    "remaining_quantity": 0.006
  },
  {
    "event_id": "9d223f2d1a36dcadf2cc911546413a157fe04f51993c7154cf3ea9d93d3accef",
    "schema_version": "1.0.0",
    "event_type": "agent_order",
    "source": "synthetic_agent",
    "symbol": "BTCUSDT",
    "exchange": "binance_usdm",
    "timestamp": "2024-05-01T00:00:00.120000Z",
    "sequence": 15,
    "scenario_id": "scenario-596-latency_edge",
    "agent_id": "agent-latency_edge",
    "order_id": "scenario-596-latency_edge-agent-latency_edge-15",
    "action": "new",
    "side": "sell",
    "price": 65556.6424,
    "quantity": 0.006,
    "remaining_quantity": 0.006
  },
  {
    "event_id": "b617c7b80d2fffc1e8b838b47dcfa70f735c3b64e68ecabffbdb1359b6323d19",
    "schema_version": "1.0.0",
    "event_type": "agent_order",
    "source": "synthetic_agent",
    "symbol": "BTCUSDT",
    "exchange": "binance_usdm",
    "timestamp": "2024-05-01T00:00:00.128000Z",
    "sequence": 16,
    "scenario_id": "scenario-596-latency_edge",
    "agent_id": "agent-latency_edge",
    "order_id": "scenario-596-latency_edge-agent-latency_edge-16",
    "action": "new",
    "side": "buy",
    "price": 65635.35759999999,
    "quantity": 0.006,
    "remaining_quantity": 0.006
  },
  {
    "event_id": "80fca87267011fa38846f68e416cf5e4b8b0dd238d6b7f312ab962f468491fcc",
    "schema_version": "1.0.0",
    "event_type": "agent_order",
    "source": "synthetic_agent",
    "symbol": "BTCUSDT",
    "exchange": "binance_usdm",
    "timestamp": "2024-05-01T00:00:00.136000Z",
    "sequence": 17,
    "scenario_id": "scenario-596-latency_edge",
    "agent_id": "agent-latency_edge",
    "order_id": "scenario-596-latency_edge-agent-latency_edge-17",
    "action": "new",
    "side": "buy",
    "price": 65635.35759999999,
    "quantity": 0.006,
    "remaining_quantity": 0.006
  },
  {
    "event_id": "09783b91476f5e47d6d3fe3cbff4f62e1ebee69e4662e11882a3e76846bd13f5",
    "schema_version": "1.0.0",
    "event_type": "agent_order",
    "source": "synthetic_agent",
    "symbol": "BTCUSDT",
    "exchange": "binance_usdm",
    "timestamp": "2024-05-01T00:00:00.144000Z",
    "sequence": 18,
    "scenario_id": "scenario-596-latency_edge",
    "agent_id": "agent-latency_edge",
    "order_id": "scenario-596-latency_edge-agent-latency_edge-18",
    "action": "new",
    "side": "sell",
    "price": 65556.6424,
    "quantity": 0.006,
    "remaining_quantity": 0.006
  },
  {
    "event_id": "f1c5bc2c03c6e48523694854b459c849b8ecf820be674586b228e563f9f06d9f",
    "schema_version": "1.0.0",
    "event_type": "agent_order",
    "source": "synthetic_agent",
    "symbol": "BTCUSDT",
    "exchange": "binance_usdm",
    "timestamp": "2024-05-01T00:00:00.152000Z",
    "sequence": 19,
    "scenario_id": "scenario-596-latency_edge",
    "agent_id": "agent-latency_edge",
    "order_id": "scenario-596-latency_edge-agent-latency_edge-19",
    "action": "new",
    "side": "sell",
    "price": 65556.6424,
    "quantity": 0.006,
    "remaining_quantity": 0.006
  },
  {
    "event_id": "e221b886518c6402a19f1355cadedcca71fe2ed28de2764292da0f05b2b75114",
    "schema_version": "1.0.0",
    "event_type": "agent_order",
    "source": "synthetic_agent",
    "symbol": "BTCUSDT",
    "exchange": "binance_usdm",
    "timestamp": "2024-05-01T00:00:00.160000Z",
    "sequence": 20,
    "scenario_id": "scenario-596-latency_edge",
    "agent_id": "agent-latency_edge",
    "order_id": "scenario-596-latency_edge-agent-latency_edge-20",
    "action": "new",
    "side": "buy",
    "price": 65635.35759999999,
    "quantity": 0.006,
    "remaining_quantity": 0.006
  },
  {
    "event_id": "c36d77ee29003d8ad2c189bff0cffb4214d2018e9787b57c8197cd7b4e986886",
    "schema_version": "1.0.0",
    "event_type": "agent_order",
    "source": "synthetic_agent",
    "symbol": "BTCUSDT",
    "exchange": "binance_usdm",
    "timestamp": "2024-05-01T00:00:00.168000Z",
    "sequence": 21,
    "scenario_id": "scenario-596-latency_edge",
    "agent_id": "agent-latency_edge",
    "order_id": "scenario-596-latency_edge-agent-latency_edge-21",
    "action": "new",
    "side": "buy",
    "price": 65635.35759999999,
    "quantity": 0.006,
    "remaining_quantity": 0.006
  },
  {
    "event_id": "164eccc546f500e32fafa8cee8c89471903b70496661f9dd2057c40aff05bba4",
    "schema_version": "1.0.0",
    "event_type": "agent_order",
    "source": "synthetic_agent",
    "symbol": "BTCUSDT",
    "exchange": "binance_usdm",
    "timestamp": "2024-05-01T00:00:00.176000Z",
    "sequence": 22,
    "scenario_id": "scenario-596-latency_edge",
    "agent_id": "agent-latency_edge",
    "order_id": "scenario-596-latency_edge-agent-latency_edge-22",
    "action": "new",
    "side": "sell",
    "price": 65556.6424,
    "quantity": 0.006,
    "remaining_quantity": 0.006
  },
  {
    "event_id": "22385acfe5f2ac996bf88c3e77f36bccf3292e0ca8ec28766466615dd60b3c17",
    "schema_version": "1.0.0",
    "event_type": "agent_order",
    "source": "synthetic_agent",
    "symbol": "BTCUSDT",
    "exchange": "binance_usdm",
    "timestamp": "2024-05-01T00:00:00.184000Z",
    "sequence": 23,
    "scenario_id": "scenario-596-latency_edge",
    "agent_id": "agent-latency_edge",
    "order_id": "scenario-596-latency_edge-agent-latency_edge-23",
    "action": "new",
    "side": "sell",
    "price": 65556.6424,
    "quantity": 0.006,
    "remaining_quantity": 0.006
  },
  {
    "event_id": "0369d811dcf7455be376497a019677049833829d9731baa565b3934c52c591e1",
    "schema_version": "1.0.0",
    "event_type": "agent_order",
    "source": "synthetic_agent",
    "symbol": "BTCUSDT",
    "exchange": "binance_usdm",
    "timestamp": "2024-05-01T00:00:00.192000Z",
    "sequence": 24,
    "scenario_id": "scenario-596-latency_edge",
    "agent_id": "agent-latency_edge",
    "order_id": "scenario-596-latency_edge-agent-latency_edge-24",
    "action": "new",
    "side": "buy",
    "price": 65635.35759999999,
    "quantity": 0.006,
    "remaining_quantity": 0.006
  },
  {
    "event_id": "6859119d7b1d18564a1cc4745240c19bc153e9c8439c8cdcea78a1f2cf2e62c1",
    "schema_version": "1.0.0",
    "event_type": "agent_order",
    "source": "synthetic_agent",
    "symbol": "BTCUSDT",
    "exchange": "binance_usdm",
    "timestamp": "2024-05-01T00:00:00.200000Z",
    "sequence": 25,
    "scenario_id": "scenario-596-latency_edge",
    "agent_id": "agent-latency_edge",
    "order_id": "scenario-596-latency_edge-agent-latency_edge-25",
    "action": "new",
    "side": "buy",
    "price": 65635.35759999999,
    "quantity": 0.006,
    "remaining_quantity": 0.006
  },
  {
    "event_id": "b784092f7f1cd0408db10dc218f6f707725041b464a573c68c5c47ad5475329d",
    "schema_version": "1.0.0",
    "event_type": "agent_order",
    "source": "synthetic_agent",
    "symbol": "BTCUSDT",
    "exchange": "binance_usdm",
    "timestamp": "2024-05-01T00:00:00.208000Z",
    "sequence": 26,
    "scenario_id": "scenario-596-latency_edge",
    "agent_id": "agent-latency_edge",
    "order_id": "scenario-596-latency_edge-agent-latency_edge-26",
    "action": "new",
    "side": "sell",
    "price": 65556.6424,
    "quantity": 0.006,
    "remaining_quantity": 0.006
  },
  {
    "event_id": "78e2a4cff9c0e9902981e4047853dd672f1706b651a31d71a91f69d3e3facfc4",
    "schema_version": "1.0.0",
    "event_type": "agent_order",
    "source": "synthetic_agent",
    "symbol": "BTCUSDT",
    "exchange": "binance_usdm",
    "timestamp": "2024-05-01T00:00:00.216000Z",
    "sequence": 27,
    "scenario_id": "scenario-596-latency_edge",
    "agent_id": "agent-latency_edge",
    "order_id": "scenario-596-latency_edge-agent-latency_edge-27",
    "action": "new",
    "side": "sell",
    "price": 65556.6424,
    "quantity": 0.006,
    "remaining_quantity": 0.006
  },
  {
    "event_id": "da0b4a29db645bb6dc17f9cd597207544eaeab81a5c0d93af6f2daf7d1d1b003",
    "schema_version": "1.0.0",
    "event_type": "agent_order",
    "source": "synthetic_agent",
    "symbol": "BTCUSDT",
    "exchange": "binance_usdm",
    "timestamp": "2024-05-01T00:00:00.224000Z",
    "sequence": 28,
    "scenario_id": "scenario-596-latency_edge",
    "agent_id": "agent-latency_edge",
    "order_id": "scenario-596-latency_edge-agent-latency_edge-28",
    "action": "new",
    "side": "buy",
    "price": 65635.35759999999,
    "quantity": 0.006,
    "remaining_quantity": 0.006
  },
  {
    "event_id": "c1ad54cdb265c2ff75484d791793fd57d5bb604406594f5e07b251d21da747ad",
    "schema_version": "1.0.0",
    "event_type": "agent_order",
    "source": "synthetic_agent",
    "symbol": "BTCUSDT",
    "exchange": "binance_usdm",
    "timestamp": "2024-05-01T00:00:00.232000Z",
    "sequence": 29,
    "scenario_id": "scenario-596-latency_edge",
    "agent_id": "agent-latency_edge",
    "order_id": "scenario-596-latency_edge-agent-latency_edge-29",
    "action": "new",
    "side": "buy",
    "price": 65635.35759999999,
    "quantity": 0.006,
    "remaining_quantity": 0.006
  }
]