[
  {
    "event_id": "1400210ff2ed5765f1aee1a9979172c7344336c133e27c15402b295e04d0e29a",
    "schema_version": "1.0.0",
    "event_type": "agent_order",
    "source": "synthetic_agent",
    "symbol": "BTCUSDT",
    "exchange": "binance_usdm",
    "timestamp": "2024-05-01T00:00:00Z",
    "sequence": 0,
    "scenario_id": "scenario-227-volatility_feedback",
    "agent_id": "agent-volatility_feedback",
    "order_id": "scenario-227-volatility_feedback-agent-volatility_feedback-0",
    "action": "new",
    "side": "buy",
    "price": 65292.22699999999,
    "quantity": 0.02,
    "remaining_quantity": 0.02
  },
  {
    "event_id": "3881531a9fc3f2501550ff0b24da808fcf69b61ab50e026bbcb9cbdfdc6e75f2",
    "schema_version": "1.0.0",
    "event_type": "agent_order",
    "source": "synthetic_agent",
    "symbol": "BTCUSDT",
    "exchange": "binance_usdm",
    "timestamp": "2024-05-01T00:00:00.020000Z",
    "sequence": 1,
    "scenario_id": "scenario-227-volatility_feedback",
    "agent_id": "agent-volatility_feedback",
    "order_id": "scenario-227-volatility_feedback-agent-volatility_feedback-1",
    "action": "new",
    "side": "sell",
    "price": 65160.46846,
    "quantity": 0.03,
    "remaining_quantity": 0.03
  },
  {
    "event_id": "6da1628d2d0d36b4db639fec24a2391df331321de42e284d30a57b446cad011c",
    "schema_version": "1.0.0",
    "event_type": "agent_order",
    "source": "synthetic_agent",
    "symbol": "BTCUSDT",
    "exchange": "binance_usdm",
    "timestamp": "2024-05-01T00:00:00.040000Z",
    "sequence": 2,
    "scenario_id": "scenario-227-volatility_feedback",
    "agent_id": "agent-volatility_feedback",
    "order_id": "scenario-227-volatility_feedback-agent-volatility_feedback-2",
    "action": "new",
    "side": "buy",
    "price": 65294.836079999994,
    "quantity": 0.04,
    "remaining_quantity": 0.04
  },
  {
    "event_id": "db3bd4d54f2dfc3d9565b73c2206cd02e05626410c54e0e0adc8ec665a11671e",
    "schema_version": "1.0.0",
    "event_type": "agent_order",
    "source": "synthetic_agent",
    "symbol": "BTCUSDT",
    "exchange": "binance_usdm",
    "timestamp": "2024-05-01T00:00:00.060000Z",
    "sequence": 3,
    "scenario_id": "scenario-227-volatility_feedback",
    "agent_id": "agent-volatility_feedback",
    "order_id": "scenario-227-volatility_feedback-agent-volatility_feedback-3",
    "action": "new",
    "side": "sell",
    "price": 65157.85938,
    "quantity": 0.05,
    "remaining_quantity": 0.05
  },
  {
    "event_id": "5ab06ea7b9bbc74b80b67484eb7037cc804d027ecddc028f725005b44871378a",
    "schema_version": "1.0.0",
    "event_type": "agent_order",
    "source": "synthetic_agent",
    "symbol": "BTCUSDT",
    "exchange": "binance_usdm",
    "timestamp": "2024-05-01T00:00:00.080000Z",
    "sequence": 4,
    "scenario_id": "scenario-227-volatility_feedback",
    "agent_id": "agent-volatility_feedback",
    "order_id": "scenario-227-volatility_feedback-agent-volatility_feedback-4",
    "action": "new",
    "side": "buy",
    "price": 65297.445159999996,
    "quantity": 0.02,
    "remaining_quantity": 0.02
  },
  {
    "event_id": "51660b04a285d49044efd42ecc08069a3d767947eddde23007c1c8e768b08a12",
    "schema_version": "1.0.0",
    "event_type": "agent_order",
    "source": "synthetic_agent",
    "symbol": "BTCUSDT",
    "exchange": "binance_usdm",
    "timestamp": "2024-05-01T00:00:00.100000Z",
    "sequence": 5,
    "scenario_id": "scenario-227-volatility_feedback",
    "agent_id": "agent-volatility_feedback",
    "order_id": "scenario-227-volatility_feedback-agent-volatility_feedback-5",
    "action": "new",
    "side": "sell",
    "price": 65155.2503,
    "quantity": 0.03,
    "remaining_quantity": 0.03
  },
  {
    "event_id": "20ccc0cb6f8985cacbfbcedffe104836fe54f6f5572f521aba2c90db74b06131",
    "schema_version": "1.0.0",
    "event_type": "agent_order",
    "source": "synthetic_agent",
    "symbol": "BTCUSDT",
    "exchange": "binance_usdm",
    "timestamp": "2024-05-01T00:00:00.120000Z",
    "sequence": 6,
    "scenario_id": "scenario-227-volatility_feedback",
    "agent_id": "agent-volatility_feedback",
    "order_id": "scenario-227-volatility_feedback-agent-volatility_feedback-6",
    "action": "new",
    "side": "buy",
    "price": 65300.05424,
    "quantity": 0.04,
    "remaining_quantity": 0.04
  },
  {
    "event_id": "654924717dd9b81943b8577170272bb3e4416b89330dba94a3b728865566823e",
    "schema_version": "1.0.0",
    "event_type": "agent_order",
    "source": "synthetic_agent",
    "symbol": "BTCUSDT",
    "exchange": "binance_usdm",
    "timestamp": "2024-05-01T00:00:00.140000Z",
    "sequence": 7,
    "scenario_id": "scenario-227-volatility_feedback",
    "agent_id": "agent-volatility_feedback",
    "order_id": "scenario-227-volatility_feedback-agent-volatility_feedback-7",
    "action": "new",
    "side": "sell",
    "price": 65152.64122,
    "quantity": 0.05,
    "remaining_quantity": 0.05
  },
  {
    "event_id": "75484935114fcacc00f8d587e13362e64b8d3081f40aeb2090634b02e17cc0de",
    "schema_version": "1.0.0",
    "event_type": "agent_order",
    "source": "synthetic_agent",
    "symbol": "BTCUSDT",
    "exchange": "binance_usdm",
    "timestamp": "2024-05-01T00:00:00.160000Z",
    "sequence": 8,
    "scenario_id": "scenario-227-volatility_feedback",
    "agent_id": "agent-volatility_feedback",
    "order_id": "scenario-227-volatility_feedback-agent-volatility_feedback-8",
    "action": "new",
    "side": "buy",
    "price": 65302.66332,
    "quantity": 0.02,
    "remaining_quantity": 0.02
  },
  {
    "event_id": "98386b2c36184d03b19180411e5c83b4758bd7430f138a02bb64b4d09e3f7216",
    "schema_version": "1.0.0",
    "event_type": "agent_order",
    "source": "synthetic_agent",
    "symbol": "BTCUSDT",
    "exchange": "binance_usdm",
    "timestamp": "2024-05-01T00:00:00.180000Z",
    "sequence": 9,
    "scenario_id": "scenario-227-volatility_feedback",
    "agent_id": "agent-volatility_feedback",
    "order_id": "scenario-227-volatility_feedback-agent-volatility_feedback-9",
    "action": "new",
    "side": "sell",
    "price": 65150.03214,
    "quantity": 0.03,
    "remaining_quantity": 0.03
  },
  {
    "event_id": "10a441017d86a13f6afa9281ca4920d61912b636360d951cf46d45903921b6d9",
    "schema_version": "1.0.0",
    "event_type": "agent_order",
    "source": "synthetic_agent",
    "symbol": "BTCUSDT",
    "exchange": "binance_usdm",
    "timestamp": "2024-05-01T00:00:00.200000Z",
    "sequence": 10,
    "scenario_id": "scenario-227-volatility_feedback",
    "agent_id": "agent-volatility_feedback",
    "order_id": "scenario-227-volatility_feedback-agent-volatility_feedback-10",
    "action": "new",
    "side": "buy",
    "price": 65305.27240000001,
    "quantity": 0.04,
    "remaining_quantity": 0.04
  },
  {
    "event_id": "e15d9746fc391b46fbd5021b580cd45b1bbb6e2e86393faa56db9e2a8e16ff80",
    "schema_version": "1.0.0",
    "event_type": "agent_order",
    "source": "synthetic_agent",
    "symbol": "BTCUSDT",
    "exchange": "binance_usdm",
    "timestamp": "2024-05-01T00:00:00.220000Z",
    "sequence": 11,
    "scenario_id": "scenario-227-volatility_feedback",
    "agent_id": "agent-volatility_feedback",
    "order_id": "scenario-227-volatility_feedback-agent-volatility_feedback-11",
    "action": "new",
    "side": "sell",
    "price": 65147.42306,
    "quantity": 0.05,
    "remaining_quantity": 0.05
  },
  {
    "event_id": "0a27fc5d193f4b0d6b66229ef7324a87fb96346854fd39f001f5c63802a4d0f9",
    "schema_version": "1.0.0",
    "event_type": "agent_order",
    "source": "synthetic_agent",
    "symbol": "BTCUSDT",
    "exchange": "binance_usdm",
    "timestamp": "2024-05-01T00:00:00.240000Z",
    "sequence": 12,
    "scenario_id": "scenario-227-volatility_feedback",
    "agent_id": "agent-volatility_feedback",
    "order_id": "scenario-227-volatility_feedback-agent-volatility_feedback-12",
    "action": "new",
    "side": "buy",
    "price": 65307.88148,
    "quantity": 0.02,
    "remaining_quantity": 0.02
  },
  {
    "event_id": "0108d303760da20ec52309bf8cb7cf3b075824d89050252711c535434259e540",
    "schema_version": "1.0.0",
    "event_type": "agent_order",
    "source": "synthetic_agent",
    "symbol": "BTCUSDT",
    "exchange": "binance_usdm",
    "timestamp": "2024-05-01T00:00:00.260000Z",
    "sequence": 13,
    "scenario_id": "scenario-227-volatility_feedback",
    "agent_id": "agent-volatility_feedback",
    "order_id": "scenario-227-volatility_feedback-agent-volatility_feedback-13",
    "action": "new",
    "side": "sell",
    "price": 65144.81398,
    "quantity": 0.03,
    "remaining_quantity": 0.03
  },
  {
    "event_id": "e71e6420fe4c0be40837083490e318eac72713cfb60deff6dda4316dd45d2c02",
    "schema_version": "1.0.0",
    "event_type": "agent_order",
    "source": "synthetic_agent",
    "symbol": "BTCUSDT",
    "exchange": "binance_usdm",
    "timestamp": "2024-05-01T00:00:00.280000Z",
    "sequence": 14,
    "scenario_id": "scenario-227-volatility_feedback",
    "agent_id": "agent-volatility_feedback",
    "order_id": "scenario-227-volatility_feedback-agent-volatility_feedback-14",
    "action": "new",
    "side": "buy",
    "price": 65310.49056,
    "quantity": 0.04,
    "remaining_quantity": 0.04
  },
  {
    "event_id": "8ec04293394b56cb06b8ddf4d0f3d9c9d0620bc018f961e5702fc79f13b9be00",
    "schema_version": "1.0.0",
    "event_type": "agent_order",
    "source": "synthetic_agent",
    "symbol": "BTCUSDT",
    "exchange": "binance_usdm",
    "timestamp": "2024-05-01T00:00:00.300000Z",
    "sequence": 15,
    "scenario_id": "scenario-227-volatility_feedback",
    "agent_id": "agent-volatility_feedback",
    "order_id": "scenario-227-volatility_feedback-agent-volatility_feedback-15",
    "action": "new",
    "side": "sell",
    "price": 65142.204900000004,
    "quantity": 0.05,
    "remaining_quantity": 0.05
  },
  {
    "event_id": "99611f2ef036993b3fac42b926efb2d803acf62254589e9eccf021371023ee44",
    "schema_version": "1.0.0",
    "event_type": "agent_order",
    "source": "synthetic_agent",
    "symbol": "BTCUSDT",
    "exchange": "binance_usdm",
    "timestamp": "2024-05-01T00:00:00.320000Z",
    "sequence": 16,
    "scenario_id": "scenario-227-volatility_feedback",
    "agent_id": "agent-volatility_feedback",
    "order_id": "scenario-227-volatility_feedback-agent-volatility_feedback-16",
    "action": "new",
    "side": "buy",
    "price": 65313.09964,
    "quantity": 0.02,
    "remaining_quantity": 0.02
  },
  {
    "event_id": "f46926af5ea954c330f3882bc0dc2aa8da2e7eabc9ecc6915459e1495be2d984",
    "schema_version": "1.0.0",
    "event_type": "agent_order",
    "source": "synthetic_agent",
    "symbol": "BTCUSDT",
    "exchange": "binance_usdm",
    "timestamp": "2024-05-01T00:00:00.340000Z",
    "sequence": 17,
    "scenario_id": "scenario-227-volatility_feedback",
    "agent_id": "agent-volatility_feedback",
    "order_id": "scenario-227-volatility_feedback-agent-volatility_feedback-17",
    "action": "new",
    "side": "sell",
    "price": 65139.59582,
    "quantity": 0.03,
    "remaining_quantity": 0.03
  },
  {
    "event_id": "928e41a3facf2bd608b00fd78a8121b7f8c75a9a3f472ad84da0479b42ddbc6c",
    "schema_version": "1.0.0",
    "event_type": "agent_order",
    "source": "synthetic_agent",
    "symbol": "BTCUSDT",
    "exchange": "binance_usdm",
    "timestamp": "2024-05-01T00:00:00.360000Z",
    "sequence": 18,
    "scenario_id": "scenario-227-volatility_feedback",
    "agent_id": "agent-volatility_feedback",
    "order_id": "scenario-227-volatility_feedback-agent-volatility_feedback-18",
    "action": "new",
    "side": "buy",
    "price": 65315.70872,
    "quantity": 0.04,
    "remaining_quantity": 0.04
  },
  {
    "event_id": "4085f4f0e0f82905bbf179febdd3f2b73bae8f0a8d99d56d3232c5faf526c87c",
    "schema_version": "1.0.0",
    "event_type": "agent_order",
    "source": "synthetic_agent",
    "symbol": "BTCUSDT",
    "exchange": "binance_usdm",
    "timestamp": "2024-05-01T00:00:00.380000Z",
    "sequence": 19,
    "scenario_id": "scenario-227-volatility_feedback",
    "agent_id": "agent-volatility_feedback",
    "order_id": "scenario-227-volatility_feedback-agent-volatility_feedback-19",
    "action": "new",
    "side": "sell",
    "price": 65136.98674,
    "quantity": 0.05,
    "remaining_quantity": 0.05
  },
  {
    "event_id": "03591f3716e0c2d542a9d647863052892385e31a83acd6dc0d5fcaad7492765e",
    "schema_version": "1.0.0",
    "event_type": "agent_order",
    "source": "synthetic_agent",
    "symbol": "BTCUSDT",
    "exchange": "binance_usdm",
    "timestamp": "2024-05-01T00:00:00.400000Z",
    "sequence": 20,
    "scenario_id": "scenario-227-volatility_feedback",
    "agent_id": "agent-volatility_feedback",
    "order_id": "scenario-227-volatility_feedback-agent-volatility_feedback-20",
    "action": "new",
    "side": "buy",
    "price": 65318.317800000004,
    "quantity": 0.02,
    "remaining_quantity": 0.02
  },
  {
    "event_id": "adf415046842037cca4ee2736f93457d6b423d0298e8797ce99076b3d0dcb0b0",
    "schema_version": "1.0.0",
    "event_type": "agent_order",
    "source": "synthetic_agent",
    "symbol": "BTCUSDT",
    "exchange": "binance_usdm",
    "timestamp": "2024-05-01T00:00:00.420000Z",
    "sequence": 21,
    "scenario_id": "scenario-227-volatility_feedback",
    "agent_id": "agent-volatility_feedback",
    "order_id": "scenario-227-volatility_feedback-agent-volatility_feedback-21",
    "action": "new",
    "side": "sell",
    "price": 65134.37766,
    "quantity": 0.03,
    "remaining_quantity": 0.03
  },
  {
    "event_id": "bf205dbbb107d30204ab9f76b7289bd9fa138822b4bb3e1e2671572193e514da",
    "schema_version": "1.0.0",
    "event_type": "agent_order",
    "source": "synthetic_agent",
    "symbol": "BTCUSDT",
    "exchange": "binance_usdm",
    "timestamp": "2024-05-01T00:00:00.440000Z",
    "sequence": 22,
    "scenario_id": "scenario-227-volatility_feedback",
    "agent_id": "agent-volatility_feedback",
    "order_id": "scenario-227-volatility_feedback-agent-volatility_feedback-22",
    "action": "new",
    "side": "buy",
    "price": 65320.926880000006,
    "quantity": 0.04,
    "remaining_quantity": 0.04
  },
  {
    "event_id": "1d91c1bd418e80691d0b0bed507f7cf96cd5a9c1a35e5e14692c49776d2a0fac",
    "schema_version": "1.0.0",
    "event_type": "agent_order",
    "source": "synthetic_agent",
    "symbol": "BTCUSDT",
    "exchange": "binance_usdm",
    "timestamp": "2024-05-01T00:00:00.460000Z",
    "sequence": 23,
    "scenario_id": "scenario-227-volatility_feedback",
    "agent_id": "agent-volatility_feedback",
    "order_id": "scenario-227-volatility_feedback-agent-volatility_feedback-23",
    "action": "new",
    "side": "sell",
    "price": 65131.768579999996,
    "quantity": 0.05,
    "remaining_quantity": 0.05
  },
  {
    "event_id": "452ae683c7840b17044e33b314c0bd7adc0a35350cf7fae49f1579e212454932",
    "schema_version": "1.0.0",
    "event_type": "agent_order",
    "source": "synthetic_agent",
    "symbol": "BTCUSDT",
    "exchange": "binance_usdm",
    "timestamp": "2024-05-01T00:00:00.480000Z",
    "sequence": 24,
    "scenario_id": "scenario-227-volatility_feedback",
    "agent_id": "agent-volatility_feedback",
    "order_id": "scenario-227-volatility_feedback-agent-volatility_feedback-24",
    "action": "new",
    "side": "buy",
    "price": 65323.535959999994,
    "quantity": 0.02,
    "remaining_quantity": 0.02
  },
  {
    "event_id": "ca109ec7cd3e29a1b9054649764373ad98bb45d51c523a536c335dced858925a",
    "schema_version": "1.0.0",
    "event_type": "agent_order",
    "source": "synthetic_agent",
    "symbol": "BTCUSDT",
    "exchange": "binance_usdm",
    "timestamp": "2024-05-01T00:00:00.500000Z",
    "sequence": 25,
    "scenario_id": "scenario-227-volatility_feedback",
    "agent_id": "agent-volatility_feedback",
    "order_id": "scenario-227-volatility_feedback-agent-volatility_feedback-25",
    "action": "new",
    "side": "sell",
    "price": 65129.1595,
    "quantity": 0.03,
    "remaining_quantity": 0.03
  },
  {
    "event_id": "80a70023e0170ce70f19c444d87454e797fa0715ff5c677acc156785dcebfdd6",
    "schema_version": "1.0.0",
    "event_type": "agent_order",
    "source": "synthetic_agent",
    "symbol": "BTCUSDT",
    "exchange": "binance_usdm",
    "timestamp": "2024-05-01T00:00:00.520000Z",
    "sequence": 26,
    "scenario_id": "scenario-227-volatility_feedback",
    "agent_id": "agent-volatility_feedback",
    "order_id": "scenario-227-volatility_feedback-agent-volatility_feedback-26",
    "action": "new",
    "side": "buy",
    "price": 65326.145039999996,
    "quantity": 0.04,
    "remaining_quantity": 0.04
  },
  {
    "event_id": "e4450da46701ab22511df02b3976211e0bd81943a9ac1663351d6299ef438916",
    "schema_version": "1.0.0",
    "event_type": "agent_order",
    "source": "synthetic_agent",
    "symbol": "BTCUSDT",
    "exchange": "binance_usdm",
    "timestamp": "2024-05-01T00:00:00.540000Z",
    "sequence": 27,
    "scenario_id": "scenario-227-volatility_feedback",
    "agent_id": "agent-volatility_feedback",
    "order_id": "scenario-227-volatility_feedback-agent-volatility_feedback-27",
    "action": "new",
    "side": "sell",
    "price": 65126.55042,
    "quantity": 0.05,
    "remaining_quantity": 0.05
  },
  {
    "event_id": "0b549e19ab2d25e3712b2a7d3569c357ad4347f81872646908206764e11aefd4",
    "schema_version": "1.0.0",
    "event_type": "agent_order",
    "source": "synthetic_agent",
    "symbol": "BTCUSDT",
    "exchange": "binance_usdm",
    "timestamp": "2024-05-01T00:00:00.560000Z",
    "sequence": 28,
    "scenario_id": "scenario-227-volatility_feedback",
    "agent_id": "agent-volatility_feedback",
    "order_id": "scenario-227-volatility_feedback-agent-volatility_feedback-28",
    "action": "new",
    "side": "buy",
    "price": 65328.75412,
    "quantity": 0.02,
    "remaining_quantity": 0.02
  },
  {
    "event_id": "93035f4d4ce317f84161b76ff61ea18885e00b7795c93300ca871ed8a9b7744c",
    "schema_version": "1.0.0",
    "event_type": "agent_order",
    "source": "synthetic_agent",
    "symbol": "BTCUSDT",
    "exchange": "binance_usdm",
    "timestamp": "2024-05-01T00:00:00.580000Z",
    "sequence": 29,
    "scenario_id": "scenario-227-volatility_feedback",
    "agent_id": "agent-volatility_feedback",
    "order_id": "scenario-227-volatility_feedback-agent-volatility_feedback-29",
    "action": "new",
    "side": "sell",
    "price": 65123.94134,
    "quantity": 0.03,
    "remaining_quantity": 0.03
  }
]