[
  {
    "event_id": "d8e8d77685b80fb4bab1e0487aabe541185dcdd7801d5bc252b51b3cca13fff3",
    "schema_version": "1.0.0",
    "event_type": "agent_order",
    "source": "synthetic_agent",
    "symbol": "BTCUSDT",
    "exchange": "binance_usdm",
    "timestamp": "2024-05-01T00:00:00Z",
    "sequence": 0,
    "scenario_id": "scenario-344-latency_edge",
    "agent_id": "agent-latency_edge",
    "order_id": "scenario-344-latency_edge-agent-latency_edge-0",
    "action": "new",
    "side": "buy",
    "price": 65383.206399999995,
    "quantity": 0.006,
    "remaining_quantity": 0.006
  },
  {
    "event_id": "32edc83040e4089a19b8d78e29d731299ba2f408d2e5bae19cd47a17b0b7a7d0",
    "schema_version": "1.0.0",
    "event_type": "agent_order",
    "source": "synthetic_agent",
    "symbol": "BTCUSDT",
    "exchange": "binance_usdm",
    "timestamp": "2024-05-01T00:00:00.008000Z",
    "sequence": 1,
    "scenario_id": "scenario-344-latency_edge",
    "agent_id": "agent-latency_edge",
    "order_id": "scenario-344-latency_edge-agent-latency_edge-1",
    "action": "new",
    "side": "buy",
    "price": 65383.206399999995,
    "quantity": 0.006,
    "remaining_quantity": 0.006
  },
  {
    "event_id": "dade043c6c50f3b2f203e4e672398009717851b2d555732f389b376e506a37af",
    "schema_version": "1.0.0",
    "event_type": "agent_order",
    "source": "synthetic_agent",
    "symbol": "BTCUSDT",
    "exchange": "binance_usdm",
    "timestamp": "2024-05-01T00:00:00.016000Z",
    "sequence": 2,
    "scenario_id": "scenario-344-latency_edge",
    "agent_id": "agent-latency_edge",
    "order_id": "scenario-344-latency_edge-agent-latency_edge-2",
    "action": "new",
    "side": "sell",
    "price": 65304.7936,
    "quantity": 0.006,
    "remaining_quantity": 0.006
  },
  {
    "event_id": "b003ae46f3fcb343dfff752cf0fc4c78387fd865bd4fbffaf64ade929ce5a8b6",
    "schema_version": "1.0.0",
    "event_type": "agent_order",
    "source": "synthetic_agent",
    "symbol": "BTCUSDT",
    "exchange": "binance_usdm",
    "timestamp": "2024-05-01T00:00:00.024000Z",
    "sequence": 3,
    "scenario_id": "scenario-344-latency_edge",
    "agent_id": "agent-latency_edge",
    "order_id": "scenario-344-latency_edge-agent-latency_edge-3",
    "action": "new",
    "side": "sell",
    "price": 65304.7936,
    "quantity": 0.006,
    "remaining_quantity": 0.006
  },
  {
    "event_id": "09067f9b48926bb34567014279c488772430a50fb7e67ed9cba495de66f6d9e7",
    "schema_version": "1.0.0",
    "event_type": "agent_order",
    "source": "synthetic_agent",
    "symbol": "BTCUSDT",
    "exchange": "binance_usdm",
    "timestamp": "2024-05-01T00:00:00.032000Z",
    "sequence": 4,
    "scenario_id": "scenario-344-latency_edge",
    "agent_id": "agent-latency_edge",
    "order_id": "scenario-344-latency_edge-agent-latency_edge-4",
    "action": "new",
    "side": "buy",
    "price": 65383.206399999995,
    "quantity": 0.006,
    "remaining_quantity": 0.006
  },
  {
    "event_id": "1daf7b9087cdb52d67bd52b5e104cf8d0476a7d19defd6beeb5ca80c2a2a8fe1",
    "schema_version": "1.0.0",
    "event_type": "agent_order",
    "source": "synthetic_agent",
    "symbol": "BTCUSDT",
    "exchange": "binance_usdm",
    "timestamp": "2024-05-01T00:00:00.040000Z",
    "sequence": 5,
    "scenario_id": "scenario-344-latency_edge",
    "agent_id": "agent-latency_edge",
    "order_id": "scenario-344-latency_edge-agent-latency_edge-5",
    "action": "new",
    "side": "buy",
    "price": 65383.206399999995,
    "quantity": 0.006,
    "remaining_quantity": 0.006
  },
  {
    "event_id": "8f242506759fe8db8b715588d03c23c0d803c8f9462927d4152fad210b5a9a89",
    "schema_version": "1.0.0",
    "event_type": "agent_order",
    "source": "synthetic_agent",
    "symbol": "BTCUSDT",
    "exchange": "binance_usdm",
    "timestamp": "2024-05-01T00:00:00.048000Z",
    "sequence": 6,
    "scenario_id": "scenario-344-latency_edge",
    "agent_id": "agent-latency_edge",
    "order_id": "scenario-344-latency_edge-agent-latency_edge-6",
    "action": "new",
    "side": "sell",
    "price": 65304.7936,
    "quantity": 0.006,
    "remaining_quantity": 0.006
  },
  {
    "event_id": "04b6ff71fbde5f1424435da5076fdfd32614334f62fdc030404771d73b847dd7",
    "schema_version": "1.0.0",
    "event_type": "agent_order",
    "source": "synthetic_agent",
    "symbol": "BTCUSDT",
    "exchange": "binance_usdm",
    "timestamp": "2024-05-01T00:00:00.056000Z",
    "sequence": 7,
    "scenario_id": "scenario-344-latency_edge",
    "agent_id": "agent-latency_edge",
    "order_id": "scenario-344-latency_edge-agent-latency_edge-7",
    "action": "new",
    "side": "sell",
    "price": 65304.7936,
    "quantity": 0.006,
    "remaining_quantity": 0.006
  },
  {
    "event_id": "a0c631ca9a212108ae6c8f17272424a33c4da973068298dfebd78883e297012a",
    "schema_version": "1.0.0",
    "event_type": "agent_order",
    "source": "synthetic_agent",
    "symbol": "BTCUSDT",
    "exchange": "binance_usdm",
    "timestamp": "2024-05-01T00:00:00.064000Z",
    "sequence": 8,
    "scenario_id": "scenario-344-latency_edge",
    "agent_id": "agent-latency_edge",
    "order_id": "scenario-344-latency_edge-agent-latency_edge-8",
    "action": "new",
    "side": "buy",
    "price": 65383.206399999995,
    "quantity": 0.006,
    "remaining_quantity": 0.006
  },
  {
    "event_id": "7eb442f7b3d5e24abde49d5dbbb0a074163c6a92ed41d3bc8e733b34dd41603b",
    "schema_version": "1.0.0",
    "event_type": "agent_order",
    "source": "synthetic_agent",
    "symbol": "BTCUSDT",
    "exchange": "binance_usdm",
    "timestamp": "2024-05-01T00:00:00.072000Z",
    "sequence": 9,
    "scenario_id": "scenario-344-latency_edge",
    "agent_id": "agent-latency_edge",
    "order_id": "scenario-344-latency_edge-agent-latency_edge-9",
    "action": "new",
    "side": "buy",
    "price": 65383.206399999995,
    "quantity": 0.006,
    "remaining_quantity": 0.006
  },
  {
    "event_id": "aaa91cceee84cf6e9ebd06464a6db4de026d18025bc6ca066485360d24e99877",
    "schema_version": "1.0.0",
    "event_type": "agent_order",
    "source": "synthetic_agent",
    "symbol": "BTCUSDT",
    "exchange": "binance_usdm",
    "timestamp": "2024-05-01T00:00:00.080000Z",
    "sequence": 10,
    "scenario_id": "scenario-344-latency_edge",
    "agent_id": "agent-latency_edge",
    "order_id": "scenario-344-latency_edge-agent-latency_edge-10",
    "action": "new",
    "side": "sell",
    "price": 65304.7936,
    "quantity": 0.006,
    "remaining_quantity": 0.006
  },
  {
    "event_id": "0e79ed8ab8baea36e5ffeda07e838d53dcd83d14c53ff595e5fcfdc842c582e7",
    "schema_version": "1.0.0",
    "event_type": "agent_order",
    "source": "synthetic_agent",
    "symbol": "BTCUSDT",
    "exchange": "binance_usdm",
    "timestamp": "2024-05-01T00:00:00.088000Z",
    "sequence": 11,
    "scenario_id": "scenario-344-latency_edge",
    "agent_id": "agent-latency_edge",
    "order_id": "scenario-344-latency_edge-agent-latency_edge-11",
    "action": "new",
    "side": "sell",
    "price": 65304.7936,
    "quantity": 0.006,
    "remaining_quantity": 0.006
  },
  {
    "event_id": "7e7773c47b297ae7a5f90dd135d364c170a974d565c6c124caad6b3404742c44",
    "schema_version": "1.0.0",
    "event_type": "agent_order",
    "source": "synthetic_agent",
    "symbol": "BTCUSDT",
    "exchange": "binance_usdm",
    "timestamp": "2024-05-01T00:00:00.096000Z",
    "sequence": 12,
    "scenario_id": "scenario-344-latency_edge",
    "agent_id": "agent-latency_edge",
    "order_id": "scenario-344-latency_edge-agent-latency_edge-12",
    "action": "new",
    "side": "buy",
    "price": 65383.206399999995,
    "quantity": 0.006,
    "remaining_quantity": 0.006
  },
  {
    "event_id": "f179a5304d30017b32af3cb997c3eb9f3e8631870af1c9c227bb9800ff035c80",
    "schema_version": "1.0.0",
    "event_type": "agent_order",
    "source": "synthetic_agent",
    "symbol": "BTCUSDT",
    "exchange": "binance_usdm",
    "timestamp": "2024-05-01T00:00:00.104000Z",
    "sequence": 13,
    "scenario_id": "scenario-344-latency_edge",
    "agent_id": "agent-latency_edge",
    "order_id": "scenario-344-latency_edge-agent-latency_edge-13",
    "action": "new",
    "side": "buy",
    "price": 65383.206399999995,
    "quantity": 0.006,
    "remaining_quantity": 0.006
  },
  {
    "event_id": "3ba9b051bf8f7248fcfe428df95ce12670d2643577251eb4c3431fc7078864ff",
    "schema_version": "1.0.0",
    "event_type": "agent_order",
    "source": "synthetic_agent",
    "symbol": "BTCUSDT",
    "exchange": "binance_usdm",
    "timestamp": "2024-05-01T00:00:00.112000Z",
    "sequence": 14,
    "scenario_id": "scenario-344-latency_edge",
    "agent_id": "agent-latency_edge",
    "order_id": "scenario-344-latency_edge-agent-latency_edge-14",
    "action": "new",
    "side": "sell",
    "price": 65304.7936,
    "quantity": 0.006,
    "remaining_quantity": 0.006
  },
  {
    "event_id": "31fe17735408a3a3bedc868be87626c5e037134f431ec536a92736e0bbbc900c",
    "schema_version": "1.0.0",
    "event_type": "agent_order",
    "source": "synthetic_agent",
    "symbol": "BTCUSDT",
    "exchange": "binance_usdm",
    "timestamp": "2024-05-01T00:00:00.120000Z",
    "sequence": 15,
    "scenario_id": "scenario-344-latency_edge",
    "agent_id": "agent-latency_edge",
    "order_id": "scenario-344-latency_edge-agent-latency_edge-15",
    "action": "new",
    "side": "sell",
    "price": 65304.7936,
    "quantity": 0.006,
    "remaining_quantity": 0.006
  },
  {
    "event_id": "eeb13b65c1d7324b2d608db3c60b5132268ca8cddd06ccaa441321baae5fd041",
    "schema_version": "1.0.0",
    "event_type": "agent_order",
    "source": "synthetic_agent",
    "symbol": "BTCUSDT",
    "exchange": "binance_usdm",
    "timestamp": "2024-05-01T00:00:00.128000Z",
    "sequence": 16,
    "scenario_id": "scenario-344-latency_edge",
    "agent_id": "agent-latency_edge",
    "order_id": "scenario-344-latency_edge-agent-latency_edge-16",
    "action": "new",
    "side": "buy",
    "price": 65383.206399999995,
    "quantity": 0.006,
    "remaining_quantity": 0.006
  },
  {
    "event_id": "78bab26bd212f3d5f9a9a29a9a3299dbe505bb88903f758af8849a74b885e40f",
    "schema_version": "1.0.0",
    "event_type": "agent_order",
    "source": "synthetic_agent",
    "symbol": "BTCUSDT",
    "exchange": "binance_usdm",
    "timestamp": "2024-05-01T00:00:00.136000Z",
    "sequence": 17,
    "scenario_id": "scenario-344-latency_edge",
    "agent_id": "agent-latency_edge",
    "order_id": "scenario-344-latency_edge-agent-latency_edge-17",
    "action": "new",
    "side": "buy",
    "price": 65383.206399999995,
    "quantity": 0.006,
    "remaining_quantity": 0.006
  },
  {
    "event_id": "87d8424ae64f12c8f6ee8d03a4b642aca78a3170a8085e643c69dfbb169c25fb",
    "schema_version": "1.0.0",
    "event_type": "agent_order",
    "source": "synthetic_agent",
    "symbol": "BTCUSDT",
    "exchange": "binance_usdm",
    "timestamp": "2024-05-01T00:00:00.144000Z",
    "sequence": 18,
    "scenario_id": "scenario-344-latency_edge",
    "agent_id": "agent-latency_edge",
    "order_id": "scenario-344-latency_edge-agent-latency_edge-18",
    "action": "new",
    "side": "sell",
    "price": 65304.7936,
    "quantity": 0.006,
    "remaining_quantity": 0.006
  },
  {
    "event_id": "3704e02d3c746d080259d8f560ada1d46fee113758735e6369734701a0ee269b",
    "schema_version": "1.0.0",
    "event_type": "agent_order",
    "source": "synthetic_agent",
    "symbol": "BTCUSDT",
    "exchange": "binance_usdm",
    "timestamp": "2024-05-01T00:00:00.152000Z",
    "sequence": 19,
    "scenario_id": "scenario-344-latency_edge",
    "agent_id": "agent-latency_edge",
    "order_id": "scenario-344-latency_edge-agent-latency_edge-19",
    "action": "new",
    "side": "sell",
    "price": 65304.7936,
    "quantity": 0.006,
    "remaining_quantity": 0.006
  },
  {
    "event_id": "6b07091b60a050bb7fcadcc7c5464d09a2ce2e187faa24e8b1bbc1bcb0545aac",
    "schema_version": "1.0.0",
    "event_type": "agent_order",
    "source": "synthetic_agent",
    "symbol": "BTCUSDT",
    "exchange": "binance_usdm",
    "timestamp": "2024-05-01T00:00:00.160000Z",
    "sequence": 20,
    "scenario_id": "scenario-344-latency_edge",
    "agent_id": "agent-latency_edge",
    "order_id": "scenario-344-latency_edge-agent-latency_edge-20",
    "action": "new",
    "side": "buy",
    "price": 65383.206399999995,
    "quantity": 0.006,
    "remaining_quantity": 0.006
  },
  {
    "event_id": "69f29ea143d94b94d0df161e8ff2a85e884c591094631d933f44ce1138967543",
    "schema_version": "1.0.0",
    "event_type": "agent_order",
    "source": "synthetic_agent",
    "symbol": "BTCUSDT",
    "exchange": "binance_usdm",
    "timestamp": "2024-05-01T00:00:00.168000Z",
    "sequence": 21,
    "scenario_id": "scenario-344-latency_edge",
    "agent_id": "agent-latency_edge",
    "order_id": "scenario-344-latency_edge-agent-latency_edge-21",
    "action": "new",
    "side": "buy",
    "price": 65383.206399999995,
    "quantity": 0.006,
    "remaining_quantity": 0.006
  },
  {
    "event_id": "194f66784ed75ee41f918cc9a758475897e5efc51fc7785ed0026ab78b3b8eda",
    "schema_version": "1.0.0",
    "event_type": "agent_order",
    "source": "synthetic_agent",
    "symbol": "BTCUSDT",
    "exchange": "binance_usdm",
    "timestamp": "2024-05-01T00:00:00.176000Z",
    "sequence": 22,
    "scenario_id": "scenario-344-latency_edge",
    "agent_id": "agent-latency_edge",
    "order_id": "scenario-344-latency_edge-agent-latency_edge-22",
    "action": "new",
    "side": "sell",
    "price": 65304.7936,
    "quantity": 0.006,
    "remaining_quantity": 0.006
  },
  {
    "event_id": "3acc9ad6f4221f5ca4f510b9e3ce75589391e2dab886031bf772ad391525f09f",
    "schema_version": "1.0.0",
    "event_type": "agent_order",
    "source": "synthetic_agent",
    "symbol": "BTCUSDT",
    "exchange": "binance_usdm",
    "timestamp": "2024-05-01T00:00:00.184000Z",
    "sequence": 23,
    "scenario_id": "scenario-344-latency_edge",
    "agent_id": "agent-latency_edge",
    "order_id": "scenario-344-latency_edge-agent-latency_edge-23",
    "action": "new",
    "side": "sell",
    "price": 65304.7936,
    "quantity": 0.006,
    "remaining_quantity": 0.006
  },
  {
    "event_id": "4cab3a42308d82239a0d7d78e7fb31502ba0f99bb5116de97db63420fcb140b4",
    "schema_version": "1.0.0",
    "event_type": "agent_order",
    "source": "synthetic_agent",
    "symbol": "BTCUSDT",
    "exchange": "binance_usdm",
    "timestamp": "2024-05-01T00:00:00.192000Z",
    "sequence": 24,
    "scenario_id": "scenario-344-latency_edge",
    "agent_id": "agent-latency_edge",
    "order_id": "scenario-344-latency_edge-agent-latency_edge-24",
    "action": "new",
    "side": "buy",
    "price": 65383.206399999995,
    "quantity": 0.006,
    "remaining_quantity": 0.006
  },
  {
    "event_id": "1eaf9bdf084fe73bf1ef139e049fbbb20c36eac6e78635ba418604135d9d0e38",
    "schema_version": "1.0.0",
    "event_type": "agent_order",
    "source": "synthetic_agent",
    "symbol": "BTCUSDT",
    "exchange": "binance_usdm",
    "timestamp": "2024-05-01T00:00:00.200000Z",
    "sequence": 25,
    "scenario_id": "scenario-344-latency_edge",
    "agent_id": "agent-latency_edge",
    "order_id": "scenario-344-latency_edge-agent-latency_edge-25",
    "action": "new",
    "side": "buy",
    "price": 65383.206399999995,
    "quantity": 0.006,
    "remaining_quantity": 0.006
  },
  {
    "event_id": "5c2ef73bee6e8e5adacaccd050eb18f6119757dca2234b182a00c168e4549521",
    "schema_version": "1.0.0",
    "event_type": "agent_order",
    "source": "synthetic_agent",
    "symbol": "BTCUSDT",
    "exchange": "binance_usdm",
    "timestamp": "2024-05-01T00:00:00.208000Z",
    "sequence": 26,
    "scenario_id": "scenario-344-latency_edge",
    "agent_id": "agent-latency_edge",
    "order_id": "scenario-344-latency_edge-agent-latency_edge-26",
    "action": "new",
    "side": "sell",
    "price": 65304.7936,
    "quantity": 0.006,
    "remaining_quantity": 0.006
  },
  {
    "event_id": "ba0c1b9b4e0222cb54bfc7503cdde7a0946d391372cee01d677aa032fe6f6a36",
    "schema_version": "1.0.0",
    "event_type": "agent_order",
    "source": "synthetic_agent",
    "symbol": "BTCUSDT",
    "exchange": "binance_usdm",
    "timestamp": "2024-05-01T00:00:00.216000Z",
    "sequence": 27,
    "scenario_id": "scenario-344-latency_edge",
    "agent_id": "agent-latency_edge",
    "order_id": "scenario-344-latency_edge-agent-latency_edge-27",
    "action": "new",
    "side": "sell",
    "price": 65304.7936,
    "quantity": 0.006,
    "remaining_quantity": 0.006
  },
  {
    "event_id": "f81072201a657f468f193debe209a2a9c14e1f7c27a642ba47312f4c38933a80",
    "schema_version": "1.0.0",
    "event_type": "agent_order",
    "source": "synthetic_agent",
    "symbol": "BTCUSDT",
    "exchange": "binance_usdm",
    "timestamp": "2024-05-01T00:00:00.224000Z",
    "sequence": 28,
    "scenario_id": "scenario-344-latency_edge",
    "agent_id": "agent-latency_edge",
    "order_id": "scenario-344-latency_edge-agent-latency_edge-28",
    "action": "new",
    "side": "buy",
    "price": 65383.206399999995,
    "quantity": 0.006,
    "remaining_quantity": 0.006
  },
  {
    "event_id": "3dbf28b389bc9af75d4fc3ba9c9bb0c644122c3d6a84c8677bad06458d066db0",
    "schema_version": "1.0.0",
    "event_type": "agent_order",
    "source": "synthetic_agent",
    "symbol": "BTCUSDT",
    "exchange": "binance_usdm",
    "timestamp": "2024-05-01T00:00:00.232000Z",
    "sequence": 29,
    "scenario_id": "scenario-344-latency_edge",
    "agent_id": "agent-latency_edge",
    "order_id": "scenario-344-latency_edge-agent-latency_edge-29",
    "action": "new",
    "side": "buy",
    "price": 65383.206399999995,
    "quantity": 0.006,
    "remaining_quantity": 0.006
  }
]