[
  {
    "event_id": "26aee5903ed554dd1f816b6e64c213d0914b0d9462ff97107718dcc32f6db01f",
    "schema_version": "1.0.0",
    "event_type": "agent_order",
    "source": "synthetic_agent",
    "symbol": "BTCUSDT",
    "exchange": "binance_usdm",
    "timestamp": "2024-05-01T00:00:00Z",
    "sequence": 0,
    "scenario_id": "scenario-574-runaway_inventory",
    "agent_id": "agent-runaway_inventory",
    "order_id": "scenario-574-runaway_inventory-agent-runaway_inventory-0",
    "action": "new",
    "side": "buy",
    "price": 65574.0,
    "quantity": 0.01,
    "remaining_quantity": 0.01
  },
  {
    "event_id": "96e5cbcb15b81d2639bf9cecc381254de0fb7026252bcd8977447b290f857161",
    "schema_version": "1.0.0",
    "event_type": "agent_order",
    "source": "synthetic_agent",
    "symbol": "BTCUSDT",
    "exchange": "binance_usdm",
    "timestamp": "2024-05-01T00:00:00.070000Z",
    "sequence": 1,
    "scenario_id": "scenario-574-runaway_inventory",
    "agent_id": "agent-runaway_inventory",
    "order_id": "scenario-574-runaway_inventory-agent-runaway_inventory-1",
    "action": "new",
    "side": "buy",
    "price": 65575.96721999999,
    "quantity": 0.012,
    "remaining_quantity": 0.012
  },
  {
    "event_id": "d809a1ddc50f8815c08d0bcf324d9ea2386c4cddcf2cf166e8dfdde7837e1e4e",
    "schema_version": "1.0.0",
    "event_type": "agent_order",
    "source": "synthetic_agent",
    "symbol": "BTCUSDT",
    "exchange": "binance_usdm",
    "timestamp": "2024-05-01T00:00:00.140000Z",
    "sequence": 2,
    "scenario_id": "scenario-574-runaway_inventory",
    "agent_id": "agent-runaway_inventory",
    "order_id": "scenario-574-runaway_inventory-agent-runaway_inventory-2",
    "action": "new",
    "side": "buy",
    "price": 65577.93444,
    "quantity": 0.014,
    "remaining_quantity": 0.014
  },
  {
    "event_id": "1a90924d9ce6d07410befca7107684f25f0f5ebf21c3408484a98fc93909ca70",
    "schema_version": "1.0.0",
    "event_type": "agent_order",
    "source": "synthetic_agent",
    "symbol": "BTCUSDT",
    "exchange": "binance_usdm",
    "timestamp": "2024-05-01T00:00:00.210000Z",
    "sequence": 3,
    "scenario_id": "scenario-574-runaway_inventory",
    "agent_id": "agent-runaway_inventory",
    "order_id": "scenario-574-runaway_inventory-agent-runaway_inventory-3",
    "action": "new",
    "side": "buy",
    "price": 65579.90165999999,
    "quantity": 0.016,
    "remaining_quantity": 0.016
  },
  {
    "event_id": "aaa5b1d9513ae204081549e8b9307cfa284b2b4c39cbfc2b95a4a1e418b490d8",
    "schema_version": "1.0.0",
    "event_type": "agent_order",
    "source": "synthetic_agent",
    "symbol": "BTCUSDT",
    "exchange": "binance_usdm",
    "timestamp": "2024-05-01T00:00:00.280000Z",
    "sequence": 4,
    "scenario_id": "scenario-574-runaway_inventory",
    "agent_id": "agent-runaway_inventory",
    "order_id": "scenario-574-runaway_inventory-agent-runaway_inventory-4",
    "action": "new",
    "side": "buy",
    "price": 65581.86888,
    "quantity": 0.018000000000000002,
    "remaining_quantity": 0.018000000000000002
  },
  {
    "event_id": "2dcf11981b5b0d1eeef2a53182eb25066185ec3e81dd790681ef3a28f6b8e239",
    "schema_version": "1.0.0",
    "event_type": "agent_order",
    "source": "synthetic_agent",
    "symbol": "BTCUSDT",
    "exchange": "binance_usdm",
    "timestamp": "2024-05-01T00:00:00.350000Z",
    "sequence": 5,
    "scenario_id": "scenario-574-runaway_inventory",
    "agent_id": "agent-runaway_inventory",
    "order_id": "scenario-574-runaway_inventory-agent-runaway_inventory-5",
    "action": "new",
    "side": "buy",
    "price": 65583.8361,
    "quantity": 0.02,
    "remaining_quantity": 0.02
  },
  {
    "event_id": "e33842f6f1107f27cc3fd9c3886a32892eb9a763640604a436f33a08dde8963f",
    "schema_version": "1.0.0",
    "event_type": "agent_order",
    "source": "synthetic_agent",
    "symbol": "BTCUSDT",
    "exchange": "binance_usdm",
    "timestamp": "2024-05-01T00:00:00.420000Z",
    "sequence": 6,
    "scenario_id": "scenario-574-runaway_inventory",
    "agent_id": "agent-runaway_inventory",
    "order_id": "scenario-574-runaway_inventory-agent-runaway_inventory-6",
    "action": "new",
    "side": "buy",
    "price": 65585.80332,
    "quantity": 0.022,
    "remaining_quantity": 0.022
  },
  {
    "event_id": "13b224a9f0716f0bfaf34190df9ef2934726bd32c8ea58ee365f4f5a44f277e9",
    "schema_version": "1.0.0",
    "event_type": "agent_order",
    "source": "synthetic_agent",
    "symbol": "BTCUSDT",
    "exchange": "binance_usdm",
    "timestamp": "2024-05-01T00:00:00.490000Z",
    "sequence": 7,
    "scenario_id": "scenario-574-runaway_inventory",
    "agent_id": "agent-runaway_inventory",
    "order_id": "scenario-574-runaway_inventory-agent-runaway_inventory-7",
    "action": "new",
    "side": "buy",
    "price": 65587.77054,
    "quantity": 0.024,
    "remaining_quantity": 0.024
  },
  {
    "event_id": "0f1c7485d4f4799e3fb3a1abd40f79653e1485b6d12b1029a094b62c911c9a99",
    "schema_version": "1.0.0",
    "event_type": "agent_order",
    "source": "synthetic_agent",
    "symbol": "BTCUSDT",
    "exchange": "binance_usdm",
    "timestamp": "2024-05-01T00:00:00.560000Z",
    "sequence": 8,
    "scenario_id": "scenario-574-runaway_inventory",
    "agent_id": "agent-runaway_inventory",
    "order_id": "scenario-574-runaway_inventory-agent-runaway_inventory-8",
    "action": "new",
    "side": "buy",
    "price": 65589.73776,
    "quantity": 0.026000000000000002,
    "remaining_quantity": 0.026000000000000002
  },
  {
    "event_id": "ce1d8662ef2257a4a170070266f0169708dee1514af2790f9146e78343b339c4",
    "schema_version": "1.0.0",
    "event_type": "agent_order",
    "source": "synthetic_agent",
    "symbol": "BTCUSDT",
    "exchange": "binance_usdm",
    "timestamp": "2024-05-01T00:00:00.630000Z",
    "sequence": 9,
    "scenario_id": "scenario-574-runaway_inventory",
    "agent_id": "agent-runaway_inventory",
    "order_id": "scenario-574-runaway_inventory-agent-runaway_inventory-9",
    "action": "new",
    "side": "buy",
    "price": 65591.70498,
    "quantity": 0.028000000000000004,
    "remaining_quantity": 0.028000000000000004
  },
  {
    "event_id": "9cedb46a3db2a0c9a1aaa13abe0a96d4e2fcf78be4b1fbf973c5febb945c4674",
    "schema_version": "1.0.0",
    "event_type": "agent_order",
    "source": "synthetic_agent",
    "symbol": "BTCUSDT",
    "exchange": "binance_usdm",
    "timestamp": "2024-05-01T00:00:00.700000Z",
    "sequence": 10,
    "scenario_id": "scenario-574-runaway_inventory",
    "agent_id": "agent-runaway_inventory",
    "order_id": "scenario-574-runaway_inventory-agent-runaway_inventory-10",
    "action": "new",
    "side": "buy",
    "price": 65593.6722,
    "quantity": 0.03,
    "remaining_quantity": 0.03
  },
  {
    "event_id": "e56f6d43fd57f20dd793847da726f231545e32f0783bd1dc47d20f4635d8e8fa",
    "schema_version": "1.0.0",
    "event_type": "agent_order",
    "source": "synthetic_agent",
    "symbol": "BTCUSDT",
    "exchange": "binance_usdm",
    "timestamp": "2024-05-01T00:00:00.770000Z",
    "sequence": 11,
    "scenario_id": "scenario-574-runaway_inventory",
    "agent_id": "agent-runaway_inventory",
    "order_id": "scenario-574-runaway_inventory-agent-runaway_inventory-11",
    "action": "new",
    "side": "buy",
    "price": 65595.63941999999,
    "quantity": 0.032,
    "remaining_quantity": 0.032
  },
  {
    "event_id": "2785681da631010c797ffac5e65e3c9ad783215e537e4d8d38b653a689a1f0aa",
    "schema_version": "1.0.0",
    "event_type": "agent_order",
    "source": "synthetic_agent",
    "symbol": "BTCUSDT",
    "exchange": "binance_usdm",
    "timestamp": "2024-05-01T00:00:00.840000Z",
    "sequence": 12,
    "scenario_id": "scenario-574-runaway_inventory",
    "agent_id": "agent-runaway_inventory",
    "order_id": "scenario-574-runaway_inventory-agent-runaway_inventory-12",
    "action": "new",
    "side": "buy",
    "price": 65597.60664,
    "quantity": 0.034,
    "remaining_quantity": 0.034
  },
  {
    "event_id": "b7399f8c8afe06403253730f6459966aa6055dc7ef5881ec63c3d26da31c6c0f",
    "schema_version": "1.0.0",
    "event_type": "agent_order",
    "source": "synthetic_agent",
    "symbol": "BTCUSDT",
    "exchange": "binance_usdm",
    "timestamp": "2024-05-01T00:00:00.910000Z",
    "sequence": 13,
    "scenario_id": "scenario-574-runaway_inventory",
    "agent_id": "agent-runaway_inventory",
    "order_id": "scenario-574-runaway_inventory-agent-runaway_inventory-13",
    "action": "new",
    "side": "buy",
    "price": 65599.57385999999,
    "quantity": 0.036000000000000004,
    "remaining_quantity": 0.036000000000000004
  },
  {
    "event_id": "b71efd8f43f536b2eac349427795c27ebfa317b55c0bbd7144c304db21357c0c",
    "schema_version": "1.0.0",
    "event_type": "agent_order",
    "source": "synthetic_agent",
    "symbol": "BTCUSDT",
    "exchange": "binance_usdm",
    "timestamp": "2024-05-01T00:00:00.980000Z",
    "sequence": 14,
    "scenario_id": "scenario-574-runaway_inventory",
    "agent_id": "agent-runaway_inventory",
    "order_id": "scenario-574-runaway_inventory-agent-runaway_inventory-14",
    "action": "new",
    "side": "buy",
    "price": 65601.54108000001,
    "quantity": 0.038,
    "remaining_quantity": 0.038
  },
  {
    "event_id": "81158226c6ad2888b2b9da6f76d1936223c28ed66ef489a12174e8737f1086a9",
    "schema_version": "1.0.0",
    "event_type": "agent_order",
    "source": "synthetic_agent",
    "symbol": "BTCUSDT",
    "exchange": "binance_usdm",
    "timestamp": "2024-05-01T00:00:01.050000Z",
    "sequence": 15,
    "scenario_id": "scenario-574-runaway_inventory",
    "agent_id": "agent-runaway_inventory",
    "order_id": "scenario-574-runaway_inventory-agent-runaway_inventory-15",
    "action": "new",
    "side": "buy",
    "price": 65603.5083,
    "quantity": 0.04,
    "remaining_quantity": 0.04
  },
  {
    "event_id": "d00b756d18e615c963648ed7d7090e0830c4654db3c367b974f0329ef317018c",
    "schema_version": "1.0.0",
    "event_type": "agent_order",
    "source": "synthetic_agent",
    "symbol": "BTCUSDT",
    "exchange": "binance_usdm",
    "timestamp": "2024-05-01T00:00:01.120000Z",
    "sequence": 16,
    "scenario_id": "scenario-574-runaway_inventory",
    "agent_id": "agent-runaway_inventory",
    "order_id": "scenario-574-runaway_inventory-agent-runaway_inventory-16",
    "action": "new",
    "side": "buy",
    "price": 65605.47552,
    "quantity": 0.042,
    "remaining_quantity": 0.042
  },
  {
    "event_id": "fd2c8d40c4f6c0a7c2677d1218c65bb2702ac3e9f6bfd105f1fa2d9fef68482e",
    "schema_version": "1.0.0",
    "event_type": "agent_order",
    "source": "synthetic_agent",
    "symbol": "BTCUSDT",
    "exchange": "binance_usdm",
    "timestamp": "2024-05-01T00:00:01.190000Z",
    "sequence": 17,
    "scenario_id": "scenario-574-runaway_inventory",
    "agent_id": "agent-runaway_inventory",
    "order_id": "scenario-574-runaway_inventory-agent-runaway_inventory-17",
    "action": "new",
    "side": "buy",
    "price": 65607.44274,
    "quantity": 0.044000000000000004,
    "remaining_quantity": 0.044000000000000004
  },
  {
    "event_id": "1577bf561fd697c962b433bf789daf1c3f91b0916f3c48076aeaddbec0688d19",
    "schema_version": "1.0.0",
    "event_type": "agent_order",
    "source": "synthetic_agent",
    "symbol": "BTCUSDT",
    "exchange": "binance_usdm",
    "timestamp": "2024-05-01T00:00:01.260000Z",
    "sequence": 18,
    "scenario_id": "scenario-574-runaway_inventory",
    "agent_id": "agent-runaway_inventory",
    "order_id": "scenario-574-runaway_inventory-agent-runaway_inventory-18",
    "action": "new",
    "side": "buy",
    "price": 65609.40996,
    "quantity": 0.046000000000000006,
    "remaining_quantity": 0.046000000000000006
  },
  {
    "event_id": "c8049c5023ac0fdc030dc51457c3a8fa9e335933510bf97b76d895a3a3dd9315",
    "schema_version": "1.0.0",
    "event_type": "agent_order",
    "source": "synthetic_agent",
    "symbol": "BTCUSDT",
    "exchange": "binance_usdm",
    "timestamp": "2024-05-01T00:00:01.330000Z",
    "sequence": 19,
    "scenario_id": "scenario-574-runaway_inventory",
    "agent_id": "agent-runaway_inventory",
    "order_id": "scenario-574-runaway_inventory-agent-runaway_inventory-19",
    "action": "new",
    "side": "buy",
    "price": 65611.37718,
    "quantity": 0.048,
    "remaining_quantity": 0.048
  },
  {
    "event_id": "1663956365be087e503b9ac66045a3e2a6818614f90316b8067fa59a07119ef7",
    "schema_version": "1.0.0",
    "event_type": "agent_order",
    "source": "synthetic_agent",
    "symbol": "BTCUSDT",
    "exchange": "binance_usdm",
    "timestamp": "2024-05-01T00:00:01.400000Z",
    "sequence": 20,
    "scenario_id": "scenario-574-runaway_inventory",
    "agent_id": "agent-runaway_inventory",
    "order_id": "scenario-574-runaway_inventory-agent-runaway_inventory-20",
    "action": "new",
    "side": "buy",
    "price": 65613.3444,
    "quantity": 0.05,
    "remaining_quantity": 0.05
  },
  {
    "event_id": "492cccef5224ac9474b78e4fe4264317264ab6128b4318bf8e181ef6cc522322",
    "schema_version": "1.0.0",
    "event_type": "agent_order",
    "source": "synthetic_agent",
    "symbol": "BTCUSDT",
    "exchange": "binance_usdm",
    "timestamp": "2024-05-01T00:00:01.470000Z",
    "sequence": 21,
    "scenario_id": "scenario-574-runaway_inventory",
    "agent_id": "agent-runaway_inventory",
    "order_id": "scenario-574-runaway_inventory-agent-runaway_inventory-21",
    "action": "new",
    "side": "buy",
    "price": 65615.31162,
    "quantity": 0.052000000000000005,
    "remaining_quantity": 0.052000000000000005
  },
  {
    "event_id": "2ec63ee687264d3f9892607b73c2f78a7d40dbbc5f4465510cd327d8de587b3c",
    "schema_version": "1.0.0",
    "event_type": "agent_order",
    "source": "synthetic_agent",
    "symbol": "BTCUSDT",
    "exchange": "binance_usdm",
    "timestamp": "2024-05-01T00:00:01.540000Z",
    "sequence": 22,
    "scenario_id": "scenario-574-runaway_inventory",
    "agent_id": "agent-runaway_inventory",
    "order_id": "scenario-574-runaway_inventory-agent-runaway_inventory-22",
    "action": "new",
    "side": "buy",
    "price": 65617.27884000001,
    "quantity": 0.054,
    "remaining_quantity": 0.054
  },
  {
    "event_id": "f01275902494c8406b32516c998415bea910a370bc970f484d6dc10bd4dcdd84",
    "schema_version": "1.0.0",
    "event_type": "agent_order",
    "source": "synthetic_agent",
    "symbol": "BTCUSDT",
    "exchange": "binance_usdm",
    "timestamp": "2024-05-01T00:00:01.610000Z",
    "sequence": 23,
    "scenario_id": "scenario-574-runaway_inventory",
    "agent_id": "agent-runaway_inventory",
    "order_id": "scenario-574-runaway_inventory-agent-runaway_inventory-23",
    "action": "new",
    "side": "buy",
    "price": 65619.24606,
    "quantity": 0.056,
    "remaining_quantity": 0.056
  },
  {
    "event_id": "3a266e75fab45bde46886a08cd545f64907ad6157bcdb20c667950b3b0798c3d",
    "schema_version": "1.0.0",
    "event_type": "agent_order",
    "source": "synthetic_agent",
    "symbol": "BTCUSDT",
    "exchange": "binance_usdm",
    "timestamp": "2024-05-01T00:00:01.680000Z",
    "sequence": 24,
    "scenario_id": "scenario-574-runaway_inventory",
    "agent_id": "agent-runaway_inventory",
    "order_id": "scenario-574-runaway_inventory-agent-runaway_inventory-24",
    "action": "new",
    "side": "buy",
    "price": 65621.21328,
    "quantity": 0.058,
    "remaining_quantity": 0.058
  },
  {
    "event_id": "48895b6ca16d09f938b00c4da0a264be82c80ad35d0a3ca5d2b871ed2b05861d",
    "schema_version": "1.0.0",
    "event_type": "agent_order",
    "source": "synthetic_agent",
    "symbol": "BTCUSDT",
    "exchange": "binance_usdm",
    "timestamp": "2024-05-01T00:00:01.750000Z",
    "sequence": 25,
    "scenario_id": "scenario-574-runaway_inventory",
    "agent_id": "agent-runaway_inventory",
    "order_id": "scenario-574-runaway_inventory-agent-runaway_inventory-25",
    "action": "new",
    "side": "buy",
    "price": 65623.1805,
    "quantity": 0.060000000000000005,
    "remaining_quantity": 0.060000000000000005
  },
  {
    "event_id": "48aaad55eacf08069fb31f65a63295fb7e6869a1b223e0a34cb0ca820fb1e512",
    "schema_version": "1.0.0",
    "event_type": "agent_order",
    "source": "synthetic_agent",
    "symbol": "BTCUSDT",
    "exchange": "binance_usdm",
    "timestamp": "2024-05-01T00:00:01.820000Z",
    "sequence": 26,
    "scenario_id": "scenario-574-runaway_inventory",
    "agent_id": "agent-runaway_inventory",
    "order_id": "scenario-574-runaway_inventory-agent-runaway_inventory-26",
    "action": "new",
    "side": "buy",
    "price": 65625.14772,
    "quantity": 0.062000000000000006,
    "remaining_quantity": 0.062000000000000006
  },
  {
    "event_id": "8723990700feb35853f5b694bd69a3b337dfc61147ee889eb1b40c027d326cf4",
    "schema_version": "1.0.0",
    "event_type": "agent_order",
    "source": "synthetic_agent",
    "symbol": "BTCUSDT",
    "exchange": "binance_usdm",
    "timestamp": "2024-05-01T00:00:01.890000Z",
    "sequence": 27,
    "scenario_id": "scenario-574-runaway_inventory",
    "agent_id": "agent-runaway_inventory",
    "order_id": "scenario-574-runaway_inventory-agent-runaway_inventory-27",
    "action": "new",
    "side": "buy",
    "price": 65627.11494,
    "quantity": 0.064,
    "remaining_quantity": 0.064
  },
  {
    "event_id": "8786bfd1fb89161ba17f35731a012025e96fb5f8ea086cbc67775a6a36cb29a5",
    "schema_version": "1.0.0",
    "event_type": "agent_order",
    "source": "synthetic_agent",
    "symbol": "BTCUSDT",
    "exchange": "binance_usdm",
    "timestamp": "2024-05-01T00:00:01.960000Z",
    "sequence": 28,
    "scenario_id": "scenario-574-runaway_inventory",
    "agent_id": "agent-runaway_inventory",
    "order_id": "scenario-574-runaway_inventory-agent-runaway_inventory-28",
    "action": "new",
    "side": "buy",
    "price": 65629.08215999999,
    "quantity": 0.066,
    "remaining_quantity": 0.066
  },
  {
    "event_id": "79d9f98b03bc47383b19d1322c24ac46d84be938f9f28328c1a1e028355417f2",
    "schema_version": "1.0.0",
    "event_type": "agent_order",
    "source": "synthetic_agent",
    "symbol": "BTCUSDT",
    "exchange": "binance_usdm",
    "timestamp": "2024-05-01T00:00:02.030000Z",
    "sequence": 29,
    "scenario_id": "scenario-574-runaway_inventory",
    "agent_id": "agent-runaway_inventory",
    "order_id": "scenario-574-runaway_inventory-agent-runaway_inventory-29",
    "action": "new",
    "side": "buy",
    "price": 65631.04938,
    "quantity": 0.068,
    "remaining_quantity": 0.068
  }
]