[
  {
    "event_id": "3f0433855c167dbcd356df147042f8724f1b191aad074523d45b4e163e061ba1",
    "schema_version": "1.0.0",
    "event_type": "agent_order",
    "source": "synthetic_agent",
    "symbol": "BTCUSDT",
    "exchange": "binance_usdm",
    "timestamp": "2024-05-01T00:00:00Z",
    "sequence": 0,
    "scenario_id": "scenario-279-spoofing_layering",
    "agent_id": "agent-spoofing_layering",
    "order_id": "scenario-279-spoofing_layering-agent-spoofing_layering-0",
    "action": "new",
    "side": "sell",
    "price": 65311.6395,
    "quantity": 0.5,
    "remaining_quantity": 0.5
  },
  {
    "event_id": "264fb0ddd1c282183f00dd3f72f5783e2d98a1aa2aca6f77ba027b501da3d444",
    "schema_version": "1.0.0",
    "event_type": "agent_order",
    "source": "synthetic_agent",
    "symbol": "BTCUSDT",
    "exchange": "binance_usdm",
    "timestamp": "2024-05-01T00:00:00.050000Z",
    "sequence": 1,
    "scenario_id": "scenario-279-spoofing_layering",
    "agent_id": "agent-spoofing_layering",
    "order_id": "scenario-279-spoofing_layering-agent-spoofing_layering-1",
    "action": "new",
    "side": "sell",
    "price": 65312.29229,
    "quantity": 0.5,
    "remaining_quantity": 0.5
  },
  {
    "event_id": "a66cae7662b280b04641410d424e63aea6a84a940f7b28eec573298162d2d02d",
    "schema_version": "1.0.0",
    "event_type": "agent_order",
    "source": "synthetic_agent",
    "symbol": "BTCUSDT",
    "exchange": "binance_usdm",
    "timestamp": "2024-05-01T00:00:00.100000Z",
    "sequence": 2,
    "scenario_id": "scenario-279-spoofing_layering",
    "agent_id": "agent-spoofing_layering",
    "order_id": "scenario-279-spoofing_layering-agent-spoofing_layering-2",
    "action": "new",
    "side": "sell",
    "price": 65312.94507999999,
    "quantity": 0.5,
    "remaining_quantity": 0.5
  },
  {
    "event_id": "27f807b9b89606eaab5d6f617b11503364d2c645102391c38924783bc3b85286",
    "schema_version": "1.0.0",
    "event_type": "agent_order",
    "source": "synthetic_agent",
    "symbol": "BTCUSDT",
    "exchange": "binance_usdm",
    "timestamp": "2024-05-01T00:00:00.150000Z",
    "sequence": 3,
    "scenario_id": "scenario-279-spoofing_layering",
    "agent_id": "agent-spoofing_layering",
    "order_id": "scenario-279-spoofing_layering-agent-spoofing_layering-3",
    "action": "new",
    "side": "sell",
    "price": 65313.59787,
    "quantity": 0.5,
    "remaining_quantity": 0.5
  },
  {
    "event_id": "a3a16741963ba4624b76d5216eaa0c7e4b4562ec737cfc4b9482787d44a24f03",
    "schema_version": "1.0.0",
    "event_type": "agent_order",
    "source": "synthetic_agent",
    "symbol": "BTCUSDT",
    "exchange": "binance_usdm",
    "timestamp": "2024-05-01T00:00:00.200000Z",
    "sequence": 4,
    "scenario_id": "scenario-279-spoofing_layering",
    "agent_id": "agent-spoofing_layering",
    "order_id": "scenario-279-spoofing_layering-agent-spoofing_layering-4",
    "action": "new",
    "side": "sell",
    "price": 65314.25066,
    "quantity": 0.5,
    "remaining_quantity": 0.5
  },
  {
    "event_id": "e38dc8f0d8d313d857517cdee32b99b644af7487b09ff631915cfe09ac4446b1",
    "schema_version": "1.0.0",
    "event_type": "agent_order",
    "source": "synthetic_agent",
    "symbol": "BTCUSDT",
    "exchange": "binance_usdm",
    "timestamp": "2024-05-01T00:00:00.250000Z",
    "sequence": 5,
    "scenario_id": "scenario-279-spoofing_layering",
    "agent_id": "agent-spoofing_layering",
    "order_id": "scenario-279-spoofing_layering-agent-spoofing_layering-5",
    "action": "new",
    "side": "sell",
    "price": 65314.903450000005,
    "quantity": 0.5,
    "remaining_quantity": 0.5
  },
  {
    "event_id": "1ca30df020e723b1c5fb54291365e4ecb5babd0f76cfe4d111537caad99d3f29",
    "schema_version": "1.0.0",
    "event_type": "agent_order",
    "source": "synthetic_agent",
    "symbol": "BTCUSDT",
    "exchange": "binance_usdm",
    "timestamp": "2024-05-01T00:00:00.300000Z",
    "sequence": 6,
    "scenario_id": "scenario-279-spoofing_layering",
    "agent_id": "agent-spoofing_layering",
    "order_id": "scenario-279-spoofing_layering-agent-spoofing_layering-6",
    "action": "new",
    "side": "sell",
    "price": 65315.55623999999,
    "quantity": 0.5,
    "remaining_quantity": 0.5
  },
  {
    "event_id": "5cc6ca1d63ace6511cf38db119a5d5203fc108da4ad048a8e5062dca9fc10f10",
    "schema_version": "1.0.0",
    "event_type": "agent_order",
    "source": "synthetic_agent",
    "symbol": "BTCUSDT",
    "exchange": "binance_usdm",
    "timestamp": "2024-05-01T00:00:00.350000Z",
    "sequence": 7,
    "scenario_id": "scenario-279-spoofing_layering",
    "agent_id": "agent-spoofing_layering",
    "order_id": "scenario-279-spoofing_layering-agent-spoofing_layering-7",
    "action": "new",
    "side": "sell",
    "price": 65316.20903,
    "quantity": 0.5,
    "remaining_quantity": 0.5
  },
  {
    "event_id": "32ae35d575a8cb608c686f84f79bf989b073595f26b2e0cf0fdb9e6de8d047b1",
    "schema_version": "1.0.0",
    "event_type": "agent_order",
    "source": "synthetic_agent",
    "symbol": "BTCUSDT",
    "exchange": "binance_usdm",
    "timestamp": "2024-05-01T00:00:00.400000Z",
    "sequence": 8,
    "scenario_id": "scenario-279-spoofing_layering",
    "agent_id": "agent-spoofing_layering",
    "order_id": "scenario-279-spoofing_layering-agent-spoofing_layering-8",
    "action": "new",
    "side": "sell",
    "price": 65316.86182,
    "quantity": 0.5,
    "remaining_quantity": 0.5
  },
  {
    "event_id": "acb3c95afcb761cd3dd95e507b8e1a18cdf9253abd4b5f55850cb94e61881fd3",
    "schema_version": "1.0.0",
    "event_type": "agent_order",
    "source": "synthetic_agent",
    "symbol": "BTCUSDT",
    "exchange": "binance_usdm",
    "timestamp": "2024-05-01T00:00:00.450000Z",
    "sequence": 9,
    "scenario_id": "scenario-279-spoofing_layering",
    "agent_id": "agent-spoofing_layering",
    "order_id": "scenario-279-spoofing_layering-agent-spoofing_layering-9",
    "action": "new",
    "side": "sell",
    "price": 65317.51460999999,
    "quantity": 0.5,
    "remaining_quantity": 0.5
  },
  {
    "event_id": "a81ffe9d9090e5571a500d41bba8ee1a2922e320884ea7e528054c6f32564073",
    "schema_version": "1.0.0",
    "event_type": "agent_order",
    "source": "synthetic_agent",
    "symbol": "BTCUSDT",
    "exchange": "binance_usdm",
    "timestamp": "2024-05-01T00:00:00.500000Z",
    "sequence": 10,
    "scenario_id": "scenario-279-spoofing_layering",
    "agent_id": "agent-spoofing_layering",
    "order_id": "scenario-279-spoofing_layering-agent-spoofing_layering-10",
    "action": "new",
    "side": "sell",
    "price": 65318.1674,
    "quantity": 0.5,
    "remaining_quantity": 0.5
  },
  {
    "event_id": "859cf9b894bb3aa5720ea04ca01023ba34a570aeab60b766349081138d426e90",
    "schema_version": "1.0.0",
    "event_type": "agent_order",
    "source": "synthetic_agent",
    "symbol": "BTCUSDT",
    "exchange": "binance_usdm",
    "timestamp": "2024-05-01T00:00:00.550000Z",
    "sequence": 11,
    "scenario_id": "scenario-279-spoofing_layering",
    "agent_id": "agent-spoofing_layering",
    "order_id": "scenario-279-spoofing_layering-agent-spoofing_layering-11",
    "action": "new",
    "side": "sell",
    "price": 65318.82019,
    "quantity": 0.5,
    "remaining_quantity": 0.5
  },
  {
    "event_id": "12e1dda2da60bf5ee904c838625e121a6568e583198cc12570b4add6d4c67a0e",
    "schema_version": "1.0.0",
    "event_type": "agent_order",
    "source": "synthetic_agent",
    "symbol": "BTCUSDT",
    "exchange": "binance_usdm",
    "timestamp": "2024-05-01T00:00:00.600000Z",
    "sequence": 12,
    "scenario_id": "scenario-279-spoofing_layering",
    "agent_id": "agent-spoofing_layering",
    "order_id": "scenario-279-spoofing_layering-agent-spoofing_layering-12",
    "action": "new",
    "side": "sell",
    "price": 65319.47297999999,
    "quantity": 0.5,
    "remaining_quantity": 0.5
  },
  {
    "event_id": "dfe468596c5919cf65837f1f937b3af9b6ba86b9998f1c5341b56773781b12d6",
    "schema_version": "1.0.0",
    "event_type": "agent_order",
    "source": "synthetic_agent",
    "symbol": "BTCUSDT",
    "exchange": "binance_usdm",
    "timestamp": "2024-05-01T00:00:00.650000Z",
    "sequence": 13,
    "scenario_id": "scenario-279-spoofing_layering",
    "agent_id": "agent-spoofing_layering",
    "order_id": "scenario-279-spoofing_layering-agent-spoofing_layering-13",
    "action": "new",
    "side": "sell",
    "price": 65320.12576999999,
    "quantity": 0.5,
    "remaining_quantity": 0.5
  },
  {
    "event_id": "397e57e761a3e7f0d6cde2e3f5c8d2f8aa2b358088061d468019aacf35cab5a5",
    "schema_version": "1.0.0",
    "event_type": "agent_order",
    "source": "synthetic_agent",
    "symbol": "BTCUSDT",
    "exchange": "binance_usdm",
    "timestamp": "2024-05-01T00:00:00.700000Z",
    "sequence": 14,
    "scenario_id": "scenario-279-spoofing_layering",
    "agent_id": "agent-spoofing_layering",
    "order_id": "scenario-279-spoofing_layering-agent-spoofing_layering-14",
    "action": "new",
    "side": "sell",
    "price": 65320.77856,
    "quantity": 0.5,
    "remaining_quantity": 0.5
  },
  {
    "event_id": "58d8a7e98dc7389a84f179b596e937db8aae30f1b0b1b4d65e514bd6341e0888",
    "schema_version": "1.0.0",
    "event_type": "agent_order",
    "source": "synthetic_agent",
    "symbol": "BTCUSDT",
    "exchange": "binance_usdm",
    "timestamp": "2024-05-01T00:00:00.750000Z",
    "sequence": 15,
    "scenario_id": "scenario-279-spoofing_layering",
    "agent_id": "agent-spoofing_layering",
    "order_id": "scenario-279-spoofing_layering-agent-spoofing_layering-15",
    "action": "new",
    "side": "sell",
    "price": 65321.431350000006,
    "quantity": 0.5,
    "remaining_quantity": 0.5
  },
  {
    "event_id": "9269eca74c2282af083cb31bb54eb7d2da28a4d2b8d8c14d42ccadf5438125a3",
    "schema_version": "1.0.0",
    "event_type": "agent_order",
    "source": "synthetic_agent",
    "symbol": "BTCUSDT",
    "exchange": "binance_usdm",
    "timestamp": "2024-05-01T00:00:00.800000Z",
    "sequence": 16,
    "scenario_id": "scenario-279-spoofing_layering",
    "agent_id": "agent-spoofing_layering",
    "order_id": "scenario-279-spoofing_layering-agent-spoofing_layering-16",
    "action": "new",
    "side": "sell",
    "price": 65322.08413999999,
    "quantity": 0.5,
    "remaining_quantity": 0.5
  },
  {
    "event_id": "ac618fc7f53b231cb99210be1483a009e97a96718f21629fc5f8439a26781862",
    "schema_version": "1.0.0",
    "event_type": "agent_order",
    "source": "synthetic_agent",
    "symbol": "BTCUSDT",
    "exchange": "binance_usdm",
    "timestamp": "2024-05-01T00:00:00.850000Z",
    "sequence": 17,
    "scenario_id": "scenario-279-spoofing_layering",
    "agent_id": "agent-spoofing_layering",
    "order_id": "scenario-279-spoofing_layering-agent-spoofing_layering-17",
    "action": "new",
    "side": "sell",
    "price": 65322.73693,
    "quantity": 0.5,
    "remaining_quantity": 0.5
  },
  {
    "event_id": "652bda5f027d68f20f9bbb4d2e9eab23c215de7ef7874a10141760a505230ca8",
    "schema_version": "1.0.0",
    "event_type": "agent_order",
    "source": "synthetic_agent",
    "symbol": "BTCUSDT",
    "exchange": "binance_usdm",
    "timestamp": "2024-05-01T00:00:00.900000Z",
    "sequence": 18,
    "scenario_id": "scenario-279-spoofing_layering",
    "agent_id": "agent-spoofing_layering",
    "order_id": "scenario-279-spoofing_layering-agent-spoofing_layering-18",
    "action": "new",
    "side": "sell",
    "price": 65323.38972,
    "quantity": 0.5,
    "remaining_quantity": 0.5
  },
  {
    "event_id": "d706a6a337264bac66f87acca5000834dd42dbb01ee8c6d0b1ab36d10cb9adb9",
    "schema_version": "1.0.0",
    "event_type": "agent_order",
    "source": "synthetic_agent",
    "symbol": "BTCUSDT",
    "exchange": "binance_usdm",
    "timestamp": "2024-05-01T00:00:00.950000Z",
    "sequence": 19,
    "scenario_id": "scenario-279-spoofing_layering",
    "agent_id": "agent-spoofing_layering",
    "order_id": "scenario-279-spoofing_layering-agent-spoofing_layering-19",
    "action": "new",
    "side": "sell",
    "price": 65324.04250999999,
    "quantity": 0.5,
    "remaining_quantity": 0.5
  },
  {
    "event_id": "8a2bb37a4fe88be11ab76f308e9786d0d2a4bb50d4a9978f86f6b3c16c09b390",
    "schema_version": "1.0.0",
    "event_type": "agent_order",
    "source": "synthetic_agent",
    "symbol": "BTCUSDT",
    "exchange": "binance_usdm",
    "timestamp": "2024-05-01T00:00:01Z",
    "sequence": 20,
    "scenario_id": "scenario-279-spoofing_layering",
    "agent_id": "agent-spoofing_layering",
    "order_id": "scenario-279-spoofing_layering-agent-spoofing_layering-20",
    "action": "new",
    "side": "sell",
    "price": 65324.69529999999,
    "quantity": 0.5,
    "remaining_quantity": 0.5
  },
  {
    "event_id": "9b5f919422aee6d0d60ae8e2669e5aad244789856568820d4bdbfb56410406a8",
    "schema_version": "1.0.0",
    "event_type": "agent_order",
    "source": "synthetic_agent",
    "symbol": "BTCUSDT",
    "exchange": "binance_usdm",
    "timestamp": "2024-05-01T00:00:01.050000Z",
    "sequence": 21,
    "scenario_id": "scenario-279-spoofing_layering",
    "agent_id": "agent-spoofing_layering",
    "order_id": "scenario-279-spoofing_layering-agent-spoofing_layering-21",
    "action": "new",
    "side": "sell",
    "price": 65325.34809,
    "quantity": 0.5,
    "remaining_quantity": 0.5
  },
  {
    "event_id": "8e04965e12528ce51cdfa97cdd34fa1573d3ee976c0fc916e7c2a6c75cb6408b",
    "schema_version": "1.0.0",
    "event_type": "agent_order",
    "source": "synthetic_agent",
    "symbol": "BTCUSDT",
    "exchange": "binance_usdm",
    "timestamp": "2024-05-01T00:00:01.100000Z",
    "sequence": 22,
    "scenario_id": "scenario-279-spoofing_layering",
    "agent_id": "agent-spoofing_layering",
    "order_id": "scenario-279-spoofing_layering-agent-spoofing_layering-22",
    "action": "new",
    "side": "sell",
    "price": 65326.00088000001,
    "quantity": 0.5,
    "remaining_quantity": 0.5
  },
  {
    "event_id": "20775a9df2af597a218ef451bebfcb1f72faa8292b26f29fd8345e229f202979",
    "schema_version": "1.0.0",
    "event_type": "agent_order",
    "source": "synthetic_agent",
    "symbol": "BTCUSDT",
    "exchange": "binance_usdm",
    "timestamp": "2024-05-01T00:00:01.150000Z",
    "sequence": 23,
    "scenario_id": "scenario-279-spoofing_layering",
    "agent_id": "agent-spoofing_layering",
    "order_id": "scenario-279-spoofing_layering-agent-spoofing_layering-23",
    "action": "new",
    "side": "sell",
    "price": 65326.65366999999,
    "quantity": 0.5,
    "remaining_quantity": 0.5
  },
  {
    "event_id": "04a655c3013ecbb4c55003af4e7a058b59529eecdcc7ed474aaafb1fdb956b77",
    "schema_version": "1.0.0",
    "event_type": "agent_order",
    "source": "synthetic_agent",
    "symbol": "BTCUSDT",
    "exchange": "binance_usdm",
    "timestamp": "2024-05-01T00:00:01.200000Z",
    "sequence": 24,
    "scenario_id": "scenario-279-spoofing_layering",
    "agent_id": "agent-spoofing_layering",
    "order_id": "scenario-279-spoofing_layering-agent-spoofing_layering-24",
    "action": "new",
    "side": "sell",
    "price": 65327.30646,
    "quantity": 0.5,
    "remaining_quantity": 0.5
  },
  {
    "event_id": "dfa3e0c8debb2b26c53442de233e9b2f7414451a7814ba62512fc0195d3e6f35",
    "schema_version": "1.0.0",
    "event_type": "agent_order",
    "source": "synthetic_agent",
    "symbol": "BTCUSDT",
    "exchange": "binance_usdm",
    "timestamp": "2024-05-01T00:00:01.250000Z",
    "sequence": 25,
    "scenario_id": "scenario-279-spoofing_layering",
    "agent_id": "agent-spoofing_layering",
    "order_id": "scenario-279-spoofing_layering-agent-spoofing_layering-25",
    "action": "new",
    "side": "sell",
    "price": 65327.95925,
    "quantity": 0.5,
    "remaining_quantity": 0.5
  },
  {
    "event_id": "1ce77e4415e61ce78018c7ef410c55b188d5691694365e13d49f7f97c3bd63e4",
    "schema_version": "1.0.0",
    "event_type": "agent_order",
    "source": "synthetic_agent",
    "symbol": "BTCUSDT",
    "exchange": "binance_usdm",
    "timestamp": "2024-05-01T00:00:01.300000Z",
    "sequence": 26,
    "scenario_id": "scenario-279-spoofing_layering",
    "agent_id": "agent-spoofing_layering",
    "order_id": "scenario-279-spoofing_layering-agent-spoofing_layering-26",
    "action": "new",
    "side": "sell",
    "price": 65328.61203999999,
    "quantity": 0.5,
    "remaining_quantity": 0.5
  },
  {
    "event_id": "d81ec41bded6de76312f451ef981ae72074f55da04391757dd3d765d219fcf72",
    "schema_version": "1.0.0",
    "event_type": "agent_order",
    "source": "synthetic_agent",
    "symbol": "BTCUSDT",
    "exchange": "binance_usdm",
    "timestamp": "2024-05-01T00:00:01.350000Z",
    "sequence": 27,
    "scenario_id": "scenario-279-spoofing_layering",
    "agent_id": "agent-spoofing_layering",
    "order_id": "scenario-279-spoofing_layering-agent-spoofing_layering-27",
    "action": "new",
    "side": "sell",
    "price": 65329.26482999999,
    "quantity": 0.5,
    "remaining_quantity": 0.5
  },
  {
    "event_id": "b193492006a6190672b0872dc2217659eb43313324a680bdf3c1aacd85b17663",
    "schema_version": "1.0.0",
    "event_type": "agent_order",
    "source": "synthetic_agent",
    "symbol": "BTCUSDT",
    "exchange": "binance_usdm",
    "timestamp": "2024-05-01T00:00:01.400000Z",
    "sequence": 28,
    "scenario_id": "scenario-279-spoofing_layering",
    "agent_id": "agent-spoofing_layering",
    "order_id": "scenario-279-spoofing_layering-agent-spoofing_layering-28",
    "action": "new",
    "side": "sell",
    "price": 65329.91762,
    "quantity": 0.5,
    "remaining_quantity": 0.5
  },
  {
    "event_id": "38faaaffbdb99bb50c4b35ff054d61f8d9c1554a43a4262589df6c3a12a3106d",
    "schema_version": "1.0.0",
    "event_type": "agent_order",
    "source": "synthetic_agent",
    "symbol": "BTCUSDT",
    "exchange": "binance_usdm",
    "timestamp": "2024-05-01T00:00:01.450000Z",
    "sequence": 29,
    "scenario_id": "scenario-279-spoofing_layering",
    "agent_id": "agent-spoofing_layering",
    "order_id": "scenario-279-spoofing_layering-agent-spoofing_layering-29",
    "action": "new",
    "side": "sell",
    "price": 65330.57040999999,
    "quantity": 0.5,
    "remaining_quantity": 0.5
  }
]