[
  {
    "event_id": "81207791c698e7a5148748d834931161f05f3fb3e251c5c067c99053a901b840",
    "schema_version": "1.0.0",
    "event_type": "agent_order",
    "source": "synthetic_agent",
    "symbol": "BTCUSDT",
    "exchange": "binance_usdm",
    "timestamp": "2024-05-01T00:00:00Z",
    "sequence": 0,
    "scenario_id": "scenario-395-volatility_feedback",
    "agent_id": "agent-volatility_feedback",
    "order_id": "scenario-395-volatility_feedback-agent-volatility_feedback-0",
    "action": "new",
    "side": "buy",
    "price": 65460.39499999999,
    "quantity": 0.02,
    "remaining_quantity": 0.02
  },
  {
    "event_id": "1912af254cf7db0abf8cc384746b38816472af563026931edec602a2f087a7e1",
    "schema_version": "1.0.0",
    "event_type": "agent_order",
    "source": "synthetic_agent",
    "symbol": "BTCUSDT",
    "exchange": "binance_usdm",
    "timestamp": "2024-05-01T00:00:00.020000Z",
    "sequence": 1,
    "scenario_id": "scenario-395-volatility_feedback",
    "agent_id": "agent-volatility_feedback",
    "order_id": "scenario-395-volatility_feedback-agent-volatility_feedback-1",
    "action": "new",
    "side": "sell",
    "price": 65328.297099999996,
    "quantity": 0.03,
    "remaining_quantity": 0.03
  },
  {
    "event_id": "cc1e75bc8aac3ae74aad263d80db30de06a196ab67a5c54e8bd4aa0409a59f66",
    "schema_version": "1.0.0",
    "event_type": "agent_order",
    "source": "synthetic_agent",
    "symbol": "BTCUSDT",
    "exchange": "binance_usdm",
    "timestamp": "2024-05-01T00:00:00.040000Z",
    "sequence": 2,
    "scenario_id": "scenario-395-volatility_feedback",
    "agent_id": "agent-volatility_feedback",
    "order_id": "scenario-395-volatility_feedback-agent-volatility_feedback-2",
    "action": "new",
    "side": "buy",
    "price": 65463.0108,
    "quantity": 0.04,
    "remaining_quantity": 0.04
  },
  {
    "event_id": "9def76c6a1edd1908f81415f0343cc7f6fa59263533f0c2badece7112296faac",
    "schema_version": "1.0.0",
    "event_type": "agent_order",
    "source": "synthetic_agent",
    "symbol": "BTCUSDT",
    "exchange": "binance_usdm",
    "timestamp": "2024-05-01T00:00:00.060000Z",
    "sequence": 3,
    "scenario_id": "scenario-395-volatility_feedback",
    "agent_id": "agent-volatility_feedback",
    "order_id": "scenario-395-volatility_feedback-agent-volatility_feedback-3",
    "action": "new",
    "side": "sell",
    "price": 65325.681300000004,
    "quantity": 0.05,
    "remaining_quantity": 0.05
  },
  {
    "event_id": "8f04d9f04018b1967c7922d21756b184af2fbd25499af4ca0592597357fe264d",
    "schema_version": "1.0.0",
    "event_type": "agent_order",
    "source": "synthetic_agent",
    "symbol": "BTCUSDT",
    "exchange": "binance_usdm",
    "timestamp": "2024-05-01T00:00:00.080000Z",
    "sequence": 4,
    "scenario_id": "scenario-395-volatility_feedback",
    "agent_id": "agent-volatility_feedback",
    "order_id": "scenario-395-volatility_feedback-agent-volatility_feedback-4",
    "action": "new",
    "side": "buy",
    "price": 65465.626599999996,
    "quantity": 0.02,
    "remaining_quantity": 0.02
  },
  {
    "event_id": "b37bb9c982984e93f423d6ba4b0e2630ac3dc9fee86cc047a9daa26d396b3417",
    "schema_version": "1.0.0",
    "event_type": "agent_order",
    "source": "synthetic_agent",
    "symbol": "BTCUSDT",
    "exchange": "binance_usdm",
    "timestamp": "2024-05-01T00:00:00.100000Z",
    "sequence": 5,
    "scenario_id": "scenario-395-volatility_feedback",
    "agent_id": "agent-volatility_feedback",
    "order_id": "scenario-395-volatility_feedback-agent-volatility_feedback-5",
    "action": "new",
    "side": "sell",
    "price": 65323.065500000004,
    "quantity": 0.03,
    "remaining_quantity": 0.03
  },
  {
    "event_id": "10ddfcb61526c2e41098e38863bb0640879e3cac7bc551fd1d22226c430c9a89",
    "schema_version": "1.0.0",
    "event_type": "agent_order",
    "source": "synthetic_agent",
    "symbol": "BTCUSDT",
    "exchange": "binance_usdm",
    "timestamp": "2024-05-01T00:00:00.120000Z",
    "sequence": 6,
    "scenario_id": "scenario-395-volatility_feedback",
    "agent_id": "agent-volatility_feedback",
    "order_id": "scenario-395-volatility_feedback-agent-volatility_feedback-6",
    "action": "new",
    "side": "buy",
    "price": 65468.2424,
    "quantity": 0.04,
    "remaining_quantity": 0.04
  },
  {
    "event_id": "eb39a5b2c52f1757aa24599e4321e8196962810dd733535cf463ed87d246dbd5",
    "schema_version": "1.0.0",
    "event_type": "agent_order",
    "source": "synthetic_agent",
    "symbol": "BTCUSDT",
    "exchange": "binance_usdm",
    "timestamp": "2024-05-01T00:00:00.140000Z",
    "sequence": 7,
    "scenario_id": "scenario-395-volatility_feedback",
    "agent_id": "agent-volatility_feedback",
    "order_id": "scenario-395-volatility_feedback-agent-volatility_feedback-7",
    "action": "new",
    "side": "sell",
    "price": 65320.4497,
    "quantity": 0.05,
    "remaining_quantity": 0.05
  },
  {
    "event_id": "2fe5cb64196f07b8ef2e9b2894ea20f02502be776f1b2a575c23e3ae94c704a1",
    "schema_version": "1.0.0",
    "event_type": "agent_order",
    "source": "synthetic_agent",
    "symbol": "BTCUSDT",
    "exchange": "binance_usdm",
    "timestamp": "2024-05-01T00:00:00.160000Z",
    "sequence": 8,
    "scenario_id": "scenario-395-volatility_feedback",
    "agent_id": "agent-volatility_feedback",
    "order_id": "scenario-395-volatility_feedback-agent-volatility_feedback-8",
    "action": "new",
    "side": "buy",
    "price": 65470.8582,
    "quantity": 0.02,
    "remaining_quantity": 0.02
  },
  {
    "event_id": "bc3071df9680e1352010fd068909940c008a62f6888031599daeabf3ac91e182",
    "schema_version": "1.0.0",
    "event_type": "agent_order",
    "source": "synthetic_agent",
    "symbol": "BTCUSDT",
    "exchange": "binance_usdm",
    "timestamp": "2024-05-01T00:00:00.180000Z",
    "sequence": 9,
    "scenario_id": "scenario-395-volatility_feedback",
    "agent_id": "agent-volatility_feedback",
    "order_id": "scenario-395-volatility_feedback-agent-volatility_feedback-9",
    "action": "new",
    "side": "sell",
    "price": 65317.833900000005,
    "quantity": 0.03,
    "remaining_quantity": 0.03
  },
  {
    "event_id": "62b6d70094d93a566588b3d3ab78d412dc5dd77db07b7cae96c559ae766f7743",
    "schema_version": "1.0.0",
    "event_type": "agent_order",
    "source": "synthetic_agent",
    "symbol": "BTCUSDT",
    "exchange": "binance_usdm",
    "timestamp": "2024-05-01T00:00:00.200000Z",
    "sequence": 10,
    "scenario_id": "scenario-395-volatility_feedback",
    "agent_id": "agent-volatility_feedback",
    "order_id": "scenario-395-volatility_feedback-agent-volatility_feedback-10",
    "action": "new",
    "side": "buy",
    "price": 65473.47400000001,
    "quantity": 0.04,
    "remaining_quantity": 0.04
  },
  {
    "event_id": "bbfc7ff0f81f391548f03e83bbd92faae656f69c973d660c145f05fe5f0cecbb",
    "schema_version": "1.0.0",
    "event_type": "agent_order",
    "source": "synthetic_agent",
    "symbol": "BTCUSDT",
    "exchange": "binance_usdm",
    "timestamp": "2024-05-01T00:00:00.220000Z",
    "sequence": 11,
    "scenario_id": "scenario-395-volatility_feedback",
    "agent_id": "agent-volatility_feedback",
    "order_id": "scenario-395-volatility_feedback-agent-volatility_feedback-11",
    "action": "new",
    "side": "sell",
    "price": 65315.2181,
    "quantity": 0.05,
    "remaining_quantity": 0.05
  },
  {
    "event_id": "e0959b484841f160fe8c7d8e9a8cb4edd9dbe36f52064cac7f4e18c6311eeed4",
    "schema_version": "1.0.0",
    "event_type": "agent_order",
    "source": "synthetic_agent",
    "symbol": "BTCUSDT",
    "exchange": "binance_usdm",
    "timestamp": "2024-05-01T00:00:00.240000Z",
    "sequence": 12,
    "scenario_id": "scenario-395-volatility_feedback",
    "agent_id": "agent-volatility_feedback",
    "order_id": "scenario-395-volatility_feedback-agent-volatility_feedback-12",
    "action": "new",
    "side": "buy",
    "price": 65476.089799999994,
    "quantity": 0.02,
    "remaining_quantity": 0.02
  },
  {
    "event_id": "efebd561b072cb0d1599b1fcf9b0378b1df7fa43212a87d2727964cff08f12cd",
    "schema_version": "1.0.0",
    "event_type": "agent_order",
    "source": "synthetic_agent",
    "symbol": "BTCUSDT",
    "exchange": "binance_usdm",
    "timestamp": "2024-05-01T00:00:00.260000Z",
    "sequence": 13,
    "scenario_id": "scenario-395-volatility_feedback",
    "agent_id": "agent-volatility_feedback",
    "order_id": "scenario-395-volatility_feedback-agent-volatility_feedback-13",
    "action": "new",
    "side": "sell",
    "price": 65312.6023,
    "quantity": 0.03,
    "remaining_quantity": 0.03
  },
  {
    "event_id": "62d013fab40d2005d918a456071f89b138dd5de5b1b63faa03555bafd067b345",
    "schema_version": "1.0.0",
    "event_type": "agent_order",
    "source": "synthetic_agent",
    "symbol": "BTCUSDT",
    "exchange": "binance_usdm",
    "timestamp": "2024-05-01T00:00:00.280000Z",
    "sequence": 14,
    "scenario_id": "scenario-395-volatility_feedback",
    "agent_id": "agent-volatility_feedback",
    "order_id": "scenario-395-volatility_feedback-agent-volatility_feedback-14",
    "action": "new",
    "side": "buy",
    "price": 65478.705599999994,
    "quantity": 0.04,
    "remaining_quantity": 0.04
  },
  {
    "event_id": "e6bf5f742700cdfd4c17070c0602e8d5556c76de94caa7242e03a193c17f2555",
    "schema_version": "1.0.0",
    "event_type": "agent_order",
    "source": "synthetic_agent",
    "symbol": "BTCUSDT",
    "exchange": "binance_usdm",
    "timestamp": "2024-05-01T00:00:00.300000Z",
    "sequence": 15,
    "scenario_id": "scenario-395-volatility_feedback",
    "agent_id": "agent-volatility_feedback",
    "order_id": "scenario-395-volatility_feedback-agent-volatility_feedback-15",
    "action": "new",
    "side": "sell",
    "price": 65309.9865,
    "quantity": 0.05,
    "remaining_quantity": 0.05
  },
  {
    "event_id": "fd23da1399d9663cf396b53fb9cfbf7a5d9d9e52b1000955b408096bb34e1323",
    "schema_version": "1.0.0",
    "event_type": "agent_order",
    "source": "synthetic_agent",
    "symbol": "BTCUSDT",
    "exchange": "binance_usdm",
    "timestamp": "2024-05-01T00:00:00.320000Z",
    "sequence": 16,
    "scenario_id": "scenario-395-volatility_feedback",
    "agent_id": "agent-volatility_feedback",
    "order_id": "scenario-395-volatility_feedback-agent-volatility_feedback-16",
    "action": "new",
    "side": "buy",
    "price": 65481.3214,
    "quantity": 0.02,
    "remaining_quantity": 0.02
  },
  {
    "event_id": "f8843209772cc5a97dc0c25400c50e4ebdd81099e07d8abc6f55067ca88768b8",
    "schema_version": "1.0.0",
    "event_type": "agent_order",
    "source": "synthetic_agent",
    "symbol": "BTCUSDT",
    "exchange": "binance_usdm",
    "timestamp": "2024-05-01T00:00:00.340000Z",
    "sequence": 17,
    "scenario_id": "scenario-395-volatility_feedback",
    "agent_id": "agent-volatility_feedback",
    "order_id": "scenario-395-volatility_feedback-agent-volatility_feedback-17",
    "action": "new",
    "side": "sell",
    "price": 65307.3707,
    "quantity": 0.03,
    "remaining_quantity": 0.03
  },
  {
    "event_id": "09235c2b90ced28a808b6d3b083cdeae81a3a9a37e7ea1e45ef7558a6ceaf0dd",
    "schema_version": "1.0.0",
    "event_type": "agent_order",
    "source": "synthetic_agent",
    "symbol": "BTCUSDT",
    "exchange": "binance_usdm",
    "timestamp": "2024-05-01T00:00:00.360000Z",
    "sequence": 18,
    "scenario_id": "scenario-395-volatility_feedback",
    "agent_id": "agent-volatility_feedback",
    "order_id": "scenario-395-volatility_feedback-agent-volatility_feedback-18",
    "action": "new",
    "side": "buy",
    "price": 65483.9372,
    "quantity": 0.04,
    "remaining_quantity": 0.04
  },
  {
    "event_id": "1a6a50408d08b2b45e5a765513e256db89a9a281709593e3b9f3750c836265dc",
    "schema_version": "1.0.0",
    "event_type": "agent_order",
    "source": "synthetic_agent",
    "symbol": "BTCUSDT",
    "exchange": "binance_usdm",
    "timestamp": "2024-05-01T00:00:00.380000Z",
    "sequence": 19,
    "scenario_id": "scenario-395-volatility_feedback",
    "agent_id": "agent-volatility_feedback",
    "order_id": "scenario-395-volatility_feedback-agent-volatility_feedback-19",
    "action": "new",
    "side": "sell",
    "price": 65304.7549,
    "quantity": 0.05,
    "remaining_quantity": 0.05
  },
  {
    "event_id": "27edf2f02d46be502f15bd01aba79c1710f3df2fe5cc97eb808534a0ebd02f74",
    "schema_version": "1.0.0",
    "event_type": "agent_order",
    "source": "synthetic_agent",
    "symbol": "BTCUSDT",
    "exchange": "binance_usdm",
    "timestamp": "2024-05-01T00:00:00.400000Z",
    "sequence": 20,
    "scenario_id": "scenario-395-volatility_feedback",
    "agent_id": "agent-volatility_feedback",
    "order_id": "scenario-395-volatility_feedback-agent-volatility_feedback-20",
    "action": "new",
    "side": "buy",
    "price": 65486.55300000001,
    "quantity": 0.02,
    "remaining_quantity": 0.02
  },
  {
    "event_id": "ce98b6f96fcd186fc3b583821928c917ae18555ee5c6b77e45b2a03c51601a4c",
    "schema_version": "1.0.0",
    "event_type": "agent_order",
    "source": "synthetic_agent",
    "symbol": "BTCUSDT",
    "exchange": "binance_usdm",
    "timestamp": "2024-05-01T00:00:00.420000Z",
    "sequence": 21,
    "scenario_id": "scenario-395-volatility_feedback",
    "agent_id": "agent-volatility_feedback",
    "order_id": "scenario-395-volatility_feedback-agent-volatility_feedback-21",
    "action": "new",
    "side": "sell",
    "price": 65302.1391,
    "quantity": 0.03,
    "remaining_quantity": 0.03
  },
  {
    "event_id": "e8799b83f2d0ea1a0b831b5770639cadfc895cf41552f7fd3c9163474984e81a",
    "schema_version": "1.0.0",
    "event_type": "agent_order",
    "source": "synthetic_agent",
    "symbol": "BTCUSDT",
    "exchange": "binance_usdm",
    "timestamp": "2024-05-01T00:00:00.440000Z",
    "sequence": 22,
    "scenario_id": "scenario-395-volatility_feedback",
    "agent_id": "agent-volatility_feedback",
    "order_id": "scenario-395-volatility_feedback-agent-volatility_feedback-22",
    "action": "new",
    "side": "buy",
    "price": 65489.16880000001,
    "quantity": 0.04,
    "remaining_quantity": 0.04
  },
  {
    "event_id": "8c26bb88c458973196a7b5e13c6b1441e716e5d88d45409c2915228b95d2a054",
    "schema_version": "1.0.0",
    "event_type": "agent_order",
    "source": "synthetic_agent",
    "symbol": "BTCUSDT",
    "exchange": "binance_usdm",
    "timestamp": "2024-05-01T00:00:00.460000Z",
    "sequence": 23,
    "scenario_id": "scenario-395-volatility_feedback",
    "agent_id": "agent-volatility_feedback",
    "order_id": "scenario-395-volatility_feedback-agent-volatility_feedback-23",
    "action": "new",
    "side": "sell",
    "price": 65299.5233,
    "quantity": 0.05,
    "remaining_quantity": 0.05
  },
  {
    "event_id": "125c12e896ab52f5eb631d2d034e6c168d15fdf11be9752544b1a0cddfda3d81",
    "schema_version": "1.0.0",
    "event_type": "agent_order",
    "source": "synthetic_agent",
    "symbol": "BTCUSDT",
    "exchange": "binance_usdm",
    "timestamp": "2024-05-01T00:00:00.480000Z",
    "sequence": 24,
    "scenario_id": "scenario-395-volatility_feedback",
    "agent_id": "agent-volatility_feedback",
    "order_id": "scenario-395-volatility_feedback-agent-volatility_feedback-24",
    "action": "new",
    "side": "buy",
    "price": 65491.78459999999,
    "quantity": 0.02,
    "remaining_quantity": 0.02
  },
  {
    "event_id": "d9a8c04154409fa67b9e0d8d58b0fc65ca4959f5c133793de3a285812caed27a",
    "schema_version": "1.0.0",
    "event_type": "agent_order",
    "source": "synthetic_agent",
    "symbol": "BTCUSDT",
    "exchange": "binance_usdm",
    "timestamp": "2024-05-01T00:00:00.500000Z",
    "sequence": 25,
    "scenario_id": "scenario-395-volatility_feedback",
    "agent_id": "agent-volatility_feedback",
    "order_id": "scenario-395-volatility_feedback-agent-volatility_feedback-25",
    "action": "new",
    "side": "sell",
    "price": 65296.9075,
    "quantity": 0.03,
    "remaining_quantity": 0.03
  },
  {
    "event_id": "94beb82cce8649c2668f164e0be1789c88a40e01d1fef041c065a24a2a953b33",
    "schema_version": "1.0.0",
    "event_type": "agent_order",
    "source": "synthetic_agent",
    "symbol": "BTCUSDT",
    "exchange": "binance_usdm",
    "timestamp": "2024-05-01T00:00:00.520000Z",
    "sequence": 26,
    "scenario_id": "scenario-395-volatility_feedback",
    "agent_id": "agent-volatility_feedback",
    "order_id": "scenario-395-volatility_feedback-agent-volatility_feedback-26",
    "action": "new",
    "side": "buy",
    "price": 65494.4004,
    "quantity": 0.04,
    "remaining_quantity": 0.04
  },
  {
    "event_id": "7c30b2efef6f0cd81749ba8937eb5769774529e823fcc642a75a6f5b008a4b70",
    "schema_version": "1.0.0",
    "event_type": "agent_order",
    "source": "synthetic_agent",
    "symbol": "BTCUSDT",
    "exchange": "binance_usdm",
    "timestamp": "2024-05-01T00:00:00.540000Z",
    "sequence": 27,
    "scenario_id": "scenario-395-volatility_feedback",
    "agent_id": "agent-volatility_feedback",
    "order_id": "scenario-395-volatility_feedback-agent-volatility_feedback-27",
    "action": "new",
    "side": "sell",
    "price": 65294.2917,
    "quantity": 0.05,
    "remaining_quantity": 0.05
  },
  {
    "event_id": "d5be4710acf3753433c2e8500657330d92d33747bb03989d3d19cb836019b520",
    "schema_version": "1.0.0",
    "event_type": "agent_order",
    "source": "synthetic_agent",
    "symbol": "BTCUSDT",
    "exchange": "binance_usdm",
    "timestamp": "2024-05-01T00:00:00.560000Z",
    "sequence": 28,
    "scenario_id": "scenario-395-volatility_feedback",
    "agent_id": "agent-volatility_feedback",
    "order_id": "scenario-395-volatility_feedback-agent-volatility_feedback-28",
    "action": "new",
    "side": "buy",
    "price": 65497.0162,
    "quantity": 0.02,
    "remaining_quantity": 0.02
  },
  {
    "event_id": "4514769897e157a3c327831a1255c047ceefc06edec4e17acdbb948e7f51441c",
    "schema_version": "1.0.0",
    "event_type": "agent_order",
    "source": "synthetic_agent",
    "symbol": "BTCUSDT",
    "exchange": "binance_usdm",
    "timestamp": "2024-05-01T00:00:00.580000Z",
    "sequence": 29,
    "scenario_id": "scenario-395-volatility_feedback",
    "agent_id": "agent-volatility_feedback",
    "order_id": "scenario-395-volatility_feedback-agent-volatility_feedback-29",
    "action": "new",
    "side": "sell",
    "price": 65291.675899999995,
    "quantity": 0.03,
    "remaining_quantity": 0.03
  }
]