[
  {
    "event_id": "795c60ea4fa802aa862b9f6baf90e864f084d370581f257a8f98d6d3a5380831",
    "schema_version": "1.0.0",
    "event_type": "agent_order",
    "source": "synthetic_agent",
    "symbol": "BTCUSDT",
    "exchange": "binance_usdm",
    "timestamp": "2024-05-01T00:00:00Z",
    "sequence": 0,
    "scenario_id": "scenario-447-spoofing_layering",
    "agent_id": "agent-spoofing_layering",
    "order_id": "scenario-447-spoofing_layering-agent-spoofing_layering-0",
    "action": "new",
    "side": "sell",
    "price": 65479.72349999999,
    "quantity": 0.5,
    "remaining_quantity": 0.5
  },
  {
    "event_id": "1e63a6aa20d95675924c17e0a074cf8739f609047e25ae04d2fadc56c17ae840",
    "schema_version": "1.0.0",
    "event_type": "agent_order",
    "source": "synthetic_agent",
    "symbol": "BTCUSDT",
    "exchange": "binance_usdm",
    "timestamp": "2024-05-01T00:00:00.050000Z",
    "sequence": 1,
    "scenario_id": "scenario-447-spoofing_layering",
    "agent_id": "agent-spoofing_layering",
    "order_id": "scenario-447-spoofing_layering-agent-spoofing_layering-1",
    "action": "new",
    "side": "sell",
    "price": 65480.37797,
    "quantity": 0.5,
    "remaining_quantity": 0.5
  },
  {
    "event_id": "c49f642f026d10dc6e473478e16fcd58fde23f65444b0c3c0b40afa1621c4263",
    "schema_version": "1.0.0",
    "event_type": "agent_order",
    "source": "synthetic_agent",
    "symbol": "BTCUSDT",
    "exchange": "binance_usdm",
    "timestamp": "2024-05-01T00:00:00.100000Z",
    "sequence": 2,
    "scenario_id": "scenario-447-spoofing_layering",
    "agent_id": "agent-spoofing_layering",
    "order_id": "scenario-447-spoofing_layering-agent-spoofing_layering-2",
    "action": "new",
    "side": "sell",
    "price": 65481.03243999999,
    "quantity": 0.5,
    "remaining_quantity": 0.5
  },
  {
    "event_id": "08486f9cfb7af5e0e283ad1608bbbc4fd95533aed34f933ffb42544c3ab6885e",
    "schema_version": "1.0.0",
    "event_type": "agent_order",
    "source": "synthetic_agent",
    "symbol": "BTCUSDT",
    "exchange": "binance_usdm",
    "timestamp": "2024-05-01T00:00:00.150000Z",
    "sequence": 3,
    "scenario_id": "scenario-447-spoofing_layering",
    "agent_id": "agent-spoofing_layering",
    "order_id": "scenario-447-spoofing_layering-agent-spoofing_layering-3",
    "action": "new",
    "side": "sell",
    "price": 65481.68691,
    "quantity": 0.5,
    "remaining_quantity": 0.5
  },
  {
    "event_id": "c07b1d600f221bb23fc4871b94d3d54ff074c23e16c8ce3d218c7453def4afb0",
    "schema_version": "1.0.0",
    "event_type": "agent_order",
    "source": "synthetic_agent",
    "symbol": "BTCUSDT",
    "exchange": "binance_usdm",
    "timestamp": "2024-05-01T00:00:00.200000Z",
    "sequence": 4,
    "scenario_id": "scenario-447-spoofing_layering",
    "agent_id": "agent-spoofing_layering",
    "order_id": "scenario-447-spoofing_layering-agent-spoofing_layering-4",
    "action": "new",
    "side": "sell",
    "price": 65482.34138,
    "quantity": 0.5,
    "remaining_quantity": 0.5
  },
  {
    "event_id": "39907c07f47a50e4cb28c79a70a8d8c02d3eafdcea8d59bc3dc7b786162521ce",
    "schema_version": "1.0.0",
    "event_type": "agent_order",
    "source": "synthetic_agent",
    "symbol": "BTCUSDT",
    "exchange": "binance_usdm",
    "timestamp": "2024-05-01T00:00:00.250000Z",
    "sequence": 5,
    "scenario_id": "scenario-447-spoofing_layering",
    "agent_id": "agent-spoofing_layering",
    "order_id": "scenario-447-spoofing_layering-agent-spoofing_layering-5",
    "action": "new",
    "side": "sell",
    "price": 65482.99585000001,
    "quantity": 0.5,
    "remaining_quantity": 0.5
  },
  {
    "event_id": "14579d365bb7a577c7f4456633cc237bb4b24b62f8a64277582bdd104a77154d",
    "schema_version": "1.0.0",
    "event_type": "agent_order",
    "source": "synthetic_agent",
    "symbol": "BTCUSDT",
    "exchange": "binance_usdm",
    "timestamp": "2024-05-01T00:00:00.300000Z",
    "sequence": 6,
    "scenario_id": "scenario-447-spoofing_layering",
    "agent_id": "agent-spoofing_layering",
    "order_id": "scenario-447-spoofing_layering-agent-spoofing_layering-6",
    "action": "new",
    "side": "sell",
    "price": 65483.65031999999,
    "quantity": 0.5,
    "remaining_quantity": 0.5
  },
  {
    "event_id": "1673a46beea69a5641d21f2e1f0e19e0609add00f246b0c4fb4c92ab73cd9320",
    "schema_version": "1.0.0",
    "event_type": "agent_order",
    "source": "synthetic_agent",
    "symbol": "BTCUSDT",
    "exchange": "binance_usdm",
    "timestamp": "2024-05-01T00:00:00.350000Z",
    "sequence": 7,
    "scenario_id": "scenario-447-spoofing_layering",
    "agent_id": "agent-spoofing_layering",
    "order_id": "scenario-447-spoofing_layering-agent-spoofing_layering-7",
    "action": "new",
    "side": "sell",
    "price": 65484.304789999995,
    "quantity": 0.5,
    "remaining_quantity": 0.5
  },
  {
    "event_id": "f30a50c8a81dd739a714b937f86879163931c95bd7725a9676a2201ba8f7948d",
    "schema_version": "1.0.0",
    "event_type": "agent_order",
    "source": "synthetic_agent",
    "symbol": "BTCUSDT",
    "exchange": "binance_usdm",
    "timestamp": "2024-05-01T00:00:00.400000Z",
    "sequence": 8,
    "scenario_id": "scenario-447-spoofing_layering",
    "agent_id": "agent-spoofing_layering",
    "order_id": "scenario-447-spoofing_layering-agent-spoofing_layering-8",
    "action": "new",
    "side": "sell",
    "price": 65484.95926,
    "quantity": 0.5,
    "remaining_quantity": 0.5
  },
  {
    "event_id": "5a46180a5bdb3e961e7436fac62ab47ee082c2d9c7c43709435030655a9fc10b",
    "schema_version": "1.0.0",
    "event_type": "agent_order",
    "source": "synthetic_agent",
    "symbol": "BTCUSDT",
    "exchange": "binance_usdm",
    "timestamp": "2024-05-01T00:00:00.450000Z",
    "sequence": 9,
    "scenario_id": "scenario-447-spoofing_layering",
    "agent_id": "agent-spoofing_layering",
    "order_id": "scenario-447-spoofing_layering-agent-spoofing_layering-9",
    "action": "new",
    "side": "sell",
    "price": 65485.61372999999,
    "quantity": 0.5,
    "remaining_quantity": 0.5
  },
  {
    "event_id": "ded5ac4d4e15fbdcc9c902d955fb2c937f2bf9c3b6ff82f3a0040ac9b4703dba",
    "schema_version": "1.0.0",
    "event_type": "agent_order",
    "source": "synthetic_agent",
    "symbol": "BTCUSDT",
    "exchange": "binance_usdm",
    "timestamp": "2024-05-01T00:00:00.500000Z",
    "sequence": 10,
    "scenario_id": "scenario-447-spoofing_layering",
    "agent_id": "agent-spoofing_layering",
    "order_id": "scenario-447-spoofing_layering-agent-spoofing_layering-10",
    "action": "new",
    "side": "sell",
    "price": 65486.2682,
    "quantity": 0.5,
    "remaining_quantity": 0.5
  },
  {
    "event_id": "d67d6e2fe84042a2a57a10a5f77aabb34918a884b83ca91bc8be158c63d0545c",
    "schema_version": "1.0.0",
    "event_type": "agent_order",
    "source": "synthetic_agent",
    "symbol": "BTCUSDT",
    "exchange": "binance_usdm",
    "timestamp": "2024-05-01T00:00:00.550000Z",
    "sequence": 11,
    "scenario_id": "scenario-447-spoofing_layering",
    "agent_id": "agent-spoofing_layering",
    "order_id": "scenario-447-spoofing_layering-agent-spoofing_layering-11",
    "action": "new",
    "side": "sell",
    "price": 65486.92267,
    "quantity": 0.5,
    "remaining_quantity": 0.5
  },
  {
    "event_id": "c7ab9d202b667f8d618605464430728956ddd497050fda7adcfbe2a1df654370",
    "schema_version": "1.0.0",
    "event_type": "agent_order",
    "source": "synthetic_agent",
    "symbol": "BTCUSDT",
    "exchange": "binance_usdm",
    "timestamp": "2024-05-01T00:00:00.600000Z",
    "sequence": 12,
    "scenario_id": "scenario-447-spoofing_layering",
    "agent_id": "agent-spoofing_layering",
    "order_id": "scenario-447-spoofing_layering-agent-spoofing_layering-12",
    "action": "new",
    "side": "sell",
    "price": 65487.57713999999,
    "quantity": 0.5,
    "remaining_quantity": 0.5
  },
  {
    "event_id": "ad1c8baf8ab2a43e37ce28abaafbbe847d93ed3a1f745bdebb8d3f5312327981",
    "schema_version": "1.0.0",
    "event_type": "agent_order",
    "source": "synthetic_agent",
    "symbol": "BTCUSDT",
    "exchange": "binance_usdm",
    "timestamp": "2024-05-01T00:00:00.650000Z",
    "sequence": 13,
    "scenario_id": "scenario-447-spoofing_layering",
    "agent_id": "agent-spoofing_layering",
    "order_id": "scenario-447-spoofing_layering-agent-spoofing_layering-13",
    "action": "new",
    "side": "sell",
    "price": 65488.231609999995,
    "quantity": 0.5,
    "remaining_quantity": 0.5
  },
  {
    "event_id": "eef89b2e9a7561ce2c38cb17ac98704154f0ad166dbb61997c1d29a644135e4c",
    "schema_version": "1.0.0",
    "event_type": "agent_order",
    "source": "synthetic_agent",
    "symbol": "BTCUSDT",
    "exchange": "binance_usdm",
    "timestamp": "2024-05-01T00:00:00.700000Z",
    "sequence": 14,
    "scenario_id": "scenario-447-spoofing_layering",
    "agent_id": "agent-spoofing_layering",
    "order_id": "scenario-447-spoofing_layering-agent-spoofing_layering-14",
    "action": "new",
    "side": "sell",
    "price": 65488.88608,
    "quantity": 0.5,
    "remaining_quantity": 0.5
  },
  {
    "event_id": "85c96d5ff2d7066478d642785ebe8d15ec02a1b66e69abcaad1690abd4bf3926",
    "schema_version": "1.0.0",
    "event_type": "agent_order",
    "source": "synthetic_agent",
    "symbol": "BTCUSDT",
    "exchange": "binance_usdm",
    "timestamp": "2024-05-01T00:00:00.750000Z",
    "sequence": 15,
    "scenario_id": "scenario-447-spoofing_layering",
    "agent_id": "agent-spoofing_layering",
    "order_id": "scenario-447-spoofing_layering-agent-spoofing_layering-15",
    "action": "new",
    "side": "sell",
    "price": 65489.540550000005,
    "quantity": 0.5,
    "remaining_quantity": 0.5
  },
  {
    "event_id": "bac1245986d486800dd10953566e8b2a7059392800e7f30a8621e7b2990ee313",
    "schema_version": "1.0.0",
    "event_type": "agent_order",
    "source": "synthetic_agent",
    "symbol": "BTCUSDT",
    "exchange": "binance_usdm",
    "timestamp": "2024-05-01T00:00:00.800000Z",
    "sequence": 16,
    "scenario_id": "scenario-447-spoofing_layering",
    "agent_id": "agent-spoofing_layering",
    "order_id": "scenario-447-spoofing_layering-agent-spoofing_layering-16",
    "action": "new",
    "side": "sell",
    "price": 65490.19501999999,
    "quantity": 0.5,
    "remaining_quantity": 0.5
  },
  {
    "event_id": "615f35df93648873925d65add83943a552eef5a3bf3aa242afe345b3359bdaa3",
    "schema_version": "1.0.0",
    "event_type": "agent_order",
    "source": "synthetic_agent",
    "symbol": "BTCUSDT",
    "exchange": "binance_usdm",
    "timestamp": "2024-05-01T00:00:00.850000Z",
    "sequence": 17,
    "scenario_id": "scenario-447-spoofing_layering",
    "agent_id": "agent-spoofing_layering",
    "order_id": "scenario-447-spoofing_layering-agent-spoofing_layering-17",
    "action": "new",
    "side": "sell",
    "price": 65490.84948999999,
    "quantity": 0.5,
    "remaining_quantity": 0.5
  },
  {
    "event_id": "7971e0debf82dce5a4bc8153743be112e5c255ebd228958ff993c6e75a328d0b",
    "schema_version": "1.0.0",
    "event_type": "agent_order",
    "source": "synthetic_agent",
    "symbol": "BTCUSDT",
    "exchange": "binance_usdm",
    "timestamp": "2024-05-01T00:00:00.900000Z",
    "sequence": 18,
    "scenario_id": "scenario-447-spoofing_layering",
    "agent_id": "agent-spoofing_layering",
    "order_id": "scenario-447-spoofing_layering-agent-spoofing_layering-18",
    "action": "new",
    "side": "sell",
    "price": 65491.50396,
    "quantity": 0.5,
    "remaining_quantity": 0.5
  },
  {
    "event_id": "b4a77ba311fbd17b92e644ecf3046c0fa87f59ad7429084f651f301bbef3fde6",
    "schema_version": "1.0.0",
    "event_type": "agent_order",
    "source": "synthetic_agent",
    "symbol": "BTCUSDT",
    "exchange": "binance_usdm",
    "timestamp": "2024-05-01T00:00:00.950000Z",
    "sequence": 19,
    "scenario_id": "scenario-447-spoofing_layering",
    "agent_id": "agent-spoofing_layering",
    "order_id": "scenario-447-spoofing_layering-agent-spoofing_layering-19",
    "action": "new",
    "side": "sell",
    "price": 65492.15842999999,
    "quantity": 0.5,
    "remaining_quantity": 0.5
  },
  {
    "event_id": "d2be606905bc6ebe5b158156476ad477ffb118e6eef47e3b0cc53bbb5102c4f2",
    "schema_version": "1.0.0",
    "event_type": "agent_order",
    "source": "synthetic_agent",
    "symbol": "BTCUSDT",
    "exchange": "binance_usdm",
    "timestamp": "2024-05-01T00:00:01Z",
    "sequence": 20,
    "scenario_id": "scenario-447-spoofing_layering",
    "agent_id": "agent-spoofing_layering",
    "order_id": "scenario-447-spoofing_layering-agent-spoofing_layering-20",
    "action": "new",
    "side": "sell",
    "price": 65492.8129,
    "quantity": 0.5,
    "remaining_quantity": 0.5
  },
  {
    "event_id": "b89afde4fd98c848b1dff0005a1da54849da965f5e255d39e30f6a7c5a04c917",
    "schema_version": "1.0.0",
    "event_type": "agent_order",
    "source": "synthetic_agent",
    "symbol": "BTCUSDT",
    "exchange": "binance_usdm",
    "timestamp": "2024-05-01T00:00:01.050000Z",
    "sequence": 21,
    "scenario_id": "scenario-447-spoofing_layering",
    "agent_id": "agent-spoofing_layering",
    "order_id": "scenario-447-spoofing_layering-agent-spoofing_layering-21",
    "action": "new",
    "side": "sell",
    "price": 65493.46737,
    "quantity": 0.5,
    "remaining_quantity": 0.5
  },
  {
    "event_id": "63d63384f0f2d0ac11ae8d3b1ce3ee1baa9b0d0baa939d37bec5e9576eb04b75",
    "schema_version": "1.0.0",
    "event_type": "agent_order",
    "source": "synthetic_agent",
    "symbol": "BTCUSDT",
    "exchange": "binance_usdm",
    "timestamp": "2024-05-01T00:00:01.100000Z",
    "sequence": 22,
    "scenario_id": "scenario-447-spoofing_layering",
    "agent_id": "agent-spoofing_layering",
    "order_id": "scenario-447-spoofing_layering-agent-spoofing_layering-22",
    "action": "new",
    "side": "sell",
    "price": 65494.12184000001,
    "quantity": 0.5,
    "remaining_quantity": 0.5
  },
  {
    "event_id": "e4d8042a9ea6fecc4c2b51f4d89a5599eda0b8e4b7d323db55ed64660d5e8894",
    "schema_version": "1.0.0",
    "event_type": "agent_order",
    "source": "synthetic_agent",
    "symbol": "BTCUSDT",
    "exchange": "binance_usdm",
    "timestamp": "2024-05-01T00:00:01.150000Z",
    "sequence": 23,
    "scenario_id": "scenario-447-spoofing_layering",
    "agent_id": "agent-spoofing_layering",
    "order_id": "scenario-447-spoofing_layering-agent-spoofing_layering-23",
    "action": "new",
    "side": "sell",
    "price": 65494.776309999994,
    "quantity": 0.5,
    "remaining_quantity": 0.5
  },
  {
    "event_id": "a4580d1face546ab3936f6c962f4e77033a2fff9c53ee7b5299db28b683aaf6f",
    "schema_version": "1.0.0",
    "event_type": "agent_order",
    "source": "synthetic_agent",
    "symbol": "BTCUSDT",
    "exchange": "binance_usdm",
    "timestamp": "2024-05-01T00:00:01.200000Z",
    "sequence": 24,
    "scenario_id": "scenario-447-spoofing_layering",
    "agent_id": "agent-spoofing_layering",
    "order_id": "scenario-447-spoofing_layering-agent-spoofing_layering-24",
    "action": "new",
    "side": "sell",
    "price": 65495.430779999995,
    "quantity": 0.5,
    "remaining_quantity": 0.5
  },
  {
    "event_id": "830f4ae8565677e58944c4f8a346812ccca9dd2b39e1d1d36ffd75f3b94e3fac",
    "schema_version": "1.0.0",
    "event_type": "agent_order",
    "source": "synthetic_agent",
    "symbol": "BTCUSDT",
    "exchange": "binance_usdm",
    "timestamp": "2024-05-01T00:00:01.250000Z",
    "sequence": 25,
    "scenario_id": "scenario-447-spoofing_layering",
    "agent_id": "agent-spoofing_layering",
    "order_id": "scenario-447-spoofing_layering-agent-spoofing_layering-25",
    "action": "new",
    "side": "sell",
    "price": 65496.085250000004,
    "quantity": 0.5,
    "remaining_quantity": 0.5
  },
  {
    "event_id": "208af444e2cff48abb98ceb53640f63a73f39f9fc828072459e7a05ed8eb247e",
    "schema_version": "1.0.0",
    "event_type": "agent_order",
    "source": "synthetic_agent",
    "symbol": "BTCUSDT",
    "exchange": "binance_usdm",
    "timestamp": "2024-05-01T00:00:01.300000Z",
    "sequence": 26,
    "scenario_id": "scenario-447-spoofing_layering",
    "agent_id": "agent-spoofing_layering",
    "order_id": "scenario-447-spoofing_layering-agent-spoofing_layering-26",
    "action": "new",
    "side": "sell",
    "price": 65496.73971999999,
    "quantity": 0.5,
    "remaining_quantity": 0.5
  },
  {
    "event_id": "afab093035c6f88ff60d4401e7219bfeeab8d633867d4c27d36f354e1fd0836a",
    "schema_version": "1.0.0",
    "event_type": "agent_order",
    "source": "synthetic_agent",
    "symbol": "BTCUSDT",
    "exchange": "binance_usdm",
    "timestamp": "2024-05-01T00:00:01.350000Z",
    "sequence": 27,
    "scenario_id": "scenario-447-spoofing_layering",
    "agent_id": "agent-spoofing_layering",
    "order_id": "scenario-447-spoofing_layering-agent-spoofing_layering-27",
    "action": "new",
    "side": "sell",
    "price": 65497.39419,
    "quantity": 0.5,
    "remaining_quantity": 0.5
  },
  {
    "event_id": "9b8b39e307887be9a7da8f62dc77ddbb9d58031bff343833e8bbf46daa1a0f0c",
    "schema_version": "1.0.0",
    "event_type": "agent_order",
    "source": "synthetic_agent",
    "symbol": "BTCUSDT",
    "exchange": "binance_usdm",
    "timestamp": "2024-05-01T00:00:01.400000Z",
    "sequence": 28,
    "scenario_id": "scenario-447-spoofing_layering",
    "agent_id": "agent-spoofing_layering",
    "order_id": "scenario-447-spoofing_layering-agent-spoofing_layering-28",
    "action": "new",
    "side": "sell",
    "price": 65498.04866,
    "quantity": 0.5,
    "remaining_quantity": 0.5
  },
  {
    "event_id": "1df951279d6afc878904a60e2bacf9433f8e5650ff251f5ae0bfa1dffd327c03",
    "schema_version": "1.0.0",
    "event_type": "agent_order",
    "source": "synthetic_agent",
    "symbol": "BTCUSDT",
    "exchange": "binance_usdm",
    "timestamp": "2024-05-01T00:00:01.450000Z",
    "sequence": 29,
    "scenario_id": "scenario-447-spoofing_layering",
    "agent_id": "agent-spoofing_layering",
    "order_id": "scenario-447-spoofing_layering-agent-spoofing_layering-29",
    "action": "new",
    "side": "sell",
    "price": 65498.70312999999,
    "quantity": 0.5,
    "remaining_quantity": 0.5
  }
]