[
  {
    "event_id": "7966e102c3df9362476db4836803deff914adc9960b61b3b84779233704c7fb4",
    "schema_version": "1.0.0",
    "event_type": "agent_order",
    "source": "synthetic_agent",
    "symbol": "BTCUSDT",
    "exchange": "binance_usdm",
    "timestamp": "2024-05-01T00:00:00Z",
    "sequence": 0,
    "scenario_id": "scenario-435-spoofing_layering",
    "agent_id": "agent-spoofing_layering",
    "order_id": "scenario-435-spoofing_layering-agent-spoofing_layering-0",
    "action": "new",
    "side": "sell",
    "price": 65467.7175,
    "quantity": 0.5,
    "remaining_quantity": 0.5
  },
  {
    "event_id": "a1f0e4fb574c6150ee84cceb8c8478aa156939dfca34119f583127f222b94e49",
    "schema_version": "1.0.0",
    "event_type": "agent_order",
    "source": "synthetic_agent",
    "symbol": "BTCUSDT",
    "exchange": "binance_usdm",
    "timestamp": "2024-05-01T00:00:00.050000Z",
    "sequence": 1,
    "scenario_id": "scenario-435-spoofing_layering",
    "agent_id": "agent-spoofing_layering",
    "order_id": "scenario-435-spoofing_layering-agent-spoofing_layering-1",
    "action": "new",
    "side": "sell",
    "price": 65468.37185,
    "quantity": 0.5,
    "remaining_quantity": 0.5
  },
  {
    "event_id": "28a1b523c4ca6d9ebca6b8263d415a409caa163303fd65a59e0902b067d0dec1",
    "schema_version": "1.0.0",
    "event_type": "agent_order",
    "source": "synthetic_agent",
    "symbol": "BTCUSDT",
    "exchange": "binance_usdm",
    "timestamp": "2024-05-01T00:00:00.100000Z",
    "sequence": 2,
    "scenario_id": "scenario-435-spoofing_layering",
    "agent_id": "agent-spoofing_layering",
    "order_id": "scenario-435-spoofing_layering-agent-spoofing_layering-2",
    "action": "new",
    "side": "sell",
    "price": 65469.02619999999,
    "quantity": 0.5,
    "remaining_quantity": 0.5
  },
  {
    "event_id": "f9c0a542028e154322d3d1b928955d0375ae725da615a550b38da9d41b80ccd0",
    "schema_version": "1.0.0",
    "event_type": "agent_order",
    "source": "synthetic_agent",
    "symbol": "BTCUSDT",
    "exchange": "binance_usdm",
    "timestamp": "2024-05-01T00:00:00.150000Z",
    "sequence": 3,
    "scenario_id": "scenario-435-spoofing_layering",
    "agent_id": "agent-spoofing_layering",
    "order_id": "scenario-435-spoofing_layering-agent-spoofing_layering-3",
    "action": "new",
    "side": "sell",
    "price": 65469.68055,
    "quantity": 0.5,
    "remaining_quantity": 0.5
  },
  {
    "event_id": "56170b375d1f2a9ecaee1219afd98b02439678544344c4bf0feb4160b1d9d9d4",
    "schema_version": "1.0.0",
    "event_type": "agent_order",
    "source": "synthetic_agent",
    "symbol": "BTCUSDT",
    "exchange": "binance_usdm",
    "timestamp": "2024-05-01T00:00:00.200000Z",
    "sequence": 4,
    "scenario_id": "scenario-435-spoofing_layering",
    "agent_id": "agent-spoofing_layering",
    "order_id": "scenario-435-spoofing_layering-agent-spoofing_layering-4",
    "action": "new",
    "side": "sell",
    "price": 65470.3349,
    "quantity": 0.5,
    "remaining_quantity": 0.5
  },
  {
    "event_id": "f68d6d137ef085a822a2ae327d3f8a869b126e43c689d844ee0db9a1e2db0d16",
    "schema_version": "1.0.0",
    "event_type": "agent_order",
    "source": "synthetic_agent",
    "symbol": "BTCUSDT",
    "exchange": "binance_usdm",
    "timestamp": "2024-05-01T00:00:00.250000Z",
    "sequence": 5,
    "scenario_id": "scenario-435-spoofing_layering",
    "agent_id": "agent-spoofing_layering",
    "order_id": "scenario-435-spoofing_layering-agent-spoofing_layering-5",
    "action": "new",
    "side": "sell",
    "price": 65470.989250000006,
    "quantity": 0.5,
    "remaining_quantity": 0.5
  },
  {
    "event_id": "4f08e0ff6c1babe96f5daef60c05f787497f03235df712bad127cdccfc99e1ce",
    "schema_version": "1.0.0",
    "event_type": "agent_order",
    "source": "synthetic_agent",
    "symbol": "BTCUSDT",
    "exchange": "binance_usdm",
    "timestamp": "2024-05-01T00:00:00.300000Z",
    "sequence": 6,
    "scenario_id": "scenario-435-spoofing_layering",
    "agent_id": "agent-spoofing_layering",
    "order_id": "scenario-435-spoofing_layering-agent-spoofing_layering-6",
    "action": "new",
    "side": "sell",
    "price": 65471.643599999996,
    "quantity": 0.5,
    "remaining_quantity": 0.5
  },
  {
    "event_id": "6293b6d06a4c6de2fb02bf533a4b2ed16588b8fe1ec830d1207183a312e73c44",
    "schema_version": "1.0.0",
    "event_type": "agent_order",
    "source": "synthetic_agent",
    "symbol": "BTCUSDT",
    "exchange": "binance_usdm",
    "timestamp": "2024-05-01T00:00:00.350000Z",
    "sequence": 7,
    "scenario_id": "scenario-435-spoofing_layering",
    "agent_id": "agent-spoofing_layering",
    "order_id": "scenario-435-spoofing_layering-agent-spoofing_layering-7",
    "action": "new",
    "side": "sell",
    "price": 65472.29795,
    "quantity": 0.5,
    "remaining_quantity": 0.5
  },
  {
    "event_id": "2edcf8df7ae49e4438338e7c63bb5334bc289f4eabb5b2aa85816922cf048024",
    "schema_version": "1.0.0",
    "event_type": "agent_order",
    "source": "synthetic_agent",
    "symbol": "BTCUSDT",
    "exchange": "binance_usdm",
    "timestamp": "2024-05-01T00:00:00.400000Z",
    "sequence": 8,
    "scenario_id": "scenario-435-spoofing_layering",
    "agent_id": "agent-spoofing_layering",
    "order_id": "scenario-435-spoofing_layering-agent-spoofing_layering-8",
    "action": "new",
    "side": "sell",
    "price": 65472.952300000004,
    "quantity": 0.5,
    "remaining_quantity": 0.5
  },
  {
    "event_id": "b97717486aa5f08b80cc47511ce13d4776709d25d717a836864cf8b5d809427b",
    "schema_version": "1.0.0",
    "event_type": "agent_order",
    "source": "synthetic_agent",
    "symbol": "BTCUSDT",
    "exchange": "binance_usdm",
    "timestamp": "2024-05-01T00:00:00.450000Z",
    "sequence": 9,
    "scenario_id": "scenario-435-spoofing_layering",
    "agent_id": "agent-spoofing_layering",
    "order_id": "scenario-435-spoofing_layering-agent-spoofing_layering-9",
    "action": "new",
    "side": "sell",
    "price": 65473.606649999994,
    "quantity": 0.5,
    "remaining_quantity": 0.5
  },
  {
    "event_id": "57ccbdde052ea709f53ea4ad7bc0e4a915e55e09b63675d63abe4f8df9ab497b",
    "schema_version": "1.0.0",
    "event_type": "agent_order",
    "source": "synthetic_agent",
    "symbol": "BTCUSDT",
    "exchange": "binance_usdm",
    "timestamp": "2024-05-01T00:00:00.500000Z",
    "sequence": 10,
    "scenario_id": "scenario-435-spoofing_layering",
    "agent_id": "agent-spoofing_layering",
    "order_id": "scenario-435-spoofing_layering-agent-spoofing_layering-10",
    "action": "new",
    "side": "sell",
    "price": 65474.261,
    "quantity": 0.5,
    "remaining_quantity": 0.5
  },
  {
    "event_id": "ece253732689538546b563e1e3500c528e82937168d4de3ba0cecda39f6c2cd5",
    "schema_version": "1.0.0",
    "event_type": "agent_order",
    "source": "synthetic_agent",
    "symbol": "BTCUSDT",
    "exchange": "binance_usdm",
    "timestamp": "2024-05-01T00:00:00.550000Z",
    "sequence": 11,
    "scenario_id": "scenario-435-spoofing_layering",
    "agent_id": "agent-spoofing_layering",
    "order_id": "scenario-435-spoofing_layering-agent-spoofing_layering-11",
    "action": "new",
    "side": "sell",
    "price": 65474.91535,
    "quantity": 0.5,
    "remaining_quantity": 0.5
  },
  {
    "event_id": "ff9eff3ab70c3fdf808ea0e43856e00107e66f5e84df9cd4d140127b863e9e84",
    "schema_version": "1.0.0",
    "event_type": "agent_order",
    "source": "synthetic_agent",
    "symbol": "BTCUSDT",
    "exchange": "binance_usdm",
    "timestamp": "2024-05-01T00:00:00.600000Z",
    "sequence": 12,
    "scenario_id": "scenario-435-spoofing_layering",
    "agent_id": "agent-spoofing_layering",
    "order_id": "scenario-435-spoofing_layering-agent-spoofing_layering-12",
    "action": "new",
    "side": "sell",
    "price": 65475.56969999999,
    "quantity": 0.5,
    "remaining_quantity": 0.5
  },
  {
    "event_id": "df225437a439b5d1edcffee2b78b06466d0019315c02054d6adb1fd6b6285c46",
    "schema_version": "1.0.0",
    "event_type": "agent_order",
    "source": "synthetic_agent",
    "symbol": "BTCUSDT",
    "exchange": "binance_usdm",
    "timestamp": "2024-05-01T00:00:00.650000Z",
    "sequence": 13,
    "scenario_id": "scenario-435-spoofing_layering",
    "agent_id": "agent-spoofing_layering",
    "order_id": "scenario-435-spoofing_layering-agent-spoofing_layering-13",
    "action": "new",
    "side": "sell",
    "price": 65476.22405,
    "quantity": 0.5,
    "remaining_quantity": 0.5
  },
  {
    "event_id": "e29e49d59f9310a1712de2ee10c2758b111e360a80597a44f7305d4601414932",
    "schema_version": "1.0.0",
    "event_type": "agent_order",
    "source": "synthetic_agent",
    "symbol": "BTCUSDT",
    "exchange": "binance_usdm",
    "timestamp": "2024-05-01T00:00:00.700000Z",
    "sequence": 14,
    "scenario_id": "scenario-435-spoofing_layering",
    "agent_id": "agent-spoofing_layering",
    "order_id": "scenario-435-spoofing_layering-agent-spoofing_layering-14",
    "action": "new",
    "side": "sell",
    "price": 65476.8784,
    "quantity": 0.5,
    "remaining_quantity": 0.5
  },
  {
    "event_id": "ae5023922b10b1c5069d6e2522d8c67518b6f8f51fb3a0a0cf7d9f3091b7c6f2",
    "schema_version": "1.0.0",
    "event_type": "agent_order",
    "source": "synthetic_agent",
    "symbol": "BTCUSDT",
    "exchange": "binance_usdm",
    "timestamp": "2024-05-01T00:00:00.750000Z",
    "sequence": 15,
    "scenario_id": "scenario-435-spoofing_layering",
    "agent_id": "agent-spoofing_layering",
    "order_id": "scenario-435-spoofing_layering-agent-spoofing_layering-15",
    "action": "new",
    "side": "sell",
    "price": 65477.532750000006,
    "quantity": 0.5,
    "remaining_quantity": 0.5
  },
  {
    "event_id": "f5c4519167886159a4891ea053d0b968e9542fd381fc521fa183491189d0b7fb",
    "schema_version": "1.0.0",
    "event_type": "agent_order",
    "source": "synthetic_agent",
    "symbol": "BTCUSDT",
    "exchange": "binance_usdm",
    "timestamp": "2024-05-01T00:00:00.800000Z",
    "sequence": 16,
    "scenario_id": "scenario-435-spoofing_layering",
    "agent_id": "agent-spoofing_layering",
    "order_id": "scenario-435-spoofing_layering-agent-spoofing_layering-16",
    "action": "new",
    "side": "sell",
    "price": 65478.187099999996,
    "quantity": 0.5,
    "remaining_quantity": 0.5
  },
  {
    "event_id": "b427e46ae1c0eb2bc76429acdf858afc257f6ae5db5248a24bfe4e4b0bc8dc71",
    "schema_version": "1.0.0",
    "event_type": "agent_order",
    "source": "synthetic_agent",
    "symbol": "BTCUSDT",
    "exchange": "binance_usdm",
    "timestamp": "2024-05-01T00:00:00.850000Z",
    "sequence": 17,
    "scenario_id": "scenario-435-spoofing_layering",
    "agent_id": "agent-spoofing_layering",
    "order_id": "scenario-435-spoofing_layering-agent-spoofing_layering-17",
    "action": "new",
    "side": "sell",
    "price": 65478.84145,
    "quantity": 0.5,
    "remaining_quantity": 0.5
  },
  {
    "event_id": "a674aea4410e5da322aa0134a6d7c82071c38851d95e86f5203409c971d9f661",
    "schema_version": "1.0.0",
    "event_type": "agent_order",
    "source": "synthetic_agent",
    "symbol": "BTCUSDT",
    "exchange": "binance_usdm",
    "timestamp": "2024-05-01T00:00:00.900000Z",
    "sequence": 18,
    "scenario_id": "scenario-435-spoofing_layering",
    "agent_id": "agent-spoofing_layering",
    "order_id": "scenario-435-spoofing_layering-agent-spoofing_layering-18",
    "action": "new",
    "side": "sell",
    "price": 65479.495800000004,
    "quantity": 0.5,
    "remaining_quantity": 0.5
  },
  {
    "event_id": "0d3fc04b0bfddbac4269f3b6ed39ad3ffa55d029ffdb79df7c0a1239a4e080e5",
    "schema_version": "1.0.0",
    "event_type": "agent_order",
    "source": "synthetic_agent",
    "symbol": "BTCUSDT",
    "exchange": "binance_usdm",
    "timestamp": "2024-05-01T00:00:00.950000Z",
    "sequence": 19,
    "scenario_id": "scenario-435-spoofing_layering",
    "agent_id": "agent-spoofing_layering",
    "order_id": "scenario-435-spoofing_layering-agent-spoofing_layering-19",
    "action": "new",
    "side": "sell",
    "price": 65480.150149999994,
    "quantity": 0.5,
    "remaining_quantity": 0.5
  },
  {
    "event_id": "258d8cbaf97bf761ef50c9e72d49e3133d4507d194f98aa3f9e8187d2ed38315",
    "schema_version": "1.0.0",
    "event_type": "agent_order",
    "source": "synthetic_agent",
    "symbol": "BTCUSDT",
    "exchange": "binance_usdm",
    "timestamp": "2024-05-01T00:00:01Z",
    "sequence": 20,
    "scenario_id": "scenario-435-spoofing_layering",
    "agent_id": "agent-spoofing_layering",
    "order_id": "scenario-435-spoofing_layering-agent-spoofing_layering-20",
    "action": "new",
    "side": "sell",
    "price": 65480.8045,
    "quantity": 0.5,
    "remaining_quantity": 0.5
  },
  {
    "event_id": "16e12cad738720dd05279a8c0a60ec28ad8a4751a34830e583837058f4d66210",
    "schema_version": "1.0.0",
    "event_type": "agent_order",
    "source": "synthetic_agent",
    "symbol": "BTCUSDT",
    "exchange": "binance_usdm",
    "timestamp": "2024-05-01T00:00:01.050000Z",
    "sequence": 21,
    "scenario_id": "scenario-435-spoofing_layering",
    "agent_id": "agent-spoofing_layering",
    "order_id": "scenario-435-spoofing_layering-agent-spoofing_layering-21",
    "action": "new",
    "side": "sell",
    "price": 65481.45885,
    "quantity": 0.5,
    "remaining_quantity": 0.5
  },
  {
    "event_id": "a740ecd80058d16fb1bfc708ceee3541cc7e43dc921118e87ed02e4fc8ba50f1",
    "schema_version": "1.0.0",
    "event_type": "agent_order",
    "source": "synthetic_agent",
    "symbol": "BTCUSDT",
    "exchange": "binance_usdm",
    "timestamp": "2024-05-01T00:00:01.100000Z",
    "sequence": 22,
    "scenario_id": "scenario-435-spoofing_layering",
    "agent_id": "agent-spoofing_layering",
    "order_id": "scenario-435-spoofing_layering-agent-spoofing_layering-22",
    "action": "new",
    "side": "sell",
    "price": 65482.11320000001,
    "quantity": 0.5,
    "remaining_quantity": 0.5
  },
  {
    "event_id": "55da31dca8e338b93f0d3049e44d2f39e5c5416aba0f151631ffc7cf72e80e11",
    "schema_version": "1.0.0",
    "event_type": "agent_order",
    "source": "synthetic_agent",
    "symbol": "BTCUSDT",
    "exchange": "binance_usdm",
    "timestamp": "2024-05-01T00:00:01.150000Z",
    "sequence": 23,
    "scenario_id": "scenario-435-spoofing_layering",
    "agent_id": "agent-spoofing_layering",
    "order_id": "scenario-435-spoofing_layering-agent-spoofing_layering-23",
    "action": "new",
    "side": "sell",
    "price": 65482.76755,
    "quantity": 0.5,
    "remaining_quantity": 0.5
  },
  {
    "event_id": "36cc0389f8ff293c907ef7a1fc7539349044e99a676467cae5e135c59b8399fc",
    "schema_version": "1.0.0",
    "event_type": "agent_order",
    "source": "synthetic_agent",
    "symbol": "BTCUSDT",
    "exchange": "binance_usdm",
    "timestamp": "2024-05-01T00:00:01.200000Z",
    "sequence": 24,
    "scenario_id": "scenario-435-spoofing_layering",
    "agent_id": "agent-spoofing_layering",
    "order_id": "scenario-435-spoofing_layering-agent-spoofing_layering-24",
    "action": "new",
    "side": "sell",
    "price": 65483.4219,
    "quantity": 0.5,
    "remaining_quantity": 0.5
  },
  {
    "event_id": "eb954abd71c00b39f14d6e435c10fcf3eef1007a180da39cd73431e995b98650",
    "schema_version": "1.0.0",
    "event_type": "agent_order",
    "source": "synthetic_agent",
    "symbol": "BTCUSDT",
    "exchange": "binance_usdm",
    "timestamp": "2024-05-01T00:00:01.250000Z",
    "sequence": 25,
    "scenario_id": "scenario-435-spoofing_layering",
    "agent_id": "agent-spoofing_layering",
    "order_id": "scenario-435-spoofing_layering-agent-spoofing_layering-25",
    "action": "new",
    "side": "sell",
    "price": 65484.07625,
    "quantity": 0.5,
    "remaining_quantity": 0.5
  },
  {
    "event_id": "d0601c58e0697fa5e8c093fd94bda684145bb469cd995e5f035a09a82da9b8ef",
    "schema_version": "1.0.0",
    "event_type": "agent_order",
    "source": "synthetic_agent",
    "symbol": "BTCUSDT",
    "exchange": "binance_usdm",
    "timestamp": "2024-05-01T00:00:01.300000Z",
    "sequence": 26,
    "scenario_id": "scenario-435-spoofing_layering",
    "agent_id": "agent-spoofing_layering",
    "order_id": "scenario-435-spoofing_layering-agent-spoofing_layering-26",
    "action": "new",
    "side": "sell",
    "price": 65484.73059999999,
    "quantity": 0.5,
    "remaining_quantity": 0.5
  },
  {
    "event_id": "7a3ef6a2b86609cee4c9bcf0fbb0122557b1339481f3746bbb16f4be6ac98ec8",
    "schema_version": "1.0.0",
    "event_type": "agent_order",
    "source": "synthetic_agent",
    "symbol": "BTCUSDT",
    "exchange": "binance_usdm",
    "timestamp": "2024-05-01T00:00:01.350000Z",
    "sequence": 27,
    "scenario_id": "scenario-435-spoofing_layering",
    "agent_id": "agent-spoofing_layering",
    "order_id": "scenario-435-spoofing_layering-agent-spoofing_layering-27",
    "action": "new",
    "side": "sell",
    "price": 65485.38494999999,
    "quantity": 0.5,
    "remaining_quantity": 0.5
  },
  {
    "event_id": "92433b4c0d6e93e176adeb8b97a78cb39c0a5c512c76f78be9041c842876153f",
    "schema_version": "1.0.0",
    "event_type": "agent_order",
    "source": "synthetic_agent",
    "symbol": "BTCUSDT",
    "exchange": "binance_usdm",
    "timestamp": "2024-05-01T00:00:01.400000Z",
    "sequence": 28,
    "scenario_id": "scenario-435-spoofing_layering",
    "agent_id": "agent-spoofing_layering",
    "order_id": "scenario-435-spoofing_layering-agent-spoofing_layering-28",
    "action": "new",
    "side": "sell",
    "price": 65486.0393,
    "quantity": 0.5,
    "remaining_quantity": 0.5
  },
  {
    "event_id": "7aeebb245a982010327fd38267eabd1184fab02e6beaac55bf4074a0aeff82c6",
    "schema_version": "1.0.0",
    "event_type": "agent_order",
    "source": "synthetic_agent",
    "symbol": "BTCUSDT",
    "exchange": "binance_usdm",
    "timestamp": "2024-05-01T00:00:01.450000Z",
    "sequence": 29,
    "scenario_id": "scenario-435-spoofing_layering",
    "agent_id": "agent-spoofing_layering",
    "order_id": "scenario-435-spoofing_layering-agent-spoofing_layering-29",
    "action": "new",
    "side": "sell",
    "price": 65486.69364999999,
    "quantity": 0.5,
    "remaining_quantity": 0.5
  }
]