[
  {
    "event_id": "4fe1443a34d8a1dfc5151bcf618759fa9f086fb14904d7a9d74738b875e2fbc3",
    "schema_version": "1.0.0",
    "event_type": "agent_order",
    "source": "synthetic_agent",
    "symbol": "BTCUSDT",
    "exchange": "binance_usdm",
    "timestamp": "2024-05-01T00:00:00Z",
    "sequence": 0,
    "scenario_id": "scenario-068-latency_edge",
    "agent_id": "agent-latency_edge",
    "order_id": "scenario-068-latency_edge-agent-latency_edge-0",
    "action": "new",
    "side": "buy",
    "price": 65107.040799999995,
    "quantity": 0.006,
    "remaining_quantity": 0.006
  },
  {
    "event_id": "724b6bb14562a5b68dc179153299eeac28f612f00b735053507b3d7eb2bee166",
    "schema_version": "1.0.0",
    "event_type": "agent_order",
    "source": "synthetic_agent",
    "symbol": "BTCUSDT",
    "exchange": "binance_usdm",
    "timestamp": "2024-05-01T00:00:00.008000Z",
    "sequence": 1,
    "scenario_id": "scenario-068-latency_edge",
    "agent_id": "agent-latency_edge",
    "order_id": "scenario-068-latency_edge-agent-latency_edge-1",
    "action": "new",
    "side": "buy",
    "price": 65107.040799999995,
    "quantity": 0.006,
    "remaining_quantity": 0.006
  },
  {
    "event_id": "0f8b233109c5ab10f88627855ae475a875f43adab5c386a8bec1dcce3920da79",
    "schema_version": "1.0.0",
    "event_type": "agent_order",
    "source": "synthetic_agent",
    "symbol": "BTCUSDT",
    "exchange": "binance_usdm",
    "timestamp": "2024-05-01T00:00:00.016000Z",
    "sequence": 2,
    "scenario_id": "scenario-068-latency_edge",
    "agent_id": "agent-latency_edge",
    "order_id": "scenario-068-latency_edge-agent-latency_edge-2",
    "action": "new",
    "side": "sell",
    "price": 65028.9592,
    "quantity": 0.006,
    "remaining_quantity": 0.006
  },
  {
    "event_id": "bbeccf02b22a279dd34ae64e0d7b8a6f9a29bdf90a928e64099f625d6f7ac03e",
    "schema_version": "1.0.0",
    "event_type": "agent_order",
    "source": "synthetic_agent",
    "symbol": "BTCUSDT",
    "exchange": "binance_usdm",
    "timestamp": "2024-05-01T00:00:00.024000Z",
    "sequence": 3,
    "scenario_id": "scenario-068-latency_edge",
    "agent_id": "agent-latency_edge",
    "order_id": "scenario-068-latency_edge-agent-latency_edge-3",
    "action": "new",
    "side": "sell",
    "price": 65028.9592,
    "quantity": 0.006,
    "remaining_quantity": 0.006
  },
  {
    "event_id": "794793e9b2f637194252abd461f207534f9a72d62c46f464005fcb0cbe83f89f",
    "schema_version": "1.0.0",
    "event_type": "agent_order",
    "source": "synthetic_agent",
    "symbol": "BTCUSDT",
    "exchange": "binance_usdm",
    "timestamp": "2024-05-01T00:00:00.032000Z",
    "sequence": 4,
    "scenario_id": "scenario-068-latency_edge",
    "agent_id": "agent-latency_edge",
    "order_id": "scenario-068-latency_edge-agent-latency_edge-4",
    "action": "new",
    "side": "buy",
    "price": 65107.040799999995,
    "quantity": 0.006,
    "remaining_quantity": 0.006
  },
  {
    "event_id": "0050b22158c9b6058a4be0cde2ba3eff1adacfdd2d43fddcabfd915953675fbd",
    "schema_version": "1.0.0",
    "event_type": "agent_order",
    "source": "synthetic_agent",
    "symbol": "BTCUSDT",
    "exchange": "binance_usdm",
    "timestamp": "2024-05-01T00:00:00.040000Z",
    "sequence": 5,
    "scenario_id": "scenario-068-latency_edge",
    "agent_id": "agent-latency_edge",
    "order_id": "scenario-068-latency_edge-agent-latency_edge-5",
    "action": "new",
    "side": "buy",
    "price": 65107.040799999995,
    "quantity": 0.006,
    "remaining_quantity": 0.006
  },
  {
    "event_id": "223143b7c4c289c0779ead45ec70ebd432eabc688b955c68d9514b8c45615084",
    "schema_version": "1.0.0",
    "event_type": "agent_order",
    "source": "synthetic_agent",
    "symbol": "BTCUSDT",
    "exchange": "binance_usdm",
    "timestamp": "2024-05-01T00:00:00.048000Z",
    "sequence": 6,
    "scenario_id": "scenario-068-latency_edge",
    "agent_id": "agent-latency_edge",
    "order_id": "scenario-068-latency_edge-agent-latency_edge-6",
    "action": "new",
    "side": "sell",
    "price": 65028.9592,
    "quantity": 0.006,
    "remaining_quantity": 0.006
  },
  {
    "event_id": "c5d935666c5ce12a8ebac8eb480636ab0563f4058f985176efdf5e6dbc056a9f",
    "schema_version": "1.0.0",
    "event_type": "agent_order",
    "source": "synthetic_agent",
    "symbol": "BTCUSDT",
    "exchange": "binance_usdm",
    "timestamp": "2024-05-01T00:00:00.056000Z",
    "sequence": 7,
    "scenario_id": "scenario-068-latency_edge",
    "agent_id": "agent-latency_edge",
    "order_id": "scenario-068-latency_edge-agent-latency_edge-7",
    "action": "new",
    "side": "sell",
    "price": 65028.9592,
    "quantity": 0.006,
    "remaining_quantity": 0.006
  },
  {
    "event_id": "0682aedff58b07ff2969d222de5f4d9fdd259da34a469a68da29b3bde95caed8",
    "schema_version": "1.0.0",
    "event_type": "agent_order",
    "source": "synthetic_agent",
    "symbol": "BTCUSDT",
    "exchange": "binance_usdm",
    "timestamp": "2024-05-01T00:00:00.064000Z",
    "sequence": 8,
    "scenario_id": "scenario-068-latency_edge",
    "agent_id": "agent-latency_edge",
    "order_id": "scenario-068-latency_edge-agent-latency_edge-8",
    "action": "new",
    "side": "buy",
    "price": 65107.040799999995,
    "quantity": 0.006,
    "remaining_quantity": 0.006
  },
  {
    "event_id": "f67e017a7ab6c98f9949a1a24365e3f69474758d9642ba64a3fe7ff3c3c20512",
    "schema_version": "1.0.0",
    "event_type": "agent_order",
    "source": "synthetic_agent",
    "symbol": "BTCUSDT",
    "exchange": "binance_usdm",
    "timestamp": "2024-05-01T00:00:00.072000Z",
    "sequence": 9,
    "scenario_id": "scenario-068-latency_edge",
    "agent_id": "agent-latency_edge",
    "order_id": "scenario-068-latency_edge-agent-latency_edge-9",
    "action": "new",
    "side": "buy",
    "price": 65107.040799999995,
    "quantity": 0.006,
    "remaining_quantity": 0.006
  },
  {
    "event_id": "867f78554d78a8b6b755645c88002246d77643951f0bd751d69c58a9b9b9c16a",
    "schema_version": "1.0.0",
    "event_type": "agent_order",
    "source": "synthetic_agent",
    "symbol": "BTCUSDT",
    "exchange": "binance_usdm",
    "timestamp": "2024-05-01T00:00:00.080000Z",
    "sequence": 10,
    "scenario_id": "scenario-068-latency_edge",
    "agent_id": "agent-latency_edge",
    "order_id": "scenario-068-latency_edge-agent-latency_edge-10",
    "action": "new",
    "side": "sell",
    "price": 65028.9592,
    "quantity": 0.006,
    "remaining_quantity": 0.006
  },
  {
    "event_id": "d0bab9c2e10940ddb63588dba8d69b80e91d0065f52093a083ceb48db83727b4",
    "schema_version": "1.0.0",
    "event_type": "agent_order",
    "source": "synthetic_agent",
    "symbol": "BTCUSDT",
    "exchange": "binance_usdm",
    "timestamp": "2024-05-01T00:00:00.088000Z",
    "sequence": 11,
    "scenario_id": "scenario-068-latency_edge",
    "agent_id": "agent-latency_edge",
    "order_id": "scenario-068-latency_edge-agent-latency_edge-11",
    "action": "new",
    "side": "sell",
    "price": 65028.9592,
    "quantity": 0.006,
    "remaining_quantity": 0.006
  },
  {
    "event_id": "0821538197aba9f09023be2bca2fe354b69516de1caaf7112f5bef96e06bd207",
    "schema_version": "1.0.0",
    "event_type": "agent_order",
    "source": "synthetic_agent",
    "symbol": "BTCUSDT",
    "exchange": "binance_usdm",
    "timestamp": "2024-05-01T00:00:00.096000Z",
    "sequence": 12,
    "scenario_id": "scenario-068-latency_edge",
    "agent_id": "agent-latency_edge",
    "order_id": "scenario-068-latency_edge-agent-latency_edge-12",
    "action": "new",
    "side": "buy",
    "price": 65107.040799999995,
    "quantity": 0.006,
    "remaining_quantity": 0.006
  },
  {
    "event_id": "f52312d85384b4961b9ea64b6fa853aa73466d20a5aa396137694fce12b3cf48",
    "schema_version": "1.0.0",
    "event_type": "agent_order",
    "source": "synthetic_agent",
    "symbol": "BTCUSDT",
    "exchange": "binance_usdm",
    "timestamp": "2024-05-01T00:00:00.104000Z",
    "sequence": 13,
    "scenario_id": "scenario-068-latency_edge",
    "agent_id": "agent-latency_edge",
    "order_id": "scenario-068-latency_edge-agent-latency_edge-13",
    "action": "new",
    "side": "buy",
    "price": 65107.040799999995,
    "quantity": 0.006,
    "remaining_quantity": 0.006
  },
  {
    "event_id": "87ccf09e3354b7e375df627090173ecd0bca688dd8a439aaeedbf7ea83afda1f",
    "schema_version": "1.0.0",
    "event_type": "agent_order",
    "source": "synthetic_agent",
    "symbol": "BTCUSDT",
    "exchange": "binance_usdm",
    "timestamp": "2024-05-01T00:00:00.112000Z",
    "sequence": 14,
    "scenario_id": "scenario-068-latency_edge",
    "agent_id": "agent-latency_edge",
    "order_id": "scenario-068-latency_edge-agent-latency_edge-14",
    "action": "new",
    "side": "sell",
    "price": 65028.9592,
    "quantity": 0.006,
    "remaining_quantity": 0.006
  },
  {
    "event_id": "8f87d7766ab063553344384fca66e4584c5e0dc5953f0575631f001441490648",
    "schema_version": "1.0.0",
    "event_type": "agent_order",
    "source": "synthetic_agent",
    "symbol": "BTCUSDT",
    "exchange": "binance_usdm",
    "timestamp": "2024-05-01T00:00:00.120000Z",
    "sequence": 15,
    "scenario_id": "scenario-068-latency_edge",
    "agent_id": "agent-latency_edge",
    "order_id": "scenario-068-latency_edge-agent-latency_edge-15",
    "action": "new",
    "side": "sell",
    "price": 65028.9592,
    "quantity": 0.006,
    "remaining_quantity": 0.006
  },
  {
    "event_id": "ebb88b3e92dba4c1a938c4dab46344beeabcb0f0f9499576d8033dd3662d71fd",
    "schema_version": "1.0.0",
    "event_type": "agent_order",
    "source": "synthetic_agent",
    "symbol": "BTCUSDT",
    "exchange": "binance_usdm",
    "timestamp": "2024-05-01T00:00:00.128000Z",
    "sequence": 16,
    "scenario_id": "scenario-068-latency_edge",
    "agent_id": "agent-latency_edge",
    "order_id": "scenario-068-latency_edge-agent-latency_edge-16",
    "action": "new",
    "side": "buy",
    "price": 65107.040799999995,
    "quantity": 0.006,
    "remaining_quantity": 0.006
  },
  {
    "event_id": "01c8cf2baaf5a022b104b04192165cb6acc820b5684314a8534992aab68e46af",
    "schema_version": "1.0.0",
    "event_type": "agent_order",
    "source": "synthetic_agent",
    "symbol": "BTCUSDT",
    "exchange": "binance_usdm",
    "timestamp": "2024-05-01T00:00:00.136000Z",
    "sequence": 17,
    "scenario_id": "scenario-068-latency_edge",
    "agent_id": "agent-latency_edge",
    "order_id": "scenario-068-latency_edge-agent-latency_edge-17",
    "action": "new",
    "side": "buy",
    "price": 65107.040799999995,
    "quantity": 0.006,
    "remaining_quantity": 0.006
  },
  {
    "event_id": "abbf569d051c62553703a3a7891d273fd3fc4a0d15f14ad2ccf5b501da10f9ed",
    "schema_version": "1.0.0",
    "event_type": "agent_order",
    "source": "synthetic_agent",
    "symbol": "BTCUSDT",
    "exchange": "binance_usdm",
    "timestamp": "2024-05-01T00:00:00.144000Z",
    "sequence": 18,
    "scenario_id": "scenario-068-latency_edge",
    "agent_id": "agent-latency_edge",
    "order_id": "scenario-068-latency_edge-agent-latency_edge-18",
    "action": "new",
    "side": "sell",
    "price": 65028.9592,
    "quantity": 0.006,
    "remaining_quantity": 0.006
  },
  {
    "event_id": "ad2d3f93ceaa49632360f630172e5232881bbcfe56ec1fbf56024d7166b92ef4",
    "schema_version": "1.0.0",
    "event_type": "agent_order",
    "source": "synthetic_agent",
    "symbol": "BTCUSDT",
    "exchange": "binance_usdm",
    "timestamp": "2024-05-01T00:00:00.152000Z",
    "sequence": 19,
    "scenario_id": "scenario-068-latency_edge",
    "agent_id": "agent-latency_edge",
    "order_id": "scenario-068-latency_edge-agent-latency_edge-19",
    "action": "new",
    "side": "sell",
    "price": 65028.9592,
    "quantity": 0.006,
    "remaining_quantity": 0.006
  },
  {
    "event_id": "18301d3a9007f03e4e0603161b9921075acde190f066dda77c24949e5e88f1bd",
    "schema_version": "1.0.0",
    "event_type": "agent_order",
    "source": "synthetic_agent",
    "symbol": "BTCUSDT",
    "exchange": "binance_usdm",
    "timestamp": "2024-05-01T00:00:00.160000Z",
    "sequence": 20,
    "scenario_id": "scenario-068-latency_edge",
    "agent_id": "agent-latency_edge",
    "order_id": "scenario-068-latency_edge-agent-latency_edge-20",
    "action": "new",
    "side": "buy",
    "price": 65107.040799999995,
    "quantity": 0.006,
    "remaining_quantity": 0.006
  },
  {
    "event_id": "ea95e0f3b23e7473d17c24ae73cb5d4a7f090b3e9eb00bcfcfbcaed6c6501490",
    "schema_version": "1.0.0",
    "event_type": "agent_order",
    "source": "synthetic_agent",
    "symbol": "BTCUSDT",
    "exchange": "binance_usdm",
    "timestamp": "2024-05-01T00:00:00.168000Z",
    "sequence": 21,
    "scenario_id": "scenario-068-latency_edge",
    "agent_id": "agent-latency_edge",
    "order_id": "scenario-068-latency_edge-agent-latency_edge-21",
    "action": "new",
    "side": "buy",
    "price": 65107.040799999995,
    "quantity": 0.006,
    "remaining_quantity": 0.006
  },
  {
    "event_id": "c048b2c33755935eb8c1c3c76eec33f46f8008a7d01dbc47044b2133f577f113",
    "schema_version": "1.0.0",
    "event_type": "agent_order",
    "source": "synthetic_agent",
    "symbol": "BTCUSDT",
    "exchange": "binance_usdm",
    "timestamp": "2024-05-01T00:00:00.176000Z",
    "sequence": 22,
    "scenario_id": "scenario-068-latency_edge",
    "agent_id": "agent-latency_edge",
    "order_id": "scenario-068-latency_edge-agent-latency_edge-22",
    "action": "new",
    "side": "sell",
    "price": 65028.9592,
    "quantity": 0.006,
    "remaining_quantity": 0.006
  },
  {
    "event_id": "15767e2d87b35cff4cb97ab062fe274013dbb2cc870ba97ca5ab5f441d8761f3",
    "schema_version": "1.0.0",
    "event_type": "agent_order",
    "source": "synthetic_agent",
    "symbol": "BTCUSDT",
    "exchange": "binance_usdm",
    "timestamp": "2024-05-01T00:00:00.184000Z",
    "sequence": 23,
    "scenario_id": "scenario-068-latency_edge",
    "agent_id": "agent-latency_edge",
    "order_id": "scenario-068-latency_edge-agent-latency_edge-23",
    "action": "new",
    "side": "sell",
    "price": 65028.9592,
    "quantity": 0.006,
    "remaining_quantity": 0.006
  },
  {
    "event_id": "19754219fb52b3982a34cde7fb27a5982dd826169a385ba8b5e453b41dde28b4",
    "schema_version": "1.0.0",
    "event_type": "agent_order",
    "source": "synthetic_agent",
    "symbol": "BTCUSDT",
    "exchange": "binance_usdm",
    "timestamp": "2024-05-01T00:00:00.192000Z",
    "sequence": 24,
    "scenario_id": "scenario-068-latency_edge",
    "agent_id": "agent-latency_edge",
    "order_id": "scenario-068-latency_edge-agent-latency_edge-24",
    "action": "new",
    "side": "buy",
    "price": 65107.040799999995,
    "quantity": 0.006,
    "remaining_quantity": 0.006
  },
  {
    "event_id": "c582d80d9c1d7fd9540576e1afdf801f52cc24bdeedf3fda7dc64637818708f2",
    "schema_version": "1.0.0",
    "event_type": "agent_order",
    "source": "synthetic_agent",
    "symbol": "BTCUSDT",
    "exchange": "binance_usdm",
    "timestamp": "2024-05-01T00:00:00.200000Z",
    "sequence": 25,
    "scenario_id": "scenario-068-latency_edge",
    "agent_id": "agent-latency_edge",
    "order_id": "scenario-068-latency_edge-agent-latency_edge-25",
    "action": "new",
    "side": "buy",
    "price": 65107.040799999995,
    "quantity": 0.006,
    "remaining_quantity": 0.006
  },
  {
    "event_id": "3de49404c93345d2e8da71b977e09581fb05efaf3d849e97cf2e5c5d893bc9c9",
    "schema_version": "1.0.0",
    "event_type": "agent_order",
    "source": "synthetic_agent",
    "symbol": "BTCUSDT",
    "exchange": "binance_usdm",
    "timestamp": "2024-05-01T00:00:00.208000Z",
    "sequence": 26,
    "scenario_id": "scenario-068-latency_edge",
    "agent_id": "agent-latency_edge",
    "order_id": "scenario-068-latency_edge-agent-latency_edge-26",
    "action": "new",
    "side": "sell",
    "price": 65028.9592,
    "quantity": 0.006,
    "remaining_quantity": 0.006
  },
  {
    "event_id": "811084a6863ce7d8806b5fed65c1c98a654e5905addd438236d21413a5414af9",
    "schema_version": "1.0.0",
    "event_type": "agent_order",
    "source": "synthetic_agent",
    "symbol": "BTCUSDT",
    "exchange": "binance_usdm",
    "timestamp": "2024-05-01T00:00:00.216000Z",
    "sequence": 27,
    "scenario_id": "scenario-068-latency_edge",
    "agent_id": "agent-latency_edge",
    "order_id": "scenario-068-latency_edge-agent-latency_edge-27",
    "action": "new",
    "side": "sell",
    "price": 65028.9592,
    "quantity": 0.006,
    "remaining_quantity": 0.006
  },
  {
    "event_id": "9e1d4f327b59acd7f99bef8a6457319fad5fe1dc555fecfb82ab90ff33a4f127",
    "schema_version": "1.0.0",
    "event_type": "agent_order",
    "source": "synthetic_agent",
    "symbol": "BTCUSDT",
    "exchange": "binance_usdm",
    "timestamp": "2024-05-01T00:00:00.224000Z",
    "sequence": 28,
    "scenario_id": "scenario-068-latency_edge",
    "agent_id": "agent-latency_edge",
    "order_id": "scenario-068-latency_edge-agent-latency_edge-28",
    "action": "new",
    "side": "buy",
    "price": 65107.040799999995,
    "quantity": 0.006,
    "remaining_quantity": 0.006
  },
  {
    "event_id": "072489cc08be3fba73bc83f0a6255da88518a4c64c432d8602585469dc0fab59",
    "schema_version": "1.0.0",
    "event_type": "agent_order",
    "source": "synthetic_agent",
    "symbol": "BTCUSDT",
    "exchange": "binance_usdm",
    "timestamp": "2024-05-01T00:00:00.232000Z",
    "sequence": 29,
    "scenario_id": "scenario-068-latency_edge",
    "agent_id": "agent-latency_edge",
    "order_id": "scenario-068-latency_edge-agent-latency_edge-29",
    "action": "new",
    "side": "buy",
    "price": 65107.040799999995,
    "quantity": 0.006,
    "remaining_quantity": 0.006
  }
]