[
  {
    "event_id": "8c67204bb4c8b6adec785ca80bbd2f18cdc341875a7d181c9be4e0e33c302e9a",
    "schema_version": "1.0.0",
    "event_type": "agent_order",
    "source": "synthetic_agent",
    "symbol": "BTCUSDT",
    "exchange": "binance_usdm",
    "timestamp": "2024-05-01T00:00:00Z",
    "sequence": 0,
    "scenario_id": "scenario-286-runaway_inventory",
    "agent_id": "agent-runaway_inventory",
    "order_id": "scenario-286-runaway_inventory-agent-runaway_inventory-0",
    "action": "new",
    "side": "buy",
    "price": 65286.0,
    "quantity": 0.01,
    "remaining_quantity": 0.01
  },
  {
    "event_id": "185b7af88eb20cf746a0fd780b8bbb896698a789081be540b1389baa2a2cf0c3",
    "schema_version": "1.0.0",
    "event_type": "agent_order",
    "source": "synthetic_agent",
    "symbol": "BTCUSDT",
    "exchange": "binance_usdm",
    "timestamp": "2024-05-01T00:00:00.070000Z",
    "sequence": 1,
    "scenario_id": "scenario-286-runaway_inventory",
    "agent_id": "agent-runaway_inventory",
    "order_id": "scenario-286-runaway_inventory-agent-runaway_inventory-1",
    "action": "new",
    "side": "buy",
    "price": 65287.95858,
    "quantity": 0.012,
    "remaining_quantity": 0.012
  },
  {
    "event_id": "5a05d581456bf7447041682a5371de8620e4a5f64cf2f13a2c24462bc885113b",
    "schema_version": "1.0.0",
    "event_type": "agent_order",
    "source": "synthetic_agent",
    "symbol": "BTCUSDT",
    "exchange": "binance_usdm",
    "timestamp": "2024-05-01T00:00:00.140000Z",
    "sequence": 2,
    "scenario_id": "scenario-286-runaway_inventory",
    "agent_id": "agent-runaway_inventory",
    "order_id": "scenario-286-runaway_inventory-agent-runaway_inventory-2",
    "action": "new",
    "side": "buy",
    "price": 65289.91716,
    "quantity": 0.014,
    "remaining_quantity": 0.014
  },
  {
    "event_id": "2436f13957bb82f935182d4a5e40fa8c3c056ff6159ff098fa96309049def3fd",
    "schema_version": "1.0.0",
    "event_type": "agent_order",
    "source": "synthetic_agent",
    "symbol": "BTCUSDT",
    "exchange": "binance_usdm",
    "timestamp": "2024-05-01T00:00:00.210000Z",
    "sequence": 3,
    "scenario_id": "scenario-286-runaway_inventory",
    "agent_id": "agent-runaway_inventory",
    "order_id": "scenario-286-runaway_inventory-agent-runaway_inventory-3",
    "action": "new",
    "side": "buy",
    "price": 65291.875739999996,
    "quantity": 0.016,
    "remaining_quantity": 0.016
  },
  {
    "event_id": "6c0062a49f2b1430c92173525567a7bd7279346941d95cb7fb67767d2385628f",
    "schema_version": "1.0.0",
    "event_type": "agent_order",
    "source": "synthetic_agent",
    "symbol": "BTCUSDT",
    "exchange": "binance_usdm",
    "timestamp": "2024-05-01T00:00:00.280000Z",
    "sequence": 4,
    "scenario_id": "scenario-286-runaway_inventory",
    "agent_id": "agent-runaway_inventory",
    "order_id": "scenario-286-runaway_inventory-agent-runaway_inventory-4",
    "action": "new",
    "side": "buy",
    "price": 65293.834319999994,
    "quantity": 0.018000000000000002,
    "remaining_quantity": 0.018000000000000002
  },
  {
    "event_id": "89236cc4e3ed3365712fe3f8999e634df94f7068187b050328afe511fd5aab52",
    "schema_version": "1.0.0",
    "event_type": "agent_order",
    "source": "synthetic_agent",
    "symbol": "BTCUSDT",
    "exchange": "binance_usdm",
    "timestamp": "2024-05-01T00:00:00.350000Z",
    "sequence": 5,
    "scenario_id": "scenario-286-runaway_inventory",
    "agent_id": "agent-runaway_inventory",
    "order_id": "scenario-286-runaway_inventory-agent-runaway_inventory-5",
    "action": "new",
    "side": "buy",
    "price": 65295.79290000001,
    "quantity": 0.02,
    "remaining_quantity": 0.02
  },
  {
    "event_id": "ee4566f4ca7b5376f694f382e7b6da2358b06c5810ca8878d920502a57cb4565",
    "schema_version": "1.0.0",
    "event_type": "agent_order",
    "source": "synthetic_agent",
    "symbol": "BTCUSDT",
    "exchange": "binance_usdm",
    "timestamp": "2024-05-01T00:00:00.420000Z",
    "sequence": 6,
    "scenario_id": "scenario-286-runaway_inventory",
    "agent_id": "agent-runaway_inventory",
    "order_id": "scenario-286-runaway_inventory-agent-runaway_inventory-6",
    "action": "new",
    "side": "buy",
    "price": 65297.751480000006,
    "quantity": 0.022,
    "remaining_quantity": 0.022
  },
  {
    "event_id": "15ca4e34e883c8b5af0c3456d72e48663e90cf9bd4da3b4d1bb7e738ce7ee80b",
    "schema_version": "1.0.0",
    "event_type": "agent_order",
    "source": "synthetic_agent",
    "symbol": "BTCUSDT",
    "exchange": "binance_usdm",
    "timestamp": "2024-05-01T00:00:00.490000Z",
    "sequence": 7,
    "scenario_id": "scenario-286-runaway_inventory",
    "agent_id": "agent-runaway_inventory",
    "order_id": "scenario-286-runaway_inventory-agent-runaway_inventory-7",
    "action": "new",
    "side": "buy",
    "price": 65299.710060000005,
    "quantity": 0.024,
    "remaining_quantity": 0.024
  },
  {
    "event_id": "f1604983c30e47f8c6f594e763f782f36bdb81e7615cba06fc9639b53390a297",
    "schema_version": "1.0.0",
    "event_type": "agent_order",
    "source": "synthetic_agent",
    "symbol": "BTCUSDT",
    "exchange": "binance_usdm",
    "timestamp": "2024-05-01T00:00:00.560000Z",
    "sequence": 8,
    "scenario_id": "scenario-286-runaway_inventory",
    "agent_id": "agent-runaway_inventory",
    "order_id": "scenario-286-runaway_inventory-agent-runaway_inventory-8",
    "action": "new",
    "side": "buy",
    "price": 65301.66864,
    "quantity": 0.026000000000000002,
    "remaining_quantity": 0.026000000000000002
  },
  {
    "event_id": "14f61062d161832ab1b1f59a592640592771121e9da72f16c87bf15ea8a601c5",
    "schema_version": "1.0.0",
    "event_type": "agent_order",
    "source": "synthetic_agent",
    "symbol": "BTCUSDT",
    "exchange": "binance_usdm",
    "timestamp": "2024-05-01T00:00:00.630000Z",
    "sequence": 9,
    "scenario_id": "scenario-286-runaway_inventory",
    "agent_id": "agent-runaway_inventory",
    "order_id": "scenario-286-runaway_inventory-agent-runaway_inventory-9",
    "action": "new",
    "side": "buy",
    "price": 65303.62722,
    "quantity": 0.028000000000000004,
    "remaining_quantity": 0.028000000000000004
  },
  {
    "event_id": "f9557c4cb57aeb44e3be83328646c98cc176f059266dda2e587bf76053c987f2",
    "schema_version": "1.0.0",
    "event_type": "agent_order",
    "source": "synthetic_agent",
    "symbol": "BTCUSDT",
    "exchange": "binance_usdm",
    "timestamp": "2024-05-01T00:00:00.700000Z",
    "sequence": 10,
    "scenario_id": "scenario-286-runaway_inventory",
    "agent_id": "agent-runaway_inventory",
    "order_id": "scenario-286-runaway_inventory-agent-runaway_inventory-10",
    "action": "new",
    "side": "buy",
    "price": 65305.5858,
    "quantity": 0.03,
    "remaining_quantity": 0.03
  },
  {
    "event_id": "9ce2c89518d7d3fd82699b5bd99b13b70a26de0f90b8cea540fe6b687a7fc8d9",
    "schema_version": "1.0.0",
    "event_type": "agent_order",
    "source": "synthetic_agent",
    "symbol": "BTCUSDT",
    "exchange": "binance_usdm",
    "timestamp": "2024-05-01T00:00:00.770000Z",
    "sequence": 11,
    "scenario_id": "scenario-286-runaway_inventory",
    "agent_id": "agent-runaway_inventory",
    "order_id": "scenario-286-runaway_inventory-agent-runaway_inventory-11",
    "action": "new",
    "side": "buy",
    "price": 65307.54438,
    "quantity": 0.032,
    "remaining_quantity": 0.032
  },
  {
    "event_id": "7095db0594f442b97c819ab22bd31dd6cd7a53d655ebd5ee47273294925a9723",
    "schema_version": "1.0.0",
    "event_type": "agent_order",
    "source": "synthetic_agent",
    "symbol": "BTCUSDT",
    "exchange": "binance_usdm",
    "timestamp": "2024-05-01T00:00:00.840000Z",
    "sequence": 12,
    "scenario_id": "scenario-286-runaway_inventory",
    "agent_id": "agent-runaway_inventory",
    "order_id": "scenario-286-runaway_inventory-agent-runaway_inventory-12",
    "action": "new",
    "side": "buy",
    "price": 65309.50296,
    "quantity": 0.034,
    "remaining_quantity": 0.034
  },
  {
    "event_id": "718355b46d863c9bb96700e810ee06b9728cc51561ef916ec5c9ffd85ba20510",
    "schema_version": "1.0.0",
    "event_type": "agent_order",
    "source": "synthetic_agent",
    "symbol": "BTCUSDT",
    "exchange": "binance_usdm",
    "timestamp": "2024-05-01T00:00:00.910000Z",
    "sequence": 13,
    "scenario_id": "scenario-286-runaway_inventory",
    "agent_id": "agent-runaway_inventory",
    "order_id": "scenario-286-runaway_inventory-agent-runaway_inventory-13",
    "action": "new",
    "side": "buy",
    "price": 65311.46153999999,
    "quantity": 0.036000000000000004,
    "remaining_quantity": 0.036000000000000004
  },
  {
    "event_id": "f0ed6e7a1b3cba566c5b815e5f4fa8ffa15d8591f27cfb77667a24eb7cfb2bd9",
    "schema_version": "1.0.0",
    "event_type": "agent_order",
    "source": "synthetic_agent",
    "symbol": "BTCUSDT",
    "exchange": "binance_usdm",
    "timestamp": "2024-05-01T00:00:00.980000Z",
    "sequence": 14,
    "scenario_id": "scenario-286-runaway_inventory",
    "agent_id": "agent-runaway_inventory",
    "order_id": "scenario-286-runaway_inventory-agent-runaway_inventory-14",
    "action": "new",
    "side": "buy",
    "price": 65313.42012,
    "quantity": 0.038,
    "remaining_quantity": 0.038
  },
  {
    "event_id": "fb818f725ed348dbfb3e6e859b9d598f018c8db35dfadb99321513cd85a7e0cd",
    "schema_version": "1.0.0",
    "event_type": "agent_order",
    "source": "synthetic_agent",
    "symbol": "BTCUSDT",
    "exchange": "binance_usdm",
    "timestamp": "2024-05-01T00:00:01.050000Z",
    "sequence": 15,
    "scenario_id": "scenario-286-runaway_inventory",
    "agent_id": "agent-runaway_inventory",
    "order_id": "scenario-286-runaway_inventory-agent-runaway_inventory-15",
    "action": "new",
    "side": "buy",
    "price": 65315.3787,
    "quantity": 0.04,
    "remaining_quantity": 0.04
  },
  {
    "event_id": "83e62e827adaaf7cebf79d96bb49b2fecd5003495748bd41d48d7ebe50f7d82f",
    "schema_version": "1.0.0",
    "event_type": "agent_order",
    "source": "synthetic_agent",
    "symbol": "BTCUSDT",
    "exchange": "binance_usdm",
    "timestamp": "2024-05-01T00:00:01.120000Z",
    "sequence": 16,
    "scenario_id": "scenario-286-runaway_inventory",
    "agent_id": "agent-runaway_inventory",
    "order_id": "scenario-286-runaway_inventory-agent-runaway_inventory-16",
    "action": "new",
    "side": "buy",
    "price": 65317.33728,
    "quantity": 0.042,
    "remaining_quantity": 0.042
  },
  {
    "event_id": "16f3e629bd76ece357cbf78489169acb96f69c7266dd459dec748d98791bcafe",
    "schema_version": "1.0.0",
    "event_type": "agent_order",
    "source": "synthetic_agent",
    "symbol": "BTCUSDT",
    "exchange": "binance_usdm",
    "timestamp": "2024-05-01T00:00:01.190000Z",
    "sequence": 17,
    "scenario_id": "scenario-286-runaway_inventory",
    "agent_id": "agent-runaway_inventory",
    "order_id": "scenario-286-runaway_inventory-agent-runaway_inventory-17",
    "action": "new",
    "side": "buy",
    "price": 65319.29586,
    "quantity": 0.044000000000000004,
    "remaining_quantity": 0.044000000000000004
  },
  {
    "event_id": "27ce38da36c562e4a1e16024ff4726c036d806cad8a0a77c3e0d497be8b64b14",
    "schema_version": "1.0.0",
    "event_type": "agent_order",
    "source": "synthetic_agent",
    "symbol": "BTCUSDT",
    "exchange": "binance_usdm",
    "timestamp": "2024-05-01T00:00:01.260000Z",
    "sequence": 18,
    "scenario_id": "scenario-286-runaway_inventory",
    "agent_id": "agent-runaway_inventory",
    "order_id": "scenario-286-runaway_inventory-agent-runaway_inventory-18",
    "action": "new",
    "side": "buy",
    "price": 65321.25444,
    "quantity": 0.046000000000000006,
    "remaining_quantity": 0.046000000000000006
  },
  {
    "event_id": "1006eab805ea8f2f7c836fb81784a9f5c7ca1850f544672fec094b877d57da94",
    "schema_version": "1.0.0",
    "event_type": "agent_order",
    "source": "synthetic_agent",
    "symbol": "BTCUSDT",
    "exchange": "binance_usdm",
    "timestamp": "2024-05-01T00:00:01.330000Z",
    "sequence": 19,
    "scenario_id": "scenario-286-runaway_inventory",
    "agent_id": "agent-runaway_inventory",
    "order_id": "scenario-286-runaway_inventory-agent-runaway_inventory-19",
    "action": "new",
    "side": "buy",
    "price": 65323.213019999996,
    "quantity": 0.048,
    "remaining_quantity": 0.048
  },
  {
    "event_id": "80c4c6646aac9c292bc3cade5148defb5036554b980328102004af296909d859",
    "schema_version": "1.0.0",
    "event_type": "agent_order",
    "source": "synthetic_agent",
    "symbol": "BTCUSDT",
    "exchange": "binance_usdm",
    "timestamp": "2024-05-01T00:00:01.400000Z",
    "sequence": 20,
    "scenario_id": "scenario-286-runaway_inventory",
    "agent_id": "agent-runaway_inventory",
    "order_id": "scenario-286-runaway_inventory-agent-runaway_inventory-20",
    "action": "new",
    "side": "buy",
    "price": 65325.171599999994,
    "quantity": 0.05,
    "remaining_quantity": 0.05
  },
  {
    "event_id": "415a089f07bbbb9dd2d42e0d21ff0042979dc01f42c99a360892a18a9f6f4005",
    "schema_version": "1.0.0",
    "event_type": "agent_order",
    "source": "synthetic_agent",
    "symbol": "BTCUSDT",
    "exchange": "binance_usdm",
    "timestamp": "2024-05-01T00:00:01.470000Z",
    "sequence": 21,
    "scenario_id": "scenario-286-runaway_inventory",
    "agent_id": "agent-runaway_inventory",
    "order_id": "scenario-286-runaway_inventory-agent-runaway_inventory-21",
    "action": "new",
    "side": "buy",
    "price": 65327.13017999999,
    "quantity": 0.052000000000000005,
    "remaining_quantity": 0.052000000000000005
  },
  {
    "event_id": "767262959881ba6638904c89a9f4e78c9151eb86414abcef7ddebe21b3d2ea66",
    "schema_version": "1.0.0",
    "event_type": "agent_order",
    "source": "synthetic_agent",
    "symbol": "BTCUSDT",
    "exchange": "binance_usdm",
    "timestamp": "2024-05-01T00:00:01.540000Z",
    "sequence": 22,
    "scenario_id": "scenario-286-runaway_inventory",
    "agent_id": "agent-runaway_inventory",
    "order_id": "scenario-286-runaway_inventory-agent-runaway_inventory-22",
    "action": "new",
    "side": "buy",
    "price": 65329.088760000006,
    "quantity": 0.054,
    "remaining_quantity": 0.054
  },
  {
    "event_id": "22d8b411813d713188c83872a7041b28390ab013c7e2eb95d0099d8d4624567e",
    "schema_version": "1.0.0",
    "event_type": "agent_order",
    "source": "synthetic_agent",
    "symbol": "BTCUSDT",
    "exchange": "binance_usdm",
    "timestamp": "2024-05-01T00:00:01.610000Z",
    "sequence": 23,
    "scenario_id": "scenario-286-runaway_inventory",
    "agent_id": "agent-runaway_inventory",
    "order_id": "scenario-286-runaway_inventory-agent-runaway_inventory-23",
    "action": "new",
    "side": "buy",
    "price": 65331.047340000005,
    "quantity": 0.056,
    "remaining_quantity": 0.056
  },
  {
    "event_id": "495452551216e78329de24e16d52a74f8fa188a71da85af730035e5da411fe8e",
    "schema_version": "1.0.0",
    "event_type": "agent_order",
    "source": "synthetic_agent",
    "symbol": "BTCUSDT",
    "exchange": "binance_usdm",
    "timestamp": "2024-05-01T00:00:01.680000Z",
    "sequence": 24,
    "scenario_id": "scenario-286-runaway_inventory",
    "agent_id": "agent-runaway_inventory",
    "order_id": "scenario-286-runaway_inventory-agent-runaway_inventory-24",
    "action": "new",
    "side": "buy",
    "price": 65333.00592,
    "quantity": 0.058,
    "remaining_quantity": 0.058
  },
  {
    "event_id": "e8a46e018a1df96b62cb45650318ed7c9e813c2edaee10463aa73b0891be13ff",
    "schema_version": "1.0.0",
    "event_type": "agent_order",
    "source": "synthetic_agent",
    "symbol": "BTCUSDT",
    "exchange": "binance_usdm",
    "timestamp": "2024-05-01T00:00:01.750000Z",
    "sequence": 25,
    "scenario_id": "scenario-286-runaway_inventory",
    "agent_id": "agent-runaway_inventory",
    "order_id": "scenario-286-runaway_inventory-agent-runaway_inventory-25",
    "action": "new",
    "side": "buy",
    "price": 65334.9645,
    "quantity": 0.060000000000000005,
    "remaining_quantity": 0.060000000000000005
  },
  {
    "event_id": "a865443d924e7673d1dfe8b83ab463dddab7017ea0400199d34b18985ddd0d27",
    "schema_version": "1.0.0",
    "event_type": "agent_order",
    "source": "synthetic_agent",
    "symbol": "BTCUSDT",
    "exchange": "binance_usdm",
    "timestamp": "2024-05-01T00:00:01.820000Z",
    "sequence": 26,
    "scenario_id": "scenario-286-runaway_inventory",
    "agent_id": "agent-runaway_inventory",
    "order_id": "scenario-286-runaway_inventory-agent-runaway_inventory-26",
    "action": "new",
    "side": "buy",
    "price": 65336.92308,
    "quantity": 0.062000000000000006,
    "remaining_quantity": 0.062000000000000006
  },
  {
    "event_id": "bd4c8dc4666c32ce1e7e4120f680864bbd9c341cd00888d0ea5f6221c5dcde2d",
    "schema_version": "1.0.0",
    "event_type": "agent_order",
    "source": "synthetic_agent",
    "symbol": "BTCUSDT",
    "exchange": "binance_usdm",
    "timestamp": "2024-05-01T00:00:01.890000Z",
    "sequence": 27,
    "scenario_id": "scenario-286-runaway_inventory",
    "agent_id": "agent-runaway_inventory",
    "order_id": "scenario-286-runaway_inventory-agent-runaway_inventory-27",
    "action": "new",
    "side": "buy",
    "price": 65338.88166,
    "quantity": 0.064,
    "remaining_quantity": 0.064
  },
  {
    "event_id": "8d4a0f87246fdfe652e1ee8e5f80c22806e587cd145961815d7acce61811f5f7",
    "schema_version": "1.0.0",
    "event_type": "agent_order",
    "source": "synthetic_agent",
    "symbol": "BTCUSDT",
    "exchange": "binance_usdm",
    "timestamp": "2024-05-01T00:00:01.960000Z",
    "sequence": 28,
    "scenario_id": "scenario-286-runaway_inventory",
    "agent_id": "agent-runaway_inventory",
    "order_id": "scenario-286-runaway_inventory-agent-runaway_inventory-28",
    "action": "new",
    "side": "buy",
    "price": 65340.84024,
    "quantity": 0.066,
    "remaining_quantity": 0.066
  },
  {
    "event_id": "1fc0294fedfb3f410f9bad8548dcb368da8d68fa82bec4e4ddd0f29a36d2fbc4",
    "schema_version": "1.0.0",
    "event_type": "agent_order",
    "source": "synthetic_agent",
    "symbol": "BTCUSDT",
    "exchange": "binance_usdm",
    "timestamp": "2024-05-01T00:00:02.030000Z",
    "sequence": 29,
    "scenario_id": "scenario-286-runaway_inventory",
    "agent_id": "agent-runaway_inventory",
    "order_id": "scenario-286-runaway_inventory-agent-runaway_inventory-29",
    "action": "new",
    "side": "buy",
    "price": 65342.798819999996,
    "quantity": 0.068,
    "remaining_quantity": 0.068
  }
]