[
  {
    "event_id": "942cfa242106406e7d3b9bbb82e376d8c07d5cc433fc9968a4c260c987809618",
    "schema_version": "1.0.0",
    "event_type": "agent_order",
    "source": "synthetic_agent",
    "symbol": "BTCUSDT",
    "exchange": "binance_usdm",
    "timestamp": "2024-05-01T00:00:00Z",
    "sequence": 0,
    "scenario_id": "scenario-483-spoofing_layering",
    "agent_id": "agent-spoofing_layering",
    "order_id": "scenario-483-spoofing_layering-agent-spoofing_layering-0",
    "action": "new",
    "side": "sell",
    "price": 65515.7415,
    "quantity": 0.5,
    "remaining_quantity": 0.5
  },
  {
    "event_id": "0b9fd16ae61d27fe9cd5998ef25d1695af17a256f78e3fb7f73ccba78e1ed75d",
    "schema_version": "1.0.0",
    "event_type": "agent_order",
    "source": "synthetic_agent",
    "symbol": "BTCUSDT",
    "exchange": "binance_usdm",
    "timestamp": "2024-05-01T00:00:00.050000Z",
    "sequence": 1,
    "scenario_id": "scenario-483-spoofing_layering",
    "agent_id": "agent-spoofing_layering",
    "order_id": "scenario-483-spoofing_layering-agent-spoofing_layering-1",
    "action": "new",
    "side": "sell",
    "price": 65516.39633,
    "quantity": 0.5,
    "remaining_quantity": 0.5
  },
  {
    "event_id": "720ec5cd28595260866984b277aa1871b16b420869e52f47024ec538ee25748e",
    "schema_version": "1.0.0",
    "event_type": "agent_order",
    "source": "synthetic_agent",
    "symbol": "BTCUSDT",
    "exchange": "binance_usdm",
    "timestamp": "2024-05-01T00:00:00.100000Z",
    "sequence": 2,
    "scenario_id": "scenario-483-spoofing_layering",
    "agent_id": "agent-spoofing_layering",
    "order_id": "scenario-483-spoofing_layering-agent-spoofing_layering-2",
    "action": "new",
    "side": "sell",
    "price": 65517.05115999999,
    "quantity": 0.5,
    "remaining_quantity": 0.5
  },
  {
    "event_id": "4eccfde5816bcc25595e49d58e9ff476ae63e306c0485798fe1e0951075e3801",
    "schema_version": "1.0.0",
    "event_type": "agent_order",
    "source": "synthetic_agent",
    "symbol": "BTCUSDT",
    "exchange": "binance_usdm",
    "timestamp": "2024-05-01T00:00:00.150000Z",
    "sequence": 3,
    "scenario_id": "scenario-483-spoofing_layering",
    "agent_id": "agent-spoofing_layering",
    "order_id": "scenario-483-spoofing_layering-agent-spoofing_layering-3",
    "action": "new",
    "side": "sell",
    "price": 65517.705989999995,
    "quantity": 0.5,
    "remaining_quantity": 0.5
  },
  {
    "event_id": "1c20b9f68411e452319ad5f2e76186877b15907043ae36e83121ac6b00ddd044",
    "schema_version": "1.0.0",
    "event_type": "agent_order",
    "source": "synthetic_agent",
    "symbol": "BTCUSDT",
    "exchange": "binance_usdm",
    "timestamp": "2024-05-01T00:00:00.200000Z",
    "sequence": 4,
    "scenario_id": "scenario-483-spoofing_layering",
    "agent_id": "agent-spoofing_layering",
    "order_id": "scenario-483-spoofing_layering-agent-spoofing_layering-4",
    "action": "new",
    "side": "sell",
    "price": 65518.36082,
    "quantity": 0.5,
    "remaining_quantity": 0.5
  },
  {
    "event_id": "9025813cd00897029c81705ce87c586bbfcb234f69c96b92e1ef2190d1f55d14",
    "schema_version": "1.0.0",
    "event_type": "agent_order",
    "source": "synthetic_agent",
    "symbol": "BTCUSDT",
    "exchange": "binance_usdm",
    "timestamp": "2024-05-01T00:00:00.250000Z",
    "sequence": 5,
    "scenario_id": "scenario-483-spoofing_layering",
    "agent_id": "agent-spoofing_layering",
    "order_id": "scenario-483-spoofing_layering-agent-spoofing_layering-5",
    "action": "new",
    "side": "sell",
    "price": 65519.01565,
    "quantity": 0.5,
    "remaining_quantity": 0.5
  },
  {
    "event_id": "4a2f4f309ed737c9635bdc9d77c9f0457312c158e98172aeed6993dd7a6b6f9d",
    "schema_version": "1.0.0",
    "event_type": "agent_order",
    "source": "synthetic_agent",
    "symbol": "BTCUSDT",
    "exchange": "binance_usdm",
    "timestamp": "2024-05-01T00:00:00.300000Z",
    "sequence": 6,
    "scenario_id": "scenario-483-spoofing_layering",
    "agent_id": "agent-spoofing_layering",
    "order_id": "scenario-483-spoofing_layering-agent-spoofing_layering-6",
    "action": "new",
    "side": "sell",
    "price": 65519.67047999999,
    "quantity": 0.5,
    "remaining_quantity": 0.5
  },
  {
    "event_id": "34518568ce80262e735e3620863a9ac870403bfe35c5b67754c6deca11c0c1fb",
    "schema_version": "1.0.0",
    "event_type": "agent_order",
    "source": "synthetic_agent",
    "symbol": "BTCUSDT",
    "exchange": "binance_usdm",
    "timestamp": "2024-05-01T00:00:00.350000Z",
    "sequence": 7,
    "scenario_id": "scenario-483-spoofing_layering",
    "agent_id": "agent-spoofing_layering",
    "order_id": "scenario-483-spoofing_layering-agent-spoofing_layering-7",
    "action": "new",
    "side": "sell",
    "price": 65520.32531,
    "quantity": 0.5,
    "remaining_quantity": 0.5
  },
  {
    "event_id": "20425635dd17f246e227c9805479b5e09b8acd00d224f094d67f753b4eda46f6",
    "schema_version": "1.0.0",
    "event_type": "agent_order",
    "source": "synthetic_agent",
    "symbol": "BTCUSDT",
    "exchange": "binance_usdm",
    "timestamp": "2024-05-01T00:00:00.400000Z",
    "sequence": 8,
    "scenario_id": "scenario-483-spoofing_layering",
    "agent_id": "agent-spoofing_layering",
    "order_id": "scenario-483-spoofing_layering-agent-spoofing_layering-8",
    "action": "new",
    "side": "sell",
    "price": 65520.98014,
    "quantity": 0.5,
    "remaining_quantity": 0.5
  },
  {
    "event_id": "2e57466b2df55b4d452c11aae1e030f40b7a9d601a97088564b8f8f26056435c",
    "schema_version": "1.0.0",
    "event_type": "agent_order",
    "source": "synthetic_agent",
    "symbol": "BTCUSDT",
    "exchange": "binance_usdm",
    "timestamp": "2024-05-01T00:00:00.450000Z",
    "sequence": 9,
    "scenario_id": "scenario-483-spoofing_layering",
    "agent_id": "agent-spoofing_layering",
    "order_id": "scenario-483-spoofing_layering-agent-spoofing_layering-9",
    "action": "new",
    "side": "sell",
    "price": 65521.63496999999,
    "quantity": 0.5,
    "remaining_quantity": 0.5
  },
  {
    "event_id": "ef8ce7edb62f2b85df0dc1a4725b7e26358abab161219f4cc7a5926dd66c2105",
    "schema_version": "1.0.0",
    "event_type": "agent_order",
    "source": "synthetic_agent",
    "symbol": "BTCUSDT",
    "exchange": "binance_usdm",
    "timestamp": "2024-05-01T00:00:00.500000Z",
    "sequence": 10,
    "scenario_id": "scenario-483-spoofing_layering",
    "agent_id": "agent-spoofing_layering",
    "order_id": "scenario-483-spoofing_layering-agent-spoofing_layering-10",
    "action": "new",
    "side": "sell",
    "price": 65522.2898,
    "quantity": 0.5,
    "remaining_quantity": 0.5
  },
  {
    "event_id": "2af8e97c1f0bfc11058add62e37c1aa65a39ce577cb1f7a2925241df79cb8723",
    "schema_version": "1.0.0",
    "event_type": "agent_order",
    "source": "synthetic_agent",
    "symbol": "BTCUSDT",
    "exchange": "binance_usdm",
    "timestamp": "2024-05-01T00:00:00.550000Z",
    "sequence": 11,
    "scenario_id": "scenario-483-spoofing_layering",
    "agent_id": "agent-spoofing_layering",
    "order_id": "scenario-483-spoofing_layering-agent-spoofing_layering-11",
    "action": "new",
    "side": "sell",
    "price": 65522.94463,
    "quantity": 0.5,
    "remaining_quantity": 0.5
  },
  {
    "event_id": "1d7f7385795be13ffa6c89f06d3dd0bb638975057aaece3f962041844e91ea66",
    "schema_version": "1.0.0",
    "event_type": "agent_order",
    "source": "synthetic_agent",
    "symbol": "BTCUSDT",
    "exchange": "binance_usdm",
    "timestamp": "2024-05-01T00:00:00.600000Z",
    "sequence": 12,
    "scenario_id": "scenario-483-spoofing_layering",
    "agent_id": "agent-spoofing_layering",
    "order_id": "scenario-483-spoofing_layering-agent-spoofing_layering-12",
    "action": "new",
    "side": "sell",
    "price": 65523.59945999999,
    "quantity": 0.5,
    "remaining_quantity": 0.5
  },
  {
    "event_id": "dc1fae8bfb5302c5863a20585244e299c317e2fb7f764def017aabdbb5360b50",
    "schema_version": "1.0.0",
    "event_type": "agent_order",
    "source": "synthetic_agent",
    "symbol": "BTCUSDT",
    "exchange": "binance_usdm",
    "timestamp": "2024-05-01T00:00:00.650000Z",
    "sequence": 13,
    "scenario_id": "scenario-483-spoofing_layering",
    "agent_id": "agent-spoofing_layering",
    "order_id": "scenario-483-spoofing_layering-agent-spoofing_layering-13",
    "action": "new",
    "side": "sell",
    "price": 65524.25429,
    "quantity": 0.5,
    "remaining_quantity": 0.5
  },
  {
    "event_id": "074c57737f7bb270e7ae4f6311914c172e08b37451bd90700f983ed358809864",
    "schema_version": "1.0.0",
    "event_type": "agent_order",
    "source": "synthetic_agent",
    "symbol": "BTCUSDT",
    "exchange": "binance_usdm",
    "timestamp": "2024-05-01T00:00:00.700000Z",
    "sequence": 14,
    "scenario_id": "scenario-483-spoofing_layering",
    "agent_id": "agent-spoofing_layering",
    "order_id": "scenario-483-spoofing_layering-agent-spoofing_layering-14",
    "action": "new",
    "side": "sell",
    "price": 65524.90912,
    "quantity": 0.5,
    "remaining_quantity": 0.5
  },
  {
    "event_id": "1ffd2e240757b28c3a23555704b4d9134c48dd9a8b3957e8c687b59d3b979b12",
    "schema_version": "1.0.0",
    "event_type": "agent_order",
    "source": "synthetic_agent",
    "symbol": "BTCUSDT",
    "exchange": "binance_usdm",
    "timestamp": "2024-05-01T00:00:00.750000Z",
    "sequence": 15,
    "scenario_id": "scenario-483-spoofing_layering",
    "agent_id": "agent-spoofing_layering",
    "order_id": "scenario-483-spoofing_layering-agent-spoofing_layering-15",
    "action": "new",
    "side": "sell",
    "price": 65525.56395,
    "quantity": 0.5,
    "remaining_quantity": 0.5
  },
  {
    "event_id": "ada6eb76a36f015b01e4226db0943b000b3538f1eb136dc8e679dc6ddb897117",
    "schema_version": "1.0.0",
    "event_type": "agent_order",
    "source": "synthetic_agent",
    "symbol": "BTCUSDT",
    "exchange": "binance_usdm",
    "timestamp": "2024-05-01T00:00:00.800000Z",
    "sequence": 16,
    "scenario_id": "scenario-483-spoofing_layering",
    "agent_id": "agent-spoofing_layering",
    "order_id": "scenario-483-spoofing_layering-agent-spoofing_layering-16",
    "action": "new",
    "side": "sell",
    "price": 65526.218779999996,
    "quantity": 0.5,
    "remaining_quantity": 0.5
  },
  {
    "event_id": "48f57cef48e5e0f3dd8fdfd5c511f7bd4ff529ce5b69633029f815fe6be8480b",
    "schema_version": "1.0.0",
    "event_type": "agent_order",
    "source": "synthetic_agent",
    "symbol": "BTCUSDT",
    "exchange": "binance_usdm",
    "timestamp": "2024-05-01T00:00:00.850000Z",
    "sequence": 17,
    "scenario_id": "scenario-483-spoofing_layering",
    "agent_id": "agent-spoofing_layering",
    "order_id": "scenario-483-spoofing_layering-agent-spoofing_layering-17",
    "action": "new",
    "side": "sell",
    "price": 65526.873609999995,
    "quantity": 0.5,
    "remaining_quantity": 0.5
  },
  {
    "event_id": "0e3d98e740030c5c309fe7be34dc0052bef4f85b83c6015913b1e38330041b76",
    "schema_version": "1.0.0",
    "event_type": "agent_order",
    "source": "synthetic_agent",
    "symbol": "BTCUSDT",
    "exchange": "binance_usdm",
    "timestamp": "2024-05-01T00:00:00.900000Z",
    "sequence": 18,
    "scenario_id": "scenario-483-spoofing_layering",
    "agent_id": "agent-spoofing_layering",
    "order_id": "scenario-483-spoofing_layering-agent-spoofing_layering-18",
    "action": "new",
    "side": "sell",
    "price": 65527.52844,
    "quantity": 0.5,
    "remaining_quantity": 0.5
  },
  {
    "event_id": "2135fd9900851794e58c24d284f33ef5c28f1f662a2e3bfbfdf6ec8cdb4d5f75",
    "schema_version": "1.0.0",
    "event_type": "agent_order",
    "source": "synthetic_agent",
    "symbol": "BTCUSDT",
    "exchange": "binance_usdm",
    "timestamp": "2024-05-01T00:00:00.950000Z",
    "sequence": 19,
    "scenario_id": "scenario-483-spoofing_layering",
    "agent_id": "agent-spoofing_layering",
    "order_id": "scenario-483-spoofing_layering-agent-spoofing_layering-19",
    "action": "new",
    "side": "sell",
    "price": 65528.183269999994,
    "quantity": 0.5,
    "remaining_quantity": 0.5
  },
  {
    "event_id": "7fd6d3a0bd0064bd7688b17a2bd3333daa19e2fcbe0f529f38bdc1171a52be37",
    "schema_version": "1.0.0",
    "event_type": "agent_order",
    "source": "synthetic_agent",
    "symbol": "BTCUSDT",
    "exchange": "binance_usdm",
    "timestamp": "2024-05-01T00:00:01Z",
    "sequence": 20,
    "scenario_id": "scenario-483-spoofing_layering",
    "agent_id": "agent-spoofing_layering",
    "order_id": "scenario-483-spoofing_layering-agent-spoofing_layering-20",
    "action": "new",
    "side": "sell",
    "price": 65528.83809999999,
    "quantity": 0.5,
    "remaining_quantity": 0.5
  },
  {
    "event_id": "7b137baa8d00bbc39fadb631d896662277b1ec864ff4d710e9df3394ce133bb0",
    "schema_version": "1.0.0",
    "event_type": "agent_order",
    "source": "synthetic_agent",
    "symbol": "BTCUSDT",
    "exchange": "binance_usdm",
    "timestamp": "2024-05-01T00:00:01.050000Z",
    "sequence": 21,
    "scenario_id": "scenario-483-spoofing_layering",
    "agent_id": "agent-spoofing_layering",
    "order_id": "scenario-483-spoofing_layering-agent-spoofing_layering-21",
    "action": "new",
    "side": "sell",
    "price": 65529.49293,
    "quantity": 0.5,
    "remaining_quantity": 0.5
  },
  {
    "event_id": "e95080fc6bcb920a9ed4aeac63b9eb973fcbac9567533e63071dcba087e24bee",
    "schema_version": "1.0.0",
    "event_type": "agent_order",
    "source": "synthetic_agent",
    "symbol": "BTCUSDT",
    "exchange": "binance_usdm",
    "timestamp": "2024-05-01T00:00:01.100000Z",
    "sequence": 22,
    "scenario_id": "scenario-483-spoofing_layering",
    "agent_id": "agent-spoofing_layering",
    "order_id": "scenario-483-spoofing_layering-agent-spoofing_layering-22",
    "action": "new",
    "side": "sell",
    "price": 65530.14776000001,
    "quantity": 0.5,
    "remaining_quantity": 0.5
  },
  {
    "event_id": "b0503d0035550e5f135294035cb01fe2921e4f1031c3248ae5d1900d9fd0f6fb",
    "schema_version": "1.0.0",
    "event_type": "agent_order",
    "source": "synthetic_agent",
    "symbol": "BTCUSDT",
    "exchange": "binance_usdm",
    "timestamp": "2024-05-01T00:00:01.150000Z",
    "sequence": 23,
    "scenario_id": "scenario-483-spoofing_layering",
    "agent_id": "agent-spoofing_layering",
    "order_id": "scenario-483-spoofing_layering-agent-spoofing_layering-23",
    "action": "new",
    "side": "sell",
    "price": 65530.80258999999,
    "quantity": 0.5,
    "remaining_quantity": 0.5
  },
  {
    "event_id": "dfa42565ea00a30c6d374dd0949bc9d0d9d48d69c0a929207d9f0f3f727d37e9",
    "schema_version": "1.0.0",
    "event_type": "agent_order",
    "source": "synthetic_agent",
    "symbol": "BTCUSDT",
    "exchange": "binance_usdm",
    "timestamp": "2024-05-01T00:00:01.200000Z",
    "sequence": 24,
    "scenario_id": "scenario-483-spoofing_layering",
    "agent_id": "agent-spoofing_layering",
    "order_id": "scenario-483-spoofing_layering-agent-spoofing_layering-24",
    "action": "new",
    "side": "sell",
    "price": 65531.45742,
    "quantity": 0.5,
    "remaining_quantity": 0.5
  },
  {
    "event_id": "ddc9346ecbcca25c3070b54b6e325be01cc980c86542e71e73c3f70070185590",
    "schema_version": "1.0.0",
    "event_type": "agent_order",
    "source": "synthetic_agent",
    "symbol": "BTCUSDT",
    "exchange": "binance_usdm",
    "timestamp": "2024-05-01T00:00:01.250000Z",
    "sequence": 25,
    "scenario_id": "scenario-483-spoofing_layering",
    "agent_id": "agent-spoofing_layering",
    "order_id": "scenario-483-spoofing_layering-agent-spoofing_layering-25",
    "action": "new",
    "side": "sell",
    "price": 65532.11225,
    "quantity": 0.5,
    "remaining_quantity": 0.5
  },
  {
    "event_id": "218ce43bdb5bffebcb0f7f80896201a94de6cb24f50ed6c987fc2f3523e870c9",
    "schema_version": "1.0.0",
    "event_type": "agent_order",
    "source": "synthetic_agent",
    "symbol": "BTCUSDT",
    "exchange": "binance_usdm",
    "timestamp": "2024-05-01T00:00:01.300000Z",
    "sequence": 26,
    "scenario_id": "scenario-483-spoofing_layering",
    "agent_id": "agent-spoofing_layering",
    "order_id": "scenario-483-spoofing_layering-agent-spoofing_layering-26",
    "action": "new",
    "side": "sell",
    "price": 65532.76707999999,
    "quantity": 0.5,
    "remaining_quantity": 0.5
  },
  {
    "event_id": "858cf3809b02ff8d0b258b0ef0dd43fd891275ace4afbe0eaaff60061737cf91",
    "schema_version": "1.0.0",
    "event_type": "agent_order",
    "source": "synthetic_agent",
    "symbol": "BTCUSDT",
    "exchange": "binance_usdm",
    "timestamp": "2024-05-01T00:00:01.350000Z",
    "sequence": 27,
    "scenario_id": "scenario-483-spoofing_layering",
    "agent_id": "agent-spoofing_layering",
    "order_id": "scenario-483-spoofing_layering-agent-spoofing_layering-27",
    "action": "new",
    "side": "sell",
    "price": 65533.42191,
    "quantity": 0.5,
    "remaining_quantity": 0.5
  },
  {
    "event_id": "594a98c1b5ba68c77489852bac5a33e3dc12dcb5dfdf8aaf858bf975e3c012ab",
    "schema_version": "1.0.0",
    "event_type": "agent_order",
    "source": "synthetic_agent",
    "symbol": "BTCUSDT",
    "exchange": "binance_usdm",
    "timestamp": "2024-05-01T00:00:01.400000Z",
    "sequence": 28,
    "scenario_id": "scenario-483-spoofing_layering",
    "agent_id": "agent-spoofing_layering",
    "order_id": "scenario-483-spoofing_layering-agent-spoofing_layering-28",
    "action": "new",
    "side": "sell",
    "price": 65534.07674,
    "quantity": 0.5,
    "remaining_quantity": 0.5
  },
  {
    "event_id": "79a2ccb4833b06868e293cdd2ba88a9a11f1404e3373a22b9e4443537f4c6637",
    "schema_version": "1.0.0",
    "event_type": "agent_order",
    "source": "synthetic_agent",
    "symbol": "BTCUSDT",
    "exchange": "binance_usdm",
    "timestamp": "2024-05-01T00:00:01.450000Z",
    "sequence": 29,
    "scenario_id": "scenario-483-spoofing_layering",
    "agent_id": "agent-spoofing_layering",
    "order_id": "scenario-483-spoofing_layering-agent-spoofing_layering-29",
    "action": "new",
    "side": "sell",
    "price": 65534.73156999999,
    "quantity": 0.5,
    "remaining_quantity": 0.5
  }
]