[
  {
    "event_id": "a414b2dcf1fa47e46e1930c55aaae969d496c807a55452250c4693651d2ae68c",
    "schema_version": "1.0.0",
    "event_type": "agent_order",
    "source": "synthetic_agent",
    "symbol": "BTCUSDT",
    "exchange": "binance_usdm",
    "timestamp": "2024-05-01T00:00:00Z",
    "sequence": 0,
    "scenario_id": "scenario-587-volatility_feedback",
    "agent_id": "agent-volatility_feedback",
    "order_id": "scenario-587-volatility_feedback-agent-volatility_feedback-0",
    "action": "new",
    "side": "buy",
    "price": 65652.587,
    "quantity": 0.02,
    "remaining_quantity": 0.02
  },
  {
    "event_id": "503232c0bcd3e7e4cd84d66a6375d8882d914931501ba90c53ee9994e1f1b670",
    "schema_version": "1.0.0",
    "event_type": "agent_order",
    "source": "synthetic_agent",
    "symbol": "BTCUSDT",
    "exchange": "binance_usdm",
    "timestamp": "2024-05-01T00:00:00.020000Z",
    "sequence": 1,
    "scenario_id": "scenario-587-volatility_feedback",
    "agent_id": "agent-volatility_feedback",
    "order_id": "scenario-587-volatility_feedback-agent-volatility_feedback-1",
    "action": "new",
    "side": "sell",
    "price": 65520.101259999996,
    "quantity": 0.03,
    "remaining_quantity": 0.03
  },
  {
    "event_id": "338a12ee808c2d41b28d8a699082a24d44e13e097a42f39ef31489b03a2e58af",
    "schema_version": "1.0.0",
    "event_type": "agent_order",
    "source": "synthetic_agent",
    "symbol": "BTCUSDT",
    "exchange": "binance_usdm",
    "timestamp": "2024-05-01T00:00:00.040000Z",
    "sequence": 2,
    "scenario_id": "scenario-587-volatility_feedback",
    "agent_id": "agent-volatility_feedback",
    "order_id": "scenario-587-volatility_feedback-agent-volatility_feedback-2",
    "action": "new",
    "side": "buy",
    "price": 65655.21048,
    "quantity": 0.04,
    "remaining_quantity": 0.04
  },
  {
    "event_id": "5d4d4f6e4f637aa96843483d2c407c54cd30934866f9126b6ef3f9b08bc43bce",
    "schema_version": "1.0.0",
    "event_type": "agent_order",
    "source": "synthetic_agent",
    "symbol": "BTCUSDT",
    "exchange": "binance_usdm",
    "timestamp": "2024-05-01T00:00:00.060000Z",
    "sequence": 3,
    "scenario_id": "scenario-587-volatility_feedback",
    "agent_id": "agent-volatility_feedback",
    "order_id": "scenario-587-volatility_feedback-agent-volatility_feedback-3",
    "action": "new",
    "side": "sell",
    "price": 65517.47778,
    "quantity": 0.05,
    "remaining_quantity": 0.05
  },
  {
    "event_id": "a351614a3977a7e904100c748611597c9fda901ca455f94fc3eaf4a82f91b706",
    "schema_version": "1.0.0",
    "event_type": "agent_order",
    "source": "synthetic_agent",
    "symbol": "BTCUSDT",
    "exchange": "binance_usdm",
    "timestamp": "2024-05-01T00:00:00.080000Z",
    "sequence": 4,
    "scenario_id": "scenario-587-volatility_feedback",
    "agent_id": "agent-volatility_feedback",
    "order_id": "scenario-587-volatility_feedback-agent-volatility_feedback-4",
    "action": "new",
    "side": "buy",
    "price": 65657.83396,
    "quantity": 0.02,
    "remaining_quantity": 0.02
  },
  {
    "event_id": "0ce3283c7c593fd061103e87498bce18e114245a8a2aa76a5f3f5f74498dce66",
    "schema_version": "1.0.0",
    "event_type": "agent_order",
    "source": "synthetic_agent",
    "symbol": "BTCUSDT",
    "exchange": "binance_usdm",
    "timestamp": "2024-05-01T00:00:00.100000Z",
    "sequence": 5,
    "scenario_id": "scenario-587-volatility_feedback",
    "agent_id": "agent-volatility_feedback",
    "order_id": "scenario-587-volatility_feedback-agent-volatility_feedback-5",
    "action": "new",
    "side": "sell",
    "price": 65514.8543,
    "quantity": 0.03,
    "remaining_quantity": 0.03
  },
  {
    "event_id": "d993c1d5059e4b854ae25c6800c5ff4328c322073b1fa5b4e8f2d7002392f247",
    "schema_version": "1.0.0",
    "event_type": "agent_order",
    "source": "synthetic_agent",
    "symbol": "BTCUSDT",
    "exchange": "binance_usdm",
    "timestamp": "2024-05-01T00:00:00.120000Z",
    "sequence": 6,
    "scenario_id": "scenario-587-volatility_feedback",
    "agent_id": "agent-volatility_feedback",
    "order_id": "scenario-587-volatility_feedback-agent-volatility_feedback-6",
    "action": "new",
    "side": "buy",
    "price": 65660.45744,
    "quantity": 0.04,
    "remaining_quantity": 0.04
  },
  {
    "event_id": "b5eba9857d4f3cfef50c5ea9eb8f2358db415fa897290db7cbb9aa1ec893bbdd",
    "schema_version": "1.0.0",
    "event_type": "agent_order",
    "source": "synthetic_agent",
    "symbol": "BTCUSDT",
    "exchange": "binance_usdm",
    "timestamp": "2024-05-01T00:00:00.140000Z",
    "sequence": 7,
    "scenario_id": "scenario-587-volatility_feedback",
    "agent_id": "agent-volatility_feedback",
    "order_id": "scenario-587-volatility_feedback-agent-volatility_feedback-7",
    "action": "new",
    "side": "sell",
    "price": 65512.23082,
    "quantity": 0.05,
    "remaining_quantity": 0.05
  },
  {
    "event_id": "2d7985f872c77efe14d909debcd656ff8008385daa414dc6f7f3133372861080",
    "schema_version": "1.0.0",
    "event_type": "agent_order",
    "source": "synthetic_agent",
    "symbol": "BTCUSDT",
    "exchange": "binance_usdm",
    "timestamp": "2024-05-01T00:00:00.160000Z",
    "sequence": 8,
    "scenario_id": "scenario-587-volatility_feedback",
    "agent_id": "agent-volatility_feedback",
    "order_id": "scenario-587-volatility_feedback-agent-volatility_feedback-8",
    "action": "new",
    "side": "buy",
    "price": 65663.08092000001,
    "quantity": 0.02,
    "remaining_quantity": 0.02
  },
  {
    "event_id": "32bae219ae866a9c04765f46dfc2e82f1c721d04b1ff01c2c3daed0800c755a0",
    "schema_version": "1.0.0",
    "event_type": "agent_order",
    "source": "synthetic_agent",
    "symbol": "BTCUSDT",
    "exchange": "binance_usdm",
    "timestamp": "2024-05-01T00:00:00.180000Z",
    "sequence": 9,
    "scenario_id": "scenario-587-volatility_feedback",
    "agent_id": "agent-volatility_feedback",
    "order_id": "scenario-587-volatility_feedback-agent-volatility_feedback-9",
    "action": "new",
    "side": "sell",
    "price": 65509.60734,
    "quantity": 0.03,
    "remaining_quantity": 0.03
  },
  {
    "event_id": "ccc036e6f28b3b62969076498183f4186a0618719d286a2dd6f1c6c336e2ca63",
    "schema_version": "1.0.0",
    "event_type": "agent_order",
    "source": "synthetic_agent",
    "symbol": "BTCUSDT",
    "exchange": "binance_usdm",
    "timestamp": "2024-05-01T00:00:00.200000Z",
    "sequence": 10,
    "scenario_id": "scenario-587-volatility_feedback",
    "agent_id": "agent-volatility_feedback",
    "order_id": "scenario-587-volatility_feedback-agent-volatility_feedback-10",
    "action": "new",
    "side": "buy",
    "price": 65665.7044,
    "quantity": 0.04,
    "remaining_quantity": 0.04
  },
  {
    "event_id": "77a8f7027c442d24b7953d3fa25fb252ed6194ff941ecd3bf5bad6d7cfa68e5c",
    "schema_version": "1.0.0",
    "event_type": "agent_order",
    "source": "synthetic_agent",
    "symbol": "BTCUSDT",
    "exchange": "binance_usdm",
    "timestamp": "2024-05-01T00:00:00.220000Z",
    "sequence": 11,
    "scenario_id": "scenario-587-volatility_feedback",
    "agent_id": "agent-volatility_feedback",
    "order_id": "scenario-587-volatility_feedback-agent-volatility_feedback-11",
    "action": "new",
    "side": "sell",
    "price": 65506.98386,
    "quantity": 0.05,
    "remaining_quantity": 0.05
  },
  {
    "event_id": "0fe8c7a2eae35856fd2f317520d6025ed642aefe5186e5abdc9d57244e530214",
    "schema_version": "1.0.0",
    "event_type": "agent_order",
    "source": "synthetic_agent",
    "symbol": "BTCUSDT",
    "exchange": "binance_usdm",
    "timestamp": "2024-05-01T00:00:00.240000Z",
    "sequence": 12,
    "scenario_id": "scenario-587-volatility_feedback",
    "agent_id": "agent-volatility_feedback",
    "order_id": "scenario-587-volatility_feedback-agent-volatility_feedback-12",
    "action": "new",
    "side": "buy",
    "price": 65668.32788,
    "quantity": 0.02,
    "remaining_quantity": 0.02
  },
  {
    "event_id": "f54a68067290f6620d9426d9fe0920d8f60680721a94cc97c9620d987ed4f776",
    "schema_version": "1.0.0",
    "event_type": "agent_order",
    "source": "synthetic_agent",
    "symbol": "BTCUSDT",
    "exchange": "binance_usdm",
    "timestamp": "2024-05-01T00:00:00.260000Z",
    "sequence": 13,
    "scenario_id": "scenario-587-volatility_feedback",
    "agent_id": "agent-volatility_feedback",
    "order_id": "scenario-587-volatility_feedback-agent-volatility_feedback-13",
    "action": "new",
    "side": "sell",
    "price": 65504.36038,
    "quantity": 0.03,
    "remaining_quantity": 0.03
  },
  {
    "event_id": "a820886b80ab6359114dddcee866ae3b5f5a6af8590d08b082b8d7a37d9e8780",
    "schema_version": "1.0.0",
    "event_type": "agent_order",
    "source": "synthetic_agent",
    "symbol": "BTCUSDT",
    "exchange": "binance_usdm",
    "timestamp": "2024-05-01T00:00:00.280000Z",
    "sequence": 14,
    "scenario_id": "scenario-587-volatility_feedback",
    "agent_id": "agent-volatility_feedback",
    "order_id": "scenario-587-volatility_feedback-agent-volatility_feedback-14",
    "action": "new",
    "side": "buy",
    "price": 65670.95135999999,
    "quantity": 0.04,
    "remaining_quantity": 0.04
  },
  {
    "event_id": "09a938c8209ecbf0898ea831829d7aa9d1becb0b3e928cdb0fac51498bc2ee3f",
    "schema_version": "1.0.0",
    "event_type": "agent_order",
    "source": "synthetic_agent",
    "symbol": "BTCUSDT",
    "exchange": "binance_usdm",
    "timestamp": "2024-05-01T00:00:00.300000Z",
    "sequence": 15,
    "scenario_id": "scenario-587-volatility_feedback",
    "agent_id": "agent-volatility_feedback",
    "order_id": "scenario-587-volatility_feedback-agent-volatility_feedback-15",
    "action": "new",
    "side": "sell",
    "price": 65501.7369,
    "quantity": 0.05,
    "remaining_quantity": 0.05
  },
  {
    "event_id": "7012bff0e97f0618edc021e989303551a5c26a55dab811718cb42ab00cc2f44f",
    "schema_version": "1.0.0",
    "event_type": "agent_order",
    "source": "synthetic_agent",
    "symbol": "BTCUSDT",
    "exchange": "binance_usdm",
    "timestamp": "2024-05-01T00:00:00.320000Z",
    "sequence": 16,
    "scenario_id": "scenario-587-volatility_feedback",
    "agent_id": "agent-volatility_feedback",
    "order_id": "scenario-587-volatility_feedback-agent-volatility_feedback-16",
    "action": "new",
    "side": "buy",
    "price": 65673.57484,
    "quantity": 0.02,
    "remaining_quantity": 0.02
  },
  {
    "event_id": "ad2db5fbc67f728a72c8d917768c0213eff0dc3cb4dbb4e022d56f4b3b744eed",
    "schema_version": "1.0.0",
    "event_type": "agent_order",
    "source": "synthetic_agent",
    "symbol": "BTCUSDT",
    "exchange": "binance_usdm",
    "timestamp": "2024-05-01T00:00:00.340000Z",
    "sequence": 17,
    "scenario_id": "scenario-587-volatility_feedback",
    "agent_id": "agent-volatility_feedback",
    "order_id": "scenario-587-volatility_feedback-agent-volatility_feedback-17",
    "action": "new",
    "side": "sell",
    "price": 65499.11342,
    "quantity": 0.03,
    "remaining_quantity": 0.03
  },
  {
    "event_id": "a766d3566b4021a704b0751970592548a64e58d756995f22720b40b64d9073aa",
    "schema_version": "1.0.0",
    "event_type": "agent_order",
    "source": "synthetic_agent",
    "symbol": "BTCUSDT",
    "exchange": "binance_usdm",
    "timestamp": "2024-05-01T00:00:00.360000Z",
    "sequence": 18,
    "scenario_id": "scenario-587-volatility_feedback",
    "agent_id": "agent-volatility_feedback",
    "order_id": "scenario-587-volatility_feedback-agent-volatility_feedback-18",
    "action": "new",
    "side": "buy",
    "price": 65676.19832,
    "quantity": 0.04,
    "remaining_quantity": 0.04
  },
  {
    "event_id": "a91dd35592aaa81ce48d4f57c680006f95a91636c7404765d657c4be38f98fc8",
    "schema_version": "1.0.0",
    "event_type": "agent_order",
    "source": "synthetic_agent",
    "symbol": "BTCUSDT",
    "exchange": "binance_usdm",
    "timestamp": "2024-05-01T00:00:00.380000Z",
    "sequence": 19,
    "scenario_id": "scenario-587-volatility_feedback",
    "agent_id": "agent-volatility_feedback",
    "order_id": "scenario-587-volatility_feedback-agent-volatility_feedback-19",
    "action": "new",
    "side": "sell",
    "price": 65496.48994,
    "quantity": 0.05,
    "remaining_quantity": 0.05
  },
  {
    "event_id": "21a1eaec2fd3b6c22d7f2987a6622299197e8c3e3f61e7011761c8c01bde4689",
    "schema_version": "1.0.0",
    "event_type": "agent_order",
    "source": "synthetic_agent",
    "symbol": "BTCUSDT",
    "exchange": "binance_usdm",
    "timestamp": "2024-05-01T00:00:00.400000Z",
    "sequence": 20,
    "scenario_id": "scenario-587-volatility_feedback",
    "agent_id": "agent-volatility_feedback",
    "order_id": "scenario-587-volatility_feedback-agent-volatility_feedback-20",
    "action": "new",
    "side": "buy",
    "price": 65678.8218,
    "quantity": 0.02,
    "remaining_quantity": 0.02
  },
  {
    "event_id": "150bb940b6a5f1bfa06c4b952c702b88fc3f3cd0b239af505ffb9e7ec32bcf86",
    "schema_version": "1.0.0",
    "event_type": "agent_order",
    "source": "synthetic_agent",
    "symbol": "BTCUSDT",
    "exchange": "binance_usdm",
    "timestamp": "2024-05-01T00:00:00.420000Z",
    "sequence": 21,
    "scenario_id": "scenario-587-volatility_feedback",
    "agent_id": "agent-volatility_feedback",
    "order_id": "scenario-587-volatility_feedback-agent-volatility_feedback-21",
    "action": "new",
    "side": "sell",
    "price": 65493.866460000005,
    "quantity": 0.03,
    "remaining_quantity": 0.03
  },
  {
    "event_id": "2374abedcc9a3fe9e1f4826af98cc04a386123918c0de2bfb49cfdb13cdb49ac",
    "schema_version": "1.0.0",
    "event_type": "agent_order",
    "source": "synthetic_agent",
    "symbol": "BTCUSDT",
    "exchange": "binance_usdm",
    "timestamp": "2024-05-01T00:00:00.440000Z",
    "sequence": 22,
    "scenario_id": "scenario-587-volatility_feedback",
    "agent_id": "agent-volatility_feedback",
    "order_id": "scenario-587-volatility_feedback-agent-volatility_feedback-22",
    "action": "new",
    "side": "buy",
    "price": 65681.44528,
    "quantity": 0.04,
    "remaining_quantity": 0.04
  },
  {
    "event_id": "d5335425cf831a8fe627dc5a369b0f650b1e711cd927b28b775dba973ebddeb1",
    "schema_version": "1.0.0",
    "event_type": "agent_order",
    "source": "synthetic_agent",
    "symbol": "BTCUSDT",
    "exchange": "binance_usdm",
    "timestamp": "2024-05-01T00:00:00.460000Z",
    "sequence": 23,
    "scenario_id": "scenario-587-volatility_feedback",
    "agent_id": "agent-volatility_feedback",
    "order_id": "scenario-587-volatility_feedback-agent-volatility_feedback-23",
    "action": "new",
    "side": "sell",
    "price": 65491.242979999995,
    "quantity": 0.05,
    "remaining_quantity": 0.05
  },
  {
    "event_id": "ee1b147b8a2f14ef2f6070fa547f646c6dc2bafa0048d11719c94ca3892c0d25",
    "schema_version": "1.0.0",
    "event_type": "agent_order",
    "source": "synthetic_agent",
    "symbol": "BTCUSDT",
    "exchange": "binance_usdm",
    "timestamp": "2024-05-01T00:00:00.480000Z",
    "sequence": 24,
    "scenario_id": "scenario-587-volatility_feedback",
    "agent_id": "agent-volatility_feedback",
    "order_id": "scenario-587-volatility_feedback-agent-volatility_feedback-24",
    "action": "new",
    "side": "buy",
    "price": 65684.06876,
    "quantity": 0.02,
    "remaining_quantity": 0.02
  },
  {
    "event_id": "0189174497cc5956dbec08a919e143dbc6d86716fd85450842e1670fd7c4fd0d",
    "schema_version": "1.0.0",
    "event_type": "agent_order",
    "source": "synthetic_agent",
    "symbol": "BTCUSDT",
    "exchange": "binance_usdm",
    "timestamp": "2024-05-01T00:00:00.500000Z",
    "sequence": 25,
    "scenario_id": "scenario-587-volatility_feedback",
    "agent_id": "agent-volatility_feedback",
    "order_id": "scenario-587-volatility_feedback-agent-volatility_feedback-25",
    "action": "new",
    "side": "sell",
    "price": 65488.6195,
    "quantity": 0.03,
    "remaining_quantity": 0.03
  },
  {
    "event_id": "186bb45106270f5177c8a4e4ac3a2a30eb21d584db16402afb5d62416bde2ba6",
    "schema_version": "1.0.0",
    "event_type": "agent_order",
    "source": "synthetic_agent",
    "symbol": "BTCUSDT",
    "exchange": "binance_usdm",
    "timestamp": "2024-05-01T00:00:00.520000Z",
    "sequence": 26,
    "scenario_id": "scenario-587-volatility_feedback",
    "agent_id": "agent-volatility_feedback",
    "order_id": "scenario-587-volatility_feedback-agent-volatility_feedback-26",
    "action": "new",
    "side": "buy",
    "price": 65686.69224,
    "quantity": 0.04,
    "remaining_quantity": 0.04
  },
  {
    "event_id": "c3db64e31007e805d3b25c4beefd85e95c42bf32cac30418500e76f0b32e929b",
    "schema_version": "1.0.0",
    "event_type": "agent_order",
    "source": "synthetic_agent",
    "symbol": "BTCUSDT",
    "exchange": "binance_usdm",
    "timestamp": "2024-05-01T00:00:00.540000Z",
    "sequence": 27,
    "scenario_id": "scenario-587-volatility_feedback",
    "agent_id": "agent-volatility_feedback",
    "order_id": "scenario-587-volatility_feedback-agent-volatility_feedback-27",
    "action": "new",
    "side": "sell",
    "price": 65485.99602,
    "quantity": 0.05,
    "remaining_quantity": 0.05
  },
  {
    "event_id": "b958fba6324b083c384498389eabacbb52c1a6400bd3e2f1c94f1c40b22e7655",
    "schema_version": "1.0.0",
    "event_type": "agent_order",
    "source": "synthetic_agent",
    "symbol": "BTCUSDT",
    "exchange": "binance_usdm",
    "timestamp": "2024-05-01T00:00:00.560000Z",
    "sequence": 28,
    "scenario_id": "scenario-587-volatility_feedback",
    "agent_id": "agent-volatility_feedback",
    "order_id": "scenario-587-volatility_feedback-agent-volatility_feedback-28",
    "action": "new",
    "side": "buy",
    "price": 65689.31572,
    "quantity": 0.02,
    "remaining_quantity": 0.02
  },
  {
    "event_id": "af8d53fec87e5c777fa7c94f177fc88e90bbf9fd4b62a457addbbee435374b72",
    "schema_version": "1.0.0",
    "event_type": "agent_order",
    "source": "synthetic_agent",
    "symbol": "BTCUSDT",
    "exchange": "binance_usdm",
    "timestamp": "2024-05-01T00:00:00.580000Z",
    "sequence": 29,
    "scenario_id": "scenario-587-volatility_feedback",
    "agent_id": "agent-volatility_feedback",
    "order_id": "scenario-587-volatility_feedback-agent-volatility_feedback-29",
    "action": "new",
    "side": "sell",
    "price": 65483.37254,
    "quantity": 0.03,
    "remaining_quantity": 0.03
  }
]