[
  {
    "event_id": "8c5d9bc26f72f3d42f49b809b6d91fb911e81ee18f81c537ef0fe9537484cc30",
    "schema_version": "1.0.0",
    "event_type": "agent_order",
    "source": "synthetic_agent",
    "symbol": "BTCUSDT",
    "exchange": "binance_usdm",
    "timestamp": "2024-05-01T00:00:00Z",
    "sequence": 0,
    "scenario_id": "scenario-220-quote_stuffing",
    "agent_id": "agent-quote_stuffing",
    "order_id": "scenario-220-quote_stuffing-agent-quote_stuffing-0",
    "action": "new",
    "side": "buy",
    "price": 65213.478,
    "quantity": 0.001,
    "remaining_quantity": 0.001
  },
  {
    "event_id": "79d017879b106116e9f92503f5b4e2b60cea07eb11307426db022439eba833cf",
    "schema_version": "1.0.0",
    "event_type": "agent_order",
    "source": "synthetic_agent",
    "symbol": "BTCUSDT",
    "exchange": "binance_usdm",
    "timestamp": "2024-05-01T00:00:00.005000Z",
    "sequence": 1,
    "scenario_id": "scenario-220-quote_stuffing",
    "agent_id": "agent-quote_stuffing",
    "order_id": "scenario-220-quote_stuffing-agent-quote_stuffing-1",
    "action": "new",
    "side": "sell",
    "price": 65226.522,
    "quantity": 0.001,
    "remaining_quantity": 0.001
  },
  {
    "event_id": "4b6c94fe3e7e07fb0e5040255be6364394854a538e7f7d9431f31f9564f9b3f6",
    "schema_version": "1.0.0",
    "event_type": "agent_order",
    "source": "synthetic_agent",
    "symbol": "BTCUSDT",
    "exchange": "binance_usdm",
    "timestamp": "2024-05-01T00:00:00.010000Z",
    "sequence": 2,
    "scenario_id": "scenario-220-quote_stuffing",
    "agent_id": "agent-quote_stuffing",
    "order_id": "scenario-220-quote_stuffing-agent-quote_stuffing-2",
    "action": "new",
    "side": "buy",
    "price": 65213.478,
    "quantity": 0.001,
    "remaining_quantity": 0.001
  },
  {
    "event_id": "c4ed282422580baba8eeffbf515aea3b761fe487539880f902a5433b014b715d",
    "schema_version": "1.0.0",
    "event_type": "agent_order",
    "source": "synthetic_agent",
    "symbol": "BTCUSDT",
    "exchange": "binance_usdm",
    "timestamp": "2024-05-01T00:00:00.015000Z",
    "sequence": 3,
    "scenario_id": "scenario-220-quote_stuffing",
    "agent_id": "agent-quote_stuffing",
    "order_id": "scenario-220-quote_stuffing-agent-quote_stuffing-3",
    "action": "new",
    "side": "sell",
    "price": 65226.522,
    "quantity": 0.001,
    "remaining_quantity": 0.001
  },
  {
    "event_id": "962bd658d12f7744ffcf89361259fa15c3988310bb3a9e9cb75860d52be3cdb1",
    "schema_version": "1.0.0",
    "event_type": "agent_order",
    "source": "synthetic_agent",
    "symbol": "BTCUSDT",
    "exchange": "binance_usdm",
    "timestamp": "2024-05-01T00:00:00.020000Z",
    "sequence": 4,
    "scenario_id": "scenario-220-quote_stuffing",
    "agent_id": "agent-quote_stuffing",
    "order_id": "scenario-220-quote_stuffing-agent-quote_stuffing-4",
    "action": "new",
    "side": "buy",
    "price": 65213.478,
    "quantity": 0.001,
    "remaining_quantity": 0.001
  },
  {
    "event_id": "8bff7f655820a3c184a458c46c7cb167a75cfd9d04e9fea57fee926aacbe74b9",
    "schema_version": "1.0.0",
    "event_type": "agent_order",
    "source": "synthetic_agent",
    "symbol": "BTCUSDT",
    "exchange": "binance_usdm",
    "timestamp": "2024-05-01T00:00:00.025000Z",
    "sequence": 5,
    "scenario_id": "scenario-220-quote_stuffing",
    "agent_id": "agent-quote_stuffing",
    "order_id": "scenario-220-quote_stuffing-agent-quote_stuffing-5",
    "action": "new",
    "side": "sell",
    "price": 65226.522,
    "quantity": 0.001,
    "remaining_quantity": 0.001
  },
  {
    "event_id": "433a394fd7f8b1bdf2a17493dcebc46b7121353fdc189f35d46adfa41444cb4d",
    "schema_version": "1.0.0",
    "event_type": "agent_order",
    "source": "synthetic_agent",
    "symbol": "BTCUSDT",
    "exchange": "binance_usdm",
    "timestamp": "2024-05-01T00:00:00.030000Z",
    "sequence": 6,
    "scenario_id": "scenario-220-quote_stuffing",
    "agent_id": "agent-quote_stuffing",
    "order_id": "scenario-220-quote_stuffing-agent-quote_stuffing-6",
    "action": "new",
    "side": "buy",
    "price": 65213.478,
    "quantity": 0.001,
    "remaining_quantity": 0.001
  },
  {
    "event_id": "7dee3a107c52e64a42f23781e09e4806f0b9070450e75e15c9baf973ac6e48bf",
    "schema_version": "1.0.0",
    "event_type": "agent_order",
    "source": "synthetic_agent",
    "symbol": "BTCUSDT",
    "exchange": "binance_usdm",
    "timestamp": "2024-05-01T00:00:00.035000Z",
    "sequence": 7,
    "scenario_id": "scenario-220-quote_stuffing",
    "agent_id": "agent-quote_stuffing",
    "order_id": "scenario-220-quote_stuffing-agent-quote_stuffing-7",
    "action": "new",
    "side": "sell",
    "price": 65226.522,
    "quantity": 0.001,
    "remaining_quantity": 0.001
  },
  {
    "event_id": "5b92b8e156b43209a4a5630273b100a4f4b3ca5306cacc808ab94d8d77557944",
    "schema_version": "1.0.0",
    "event_type": "agent_order",
    "source": "synthetic_agent",
    "symbol": "BTCUSDT",
    "exchange": "binance_usdm",
    "timestamp": "2024-05-01T00:00:00.040000Z",
    "sequence": 8,
    "scenario_id": "scenario-220-quote_stuffing",
    "agent_id": "agent-quote_stuffing",
    "order_id": "scenario-220-quote_stuffing-agent-quote_stuffing-8",
    "action": "new",
    "side": "buy",
    "price": 65213.478,
    "quantity": 0.001,
    "remaining_quantity": 0.001
  },
  {
    "event_id": "39753e7bb9c51664089bb9a3178127c0640b911151f5d0a2d1af205584e6ecff",
    "schema_version": "1.0.0",
    "event_type": "agent_order",
    "source": "synthetic_agent",
    "symbol": "BTCUSDT",
    "exchange": "binance_usdm",
    "timestamp": "2024-05-01T00:00:00.045000Z",
    "sequence": 9,
    "scenario_id": "scenario-220-quote_stuffing",
    "agent_id": "agent-quote_stuffing",
    "order_id": "scenario-220-quote_stuffing-agent-quote_stuffing-9",
    "action": "new",
    "side": "sell",
    "price": 65226.522,
    "quantity": 0.001,
    "remaining_quantity": 0.001
  },
  {
    "event_id": "fbd79105a2d91b615b7120ebb8ead4e0d8387c6c7cc8e18558ec6b19d2862bac",
    "schema_version": "1.0.0",
    "event_type": "agent_order",
    "source": "synthetic_agent",
    "symbol": "BTCUSDT",
    "exchange": "binance_usdm",
    "timestamp": "2024-05-01T00:00:00.050000Z",
    "sequence": 10,
    "scenario_id": "scenario-220-quote_stuffing",
    "agent_id": "agent-quote_stuffing",
    "order_id": "scenario-220-quote_stuffing-agent-quote_stuffing-10",
    "action": "new",
    "side": "buy",
    "price": 65213.478,
    "quantity": 0.001,
    "remaining_quantity": 0.001
  },
  {
    "event_id": "8d852a7d9ac16c47b4d24300f77ed8ebeba4231d5ee6bc90ab2be38f9a96ed7d",
    "schema_version": "1.0.0",
    "event_type": "agent_order",
    "source": "synthetic_agent",
    "symbol": "BTCUSDT",
    "exchange": "binance_usdm",
    "timestamp": "2024-05-01T00:00:00.055000Z",
    "sequence": 11,
    "scenario_id": "scenario-220-quote_stuffing",
    "agent_id": "agent-quote_stuffing",
    "order_id": "scenario-220-quote_stuffing-agent-quote_stuffing-11",
    "action": "new",
    "side": "sell",
    "price": 65226.522,
    "quantity": 0.001,
    "remaining_quantity": 0.001
  },
  {
    "event_id": "652aeb54d9cc690eadda8f62fcb2027f87da06c331527e290f057bf71e6cfe5c",
    "schema_version": "1.0.0",
    "event_type": "agent_order",
    "source": "synthetic_agent",
    "symbol": "BTCUSDT",
    "exchange": "binance_usdm",
    "timestamp": "2024-05-01T00:00:00.060000Z",
    "sequence": 12,
    "scenario_id": "scenario-220-quote_stuffing",
    "agent_id": "agent-quote_stuffing",
    "order_id": "scenario-220-quote_stuffing-agent-quote_stuffing-12",
    "action": "new",
    "side": "buy",
    "price": 65213.478,
    "quantity": 0.001,
    "remaining_quantity": 0.001
  },
  {
    "event_id": "7edbc8fcb34e8794ae46a5584a960fde43034089cfbea8e710a9e83dd1e34bf9",
    "schema_version": "1.0.0",
    "event_type": "agent_order",
    "source": "synthetic_agent",
    "symbol": "BTCUSDT",
    "exchange": "binance_usdm",
    "timestamp": "2024-05-01T00:00:00.065000Z",
    "sequence": 13,
    "scenario_id": "scenario-220-quote_stuffing",
    "agent_id": "agent-quote_stuffing",
    "order_id": "scenario-220-quote_stuffing-agent-quote_stuffing-13",
    "action": "new",
    "side": "sell",
    "price": 65226.522,
    "quantity": 0.001,
    "remaining_quantity": 0.001
  },
  {
    "event_id": "2af5fae1f98796f88f239c474a5ee0df1ffce1ddb3dace22768d697b25342084",
    "schema_version": "1.0.0",
    "event_type": "agent_order",
    "source": "synthetic_agent",
    "symbol": "BTCUSDT",
    "exchange": "binance_usdm",
    "timestamp": "2024-05-01T00:00:00.070000Z",
    "sequence": 14,
    "scenario_id": "scenario-220-quote_stuffing",
    "agent_id": "agent-quote_stuffing",
    "order_id": "scenario-220-quote_stuffing-agent-quote_stuffing-14",
    "action": "new",
    "side": "buy",
    "price": 65213.478,
    "quantity": 0.001,
    "remaining_quantity": 0.001
  },
  {
    "event_id": "4d8d38ab3740a3f58ed0c1f848fe2eb7f0d380df660bf9ff04dd7120dda76ce1",
    "schema_version": "1.0.0",
    "event_type": "agent_order",
    "source": "synthetic_agent",
    "symbol": "BTCUSDT",
    "exchange": "binance_usdm",
    "timestamp": "2024-05-01T00:00:00.075000Z",
    "sequence": 15,
    "scenario_id": "scenario-220-quote_stuffing",
    "agent_id": "agent-quote_stuffing",
    "order_id": "scenario-220-quote_stuffing-agent-quote_stuffing-15",
    "action": "new",
    "side": "sell",
    "price": 65226.522,
    "quantity": 0.001,
    "remaining_quantity": 0.001
  },
  {
    "event_id": "b623fd1481acb5ca509fe144867304833661a0f1a5c1e665834fa1b81275f656",
    "schema_version": "1.0.0",
    "event_type": "agent_order",
    "source": "synthetic_agent",
    "symbol": "BTCUSDT",
    "exchange": "binance_usdm",
    "timestamp": "2024-05-01T00:00:00.080000Z",
    "sequence": 16,
    "scenario_id": "scenario-220-quote_stuffing",
    "agent_id": "agent-quote_stuffing",
    "order_id": "scenario-220-quote_stuffing-agent-quote_stuffing-16",
    "action": "new",
    "side": "buy",
    "price": 65213.478,
    "quantity": 0.001,
    "remaining_quantity": 0.001
  },
  {
    "event_id": "2399c48ff1d7079a53d13ef18c3058ec7e65f7f41746a31bcfd1b507d9f492bb",
    "schema_version": "1.0.0",
    "event_type": "agent_order",
    "source": "synthetic_agent",
    "symbol": "BTCUSDT",
    "exchange": "binance_usdm",
    "timestamp": "2024-05-01T00:00:00.085000Z",
    "sequence": 17,
    "scenario_id": "scenario-220-quote_stuffing",
    "agent_id": "agent-quote_stuffing",
    "order_id": "scenario-220-quote_stuffing-agent-quote_stuffing-17",
    "action": "new",
    "side": "sell",
    "price": 65226.522,
    "quantity": 0.001,
    "remaining_quantity": 0.001
  },
  {
    "event_id": "d07feb4e8188d3bb4c1521372938e069da3f20a9bb2ecf31ae5b6de0a2f6868b",
    "schema_version": "1.0.0",
    "event_type": "agent_order",
    "source": "synthetic_agent",
    "symbol": "BTCUSDT",
    "exchange": "binance_usdm",
    "timestamp": "2024-05-01T00:00:00.090000Z",
    "sequence": 18,
    "scenario_id": "scenario-220-quote_stuffing",
    "agent_id": "agent-quote_stuffing",
    "order_id": "scenario-220-quote_stuffing-agent-quote_stuffing-18",
    "action": "new",
    "side": "buy",
    "price": 65213.478,
    "quantity": 0.001,
    "remaining_quantity": 0.001
  },
  {
    "event_id": "190a0da3fa629f0037f06a814178673cc14015d15e677c810b27cee889eb2d9d",
    "schema_version": "1.0.0",
    "event_type": "agent_order",
    "source": "synthetic_agent",
    "symbol": "BTCUSDT",
    "exchange": "binance_usdm",
    "timestamp": "2024-05-01T00:00:00.095000Z",
    "sequence": 19,
    "scenario_id": "scenario-220-quote_stuffing",
    "agent_id": "agent-quote_stuffing",
    "order_id": "scenario-220-quote_stuffing-agent-quote_stuffing-19",
    "action": "new",
    "side": "sell",
    "price": 65226.522,
    "quantity": 0.001,
    "remaining_quantity": 0.001
  },
  {
    "event_id": "7efd967026c8e95a198ca36ad31e7646b7995ad1100fd3a39f8d8b0eb3831682",
    "schema_version": "1.0.0",
    "event_type": "agent_order",
    "source": "synthetic_agent",
    "symbol": "BTCUSDT",
    "exchange": "binance_usdm",
    "timestamp": "2024-05-01T00:00:00.100000Z",
    "sequence": 20,
    "scenario_id": "scenario-220-quote_stuffing",
    "agent_id": "agent-quote_stuffing",
    "order_id": "scenario-220-quote_stuffing-agent-quote_stuffing-20",
    "action": "new",
    "side": "buy",
    "price": 65213.478,
    "quantity": 0.001,
    "remaining_quantity": 0.001
  },
  {
    "event_id": "eed3bfb53b20dd11a7289314bc27dd3ae403e77c38d4f8db3888c45d34717bc9",
    "schema_version": "1.0.0",
    "event_type": "agent_order",
    "source": "synthetic_agent",
    "symbol": "BTCUSDT",
    "exchange": "binance_usdm",
    "timestamp": "2024-05-01T00:00:00.105000Z",
    "sequence": 21,
    "scenario_id": "scenario-220-quote_stuffing",
    "agent_id": "agent-quote_stuffing",
    "order_id": "scenario-220-quote_stuffing-agent-quote_stuffing-21",
    "action": "new",
    "side": "sell",
    "price": 65226.522,
    "quantity": 0.001,
    "remaining_quantity": 0.001
  },
  {
    "event_id": "89d3e9da9f0c0ceb19fe20b0880e8705303cc86f00da12c5238d6b0435a0a48a",
    "schema_version": "1.0.0",
    "event_type": "agent_order",
    "source": "synthetic_agent",
    "symbol": "BTCUSDT",
    "exchange": "binance_usdm",
    "timestamp": "2024-05-01T00:00:00.110000Z",
    "sequence": 22,
    "scenario_id": "scenario-220-quote_stuffing",
    "agent_id": "agent-quote_stuffing",
    "order_id": "scenario-220-quote_stuffing-agent-quote_stuffing-22",
    "action": "new",
    "side": "buy",
    "price": 65213.478,
    "quantity": 0.001,
    "remaining_quantity": 0.001
  },
  {
    "event_id": "25803fb8a3767718e75769a6274a681a724b9d3ad374b7dc7126b237cb5151b3",
    "schema_version": "1.0.0",
    "event_type": "agent_order",
    "source": "synthetic_agent",
    "symbol": "BTCUSDT",
    "exchange": "binance_usdm",
    "timestamp": "2024-05-01T00:00:00.115000Z",
    "sequence": 23,
    "scenario_id": "scenario-220-quote_stuffing",
    "agent_id": "agent-quote_stuffing",
    "order_id": "scenario-220-quote_stuffing-agent-quote_stuffing-23",
    "action": "new",
    "side": "sell",
    "price": 65226.522,
    "quantity": 0.001,
    "remaining_quantity": 0.001
  },
  {
    "event_id": "bb1ef0efda3f434003d899cf81be23330c6dc067122611cd03dc13d42060a6cd",
    "schema_version": "1.0.0",
    "event_type": "agent_order",
    "source": "synthetic_agent",
    "symbol": "BTCUSDT",
    "exchange": "binance_usdm",
    "timestamp": "2024-05-01T00:00:00.120000Z",
    "sequence": 24,
    "scenario_id": "scenario-220-quote_stuffing",
    "agent_id": "agent-quote_stuffing",
    "order_id": "scenario-220-quote_stuffing-agent-quote_stuffing-24",
    "action": "new",
    "side": "buy",
    "price": 65213.478,
    "quantity": 0.001,
    "remaining_quantity": 0.001
  },
  {
    "event_id": "db3bd42d788471aa513d09d98a7dbef659905b9888dc8955b0c383a6939b638a",
    "schema_version": "1.0.0",
    "event_type": "agent_order",
    "source": "synthetic_agent",
    "symbol": "BTCUSDT",
    "exchange": "binance_usdm",
    "timestamp": "2024-05-01T00:00:00.125000Z",
    "sequence": 25,
    "scenario_id": "scenario-220-quote_stuffing",
    "agent_id": "agent-quote_stuffing",
    "order_id": "scenario-220-quote_stuffing-agent-quote_stuffing-25",
    "action": "new",
    "side": "sell",
    "price": 65226.522,
    "quantity": 0.001,
    "remaining_quantity": 0.001
  },
  {
    "event_id": "131693fdc08c1c3e1159aee2262c5111b8915c45bd33444f3cd8b3076b5460f1",
    "schema_version": "1.0.0",
    "event_type": "agent_order",
    "source": "synthetic_agent",
    "symbol": "BTCUSDT",
    "exchange": "binance_usdm",
    "timestamp": "2024-05-01T00:00:00.130000Z",
    "sequence": 26,
    "scenario_id": "scenario-220-quote_stuffing",
    "agent_id": "agent-quote_stuffing",
    "order_id": "scenario-220-quote_stuffing-agent-quote_stuffing-26",
    "action": "new",
    "side": "buy",
    "price": 65213.478,
    "quantity": 0.001,
    "remaining_quantity": 0.001
  },
  {
    "event_id": "b88a7ceb8593aeefb5ae2bf6fa222d6b63bf3ae9c797fad71137e9b399ae2a0f",
    "schema_version": "1.0.0",
    "event_type": "agent_order",
    "source": "synthetic_agent",
    "symbol": "BTCUSDT",
    "exchange": "binance_usdm",
    "timestamp": "2024-05-01T00:00:00.135000Z",
    "sequence": 27,
    "scenario_id": "scenario-220-quote_stuffing",
    "agent_id": "agent-quote_stuffing",
    "order_id": "scenario-220-quote_stuffing-agent-quote_stuffing-27",
    "action": "new",
    "side": "sell",
    "price": 65226.522,
    "quantity": 0.001,
    "remaining_quantity": 0.001
  },
  {
    "event_id": "a83dc7dfe11f1ba624501d7bca1a0db2009b4dae6c4c500b903c433095f97047",
    "schema_version": "1.0.0",
    "event_type": "agent_order",
    "source": "synthetic_agent",
    "symbol": "BTCUSDT",
    "exchange": "binance_usdm",
    "timestamp": "2024-05-01T00:00:00.140000Z",
    "sequence": 28,
    "scenario_id": "scenario-220-quote_stuffing",
    "agent_id": "agent-quote_stuffing",
    "order_id": "scenario-220-quote_stuffing-agent-quote_stuffing-28",
    "action": "new",
    "side": "buy",
    "price": 65213.478,
    "quantity": 0.001,
    "remaining_quantity": 0.001
  },
  {
    "event_id": "229f2452bb6245f2ac806412dd3973c8a55887ab600ceded70020d4392089881",
    "schema_version": "1.0.0",
    "event_type": "agent_order",
    "source": "synthetic_agent",
    "symbol": "BTCUSDT",
    "exchange": "binance_usdm",
    "timestamp": "2024-05-01T00:00:00.145000Z",
    "sequence": 29,
    "scenario_id": "scenario-220-quote_stuffing",
    "agent_id": "agent-quote_stuffing",
    "order_id": "scenario-220-quote_stuffing-agent-quote_stuffing-29",
    "action": "new",
    "side": "sell",
    "price": 65226.522,
    "quantity": 0.001,
    "remaining_quantity": 0.001
  }
]