[
  {
    "event_id": "c5293352a9fc35dae339812274738aedb950747312fe26a9db441eb599e49d5e",
    "schema_version": "1.0.0",
    "event_type": "agent_order",
    "source": "synthetic_agent",
    "symbol": "BTCUSDT",
    "exchange": "binance_usdm",
    "timestamp": "2024-05-01T00:00:00Z",
    "sequence": 0,
    "scenario_id": "scenario-478-runaway_inventory",
    "agent_id": "agent-runaway_inventory",
    "order_id": "scenario-478-runaway_inventory-agent-runaway_inventory-0",
    "action": "new",
    "side": "buy",
    "price": 65478.0,
    "quantity": 0.01,
    "remaining_quantity": 0.01
  },
  {
    "event_id": "ea46f3ac08151f09af4eb7e430c808ddef954c714b69a9153d5a06921e1fdceb",
    "schema_version": "1.0.0",
    "event_type": "agent_order",
    "source": "synthetic_agent",
    "symbol": "BTCUSDT",
    "exchange": "binance_usdm",
    "timestamp": "2024-05-01T00:00:00.070000Z",
    "sequence": 1,
    "scenario_id": "scenario-478-runaway_inventory",
    "agent_id": "agent-runaway_inventory",
    "order_id": "scenario-478-runaway_inventory-agent-runaway_inventory-1",
    "action": "new",
    "side": "buy",
    "price": 65479.96434,
    "quantity": 0.012,
    "remaining_quantity": 0.012
  },
  {
    "event_id": "73929d2bfc91456e8f770a58a030f5a1b845ea27cc6206f16371f7d517143188",
    "schema_version": "1.0.0",
    "event_type": "agent_order",
    "source": "synthetic_agent",
    "symbol": "BTCUSDT",
    "exchange": "binance_usdm",
    "timestamp": "2024-05-01T00:00:00.140000Z",
    "sequence": 2,
    "scenario_id": "scenario-478-runaway_inventory",
    "agent_id": "agent-runaway_inventory",
    "order_id": "scenario-478-runaway_inventory-agent-runaway_inventory-2",
    "action": "new",
    "side": "buy",
    "price": 65481.92868,
    "quantity": 0.014,
    "remaining_quantity": 0.014
  },
  {
    "event_id": "1e51c4da5c306ed866526d4935f4544fcdcdebe30f0ab218044917732d6aef41",
    "schema_version": "1.0.0",
    "event_type": "agent_order",
    "source": "synthetic_agent",
    "symbol": "BTCUSDT",
    "exchange": "binance_usdm",
    "timestamp": "2024-05-01T00:00:00.210000Z",
    "sequence": 3,
    "scenario_id": "scenario-478-runaway_inventory",
    "agent_id": "agent-runaway_inventory",
    "order_id": "scenario-478-runaway_inventory-agent-runaway_inventory-3",
    "action": "new",
    "side": "buy",
    "price": 65483.893019999996,
    "quantity": 0.016,
    "remaining_quantity": 0.016
  },
  {
    "event_id": "86f015a063891abe89b0ddaa375eb9ddd24f414a7d8f166b3a976ff1f653a35a",
    "schema_version": "1.0.0",
    "event_type": "agent_order",
    "source": "synthetic_agent",
    "symbol": "BTCUSDT",
    "exchange": "binance_usdm",
    "timestamp": "2024-05-01T00:00:00.280000Z",
    "sequence": 4,
    "scenario_id": "scenario-478-runaway_inventory",
    "agent_id": "agent-runaway_inventory",
    "order_id": "scenario-478-runaway_inventory-agent-runaway_inventory-4",
    "action": "new",
    "side": "buy",
    "price": 65485.857359999995,
    "quantity": 0.018000000000000002,
    "remaining_quantity": 0.018000000000000002
  },
  {
    "event_id": "db2fe0a8f35ab357cfa12359c9f43f6d8ff7ceaa98d2efdafcfc86d406b88a45",
    "schema_version": "1.0.0",
    "event_type": "agent_order",
    "source": "synthetic_agent",
    "symbol": "BTCUSDT",
    "exchange": "binance_usdm",
    "timestamp": "2024-05-01T00:00:00.350000Z",
    "sequence": 5,
    "scenario_id": "scenario-478-runaway_inventory",
    "agent_id": "agent-runaway_inventory",
    "order_id": "scenario-478-runaway_inventory-agent-runaway_inventory-5",
    "action": "new",
    "side": "buy",
    "price": 65487.82170000001,
    "quantity": 0.02,
    "remaining_quantity": 0.02
  },
  {
    "event_id": "16c36c71743a71b25aea7019aed5023ea9a928e2f9dd03574cb1da52d4414f22",
    "schema_version": "1.0.0",
    "event_type": "agent_order",
    "source": "synthetic_agent",
    "symbol": "BTCUSDT",
    "exchange": "binance_usdm",
    "timestamp": "2024-05-01T00:00:00.420000Z",
    "sequence": 6,
    "scenario_id": "scenario-478-runaway_inventory",
    "agent_id": "agent-runaway_inventory",
    "order_id": "scenario-478-runaway_inventory-agent-runaway_inventory-6",
    "action": "new",
    "side": "buy",
    "price": 65489.786040000006,
    "quantity": 0.022,
    "remaining_quantity": 0.022
  },
  {
    "event_id": "d770071b633e4a6e0f35af175f70d102013a8a68451e45ef0b3cc94a5dfc40d4",
    "schema_version": "1.0.0",
    "event_type": "agent_order",
    "source": "synthetic_agent",
    "symbol": "BTCUSDT",
    "exchange": "binance_usdm",
    "timestamp": "2024-05-01T00:00:00.490000Z",
    "sequence": 7,
    "scenario_id": "scenario-478-runaway_inventory",
    "agent_id": "agent-runaway_inventory",
    "order_id": "scenario-478-runaway_inventory-agent-runaway_inventory-7",
    "action": "new",
    "side": "buy",
    "price": 65491.750380000005,
    "quantity": 0.024,
    "remaining_quantity": 0.024
  },
  {
    "event_id": "8d93085be25d7ee931ba7e1671f870aeb35313b15ae84c4b59514a1efa416bb1",
    "schema_version": "1.0.0",
    "event_type": "agent_order",
    "source": "synthetic_agent",
    "symbol": "BTCUSDT",
    "exchange": "binance_usdm",
    "timestamp": "2024-05-01T00:00:00.560000Z",
    "sequence": 8,
    "scenario_id": "scenario-478-runaway_inventory",
    "agent_id": "agent-runaway_inventory",
    "order_id": "scenario-478-runaway_inventory-agent-runaway_inventory-8",
    "action": "new",
    "side": "buy",
    "price": 65493.71472,
    "quantity": 0.026000000000000002,
    "remaining_quantity": 0.026000000000000002
  },
  {
    "event_id": "9e172baa6e8b050fb2005c4ecb3ae5f4095aba8a352525e9ca70c2fa8545ab51",
    "schema_version": "1.0.0",
    "event_type": "agent_order",
    "source": "synthetic_agent",
    "symbol": "BTCUSDT",
    "exchange": "binance_usdm",
    "timestamp": "2024-05-01T00:00:00.630000Z",
    "sequence": 9,
    "scenario_id": "scenario-478-runaway_inventory",
    "agent_id": "agent-runaway_inventory",
    "order_id": "scenario-478-runaway_inventory-agent-runaway_inventory-9",
    "action": "new",
    "side": "buy",
    "price": 65495.67906,
    "quantity": 0.028000000000000004,
    "remaining_quantity": 0.028000000000000004
  },
  {
    "event_id": "ff223b007a3fcd83fcf09133ec6aa1fdc0cc561070ecd1a975d95fda73ae6d9d",
    "schema_version": "1.0.0",
    "event_type": "agent_order",
    "source": "synthetic_agent",
    "symbol": "BTCUSDT",
    "exchange": "binance_usdm",
    "timestamp": "2024-05-01T00:00:00.700000Z",
    "sequence": 10,
    "scenario_id": "scenario-478-runaway_inventory",
    "agent_id": "agent-runaway_inventory",
    "order_id": "scenario-478-runaway_inventory-agent-runaway_inventory-10",
    "action": "new",
    "side": "buy",
    "price": 65497.6434,
    "quantity": 0.03,
    "remaining_quantity": 0.03
  },
  {
    "event_id": "cafde2245abee8086eba0f6078b9fbfacf00483f10245ff7d5249908679ee173",
    "schema_version": "1.0.0",
    "event_type": "agent_order",
    "source": "synthetic_agent",
    "symbol": "BTCUSDT",
    "exchange": "binance_usdm",
    "timestamp": "2024-05-01T00:00:00.770000Z",
    "sequence": 11,
    "scenario_id": "scenario-478-runaway_inventory",
    "agent_id": "agent-runaway_inventory",
    "order_id": "scenario-478-runaway_inventory-agent-runaway_inventory-11",
    "action": "new",
    "side": "buy",
    "price": 65499.60774,
    "quantity": 0.032,
    "remaining_quantity": 0.032
  },
  {
    "event_id": "e7bbde0f7c70a139fd51c9020ce37736c1e8345d09fa0ed6c5c969b77970b929",
    "schema_version": "1.0.0",
    "event_type": "agent_order",
    "source": "synthetic_agent",
    "symbol": "BTCUSDT",
    "exchange": "binance_usdm",
    "timestamp": "2024-05-01T00:00:00.840000Z",
    "sequence": 12,
    "scenario_id": "scenario-478-runaway_inventory",
    "agent_id": "agent-runaway_inventory",
    "order_id": "scenario-478-runaway_inventory-agent-runaway_inventory-12",
    "action": "new",
    "side": "buy",
    "price": 65501.57208,
    "quantity": 0.034,
    "remaining_quantity": 0.034
  },
  {
    "event_id": "95d8fecc35ebb7c57a852a21a8dc110117150002659fc0f97925862525840a50",
    "schema_version": "1.0.0",
    "event_type": "agent_order",
    "source": "synthetic_agent",
    "symbol": "BTCUSDT",
    "exchange": "binance_usdm",
    "timestamp": "2024-05-01T00:00:00.910000Z",
    "sequence": 13,
    "scenario_id": "scenario-478-runaway_inventory",
    "agent_id": "agent-runaway_inventory",
    "order_id": "scenario-478-runaway_inventory-agent-runaway_inventory-13",
    "action": "new",
    "side": "buy",
    "price": 65503.53641999999,
    "quantity": 0.036000000000000004,
    "remaining_quantity": 0.036000000000000004
  },
  {
    "event_id": "c976e73dd5701ce1a4c1aef527ec04131b3114706bda60b4a484fab3cb65b873",
    "schema_version": "1.0.0",
    "event_type": "agent_order",
    "source": "synthetic_agent",
    "symbol": "BTCUSDT",
    "exchange": "binance_usdm",
    "timestamp": "2024-05-01T00:00:00.980000Z",
    "sequence": 14,
    "scenario_id": "scenario-478-runaway_inventory",
    "agent_id": "agent-runaway_inventory",
    "order_id": "scenario-478-runaway_inventory-agent-runaway_inventory-14",
    "action": "new",
    "side": "buy",
    "price": 65505.50076,
    "quantity": 0.038,
    "remaining_quantity": 0.038
  },
  {
    "event_id": "92ba8c70f8de06ad66078c8796cd389cf9863319859dcbf810f50d4dbed4a265",
    "schema_version": "1.0.0",
    "event_type": "agent_order",
    "source": "synthetic_agent",
    "symbol": "BTCUSDT",
    "exchange": "binance_usdm",
    "timestamp": "2024-05-01T00:00:01.050000Z",
    "sequence": 15,
    "scenario_id": "scenario-478-runaway_inventory",
    "agent_id": "agent-runaway_inventory",
    "order_id": "scenario-478-runaway_inventory-agent-runaway_inventory-15",
    "action": "new",
    "side": "buy",
    "price": 65507.4651,
    "quantity": 0.04,
    "remaining_quantity": 0.04
  },
  {
    "event_id": "edfb1f86692a421c87e0a6e36de9e1623b24ea260451f0c217c71febcb353f4a",
    "schema_version": "1.0.0",
    "event_type": "agent_order",
    "source": "synthetic_agent",
    "symbol": "BTCUSDT",
    "exchange": "binance_usdm",
    "timestamp": "2024-05-01T00:00:01.120000Z",
    "sequence": 16,
    "scenario_id": "scenario-478-runaway_inventory",
    "agent_id": "agent-runaway_inventory",
    "order_id": "scenario-478-runaway_inventory-agent-runaway_inventory-16",
    "action": "new",
    "side": "buy",
    "price": 65509.42944,
    "quantity": 0.042,
    "remaining_quantity": 0.042
  },
  {
    "event_id": "512e083ac50a586761275744cc8e4f4565eb8a99abf2e9f9214fcd6d29e454dd",
    "schema_version": "1.0.0",
    "event_type": "agent_order",
    "source": "synthetic_agent",
    "symbol": "BTCUSDT",
    "exchange": "binance_usdm",
    "timestamp": "2024-05-01T00:00:01.190000Z",
    "sequence": 17,
    "scenario_id": "scenario-478-runaway_inventory",
    "agent_id": "agent-runaway_inventory",
    "order_id": "scenario-478-runaway_inventory-agent-runaway_inventory-17",
    "action": "new",
    "side": "buy",
    "price": 65511.39378,
    "quantity": 0.044000000000000004,
    "remaining_quantity": 0.044000000000000004
  },
  {
    "event_id": "692689b6d1b345c360fefd852d5a8e74b6b7b702678d88bc61e18bc94a40d8c8",
    "schema_version": "1.0.0",
    "event_type": "agent_order",
    "source": "synthetic_agent",
    "symbol": "BTCUSDT",
    "exchange": "binance_usdm",
    "timestamp": "2024-05-01T00:00:01.260000Z",
    "sequence": 18,
    "scenario_id": "scenario-478-runaway_inventory",
    "agent_id": "agent-runaway_inventory",
    "order_id": "scenario-478-runaway_inventory-agent-runaway_inventory-18",
    "action": "new",
    "side": "buy",
    "price": 65513.35812,
    "quantity": 0.046000000000000006,
    "remaining_quantity": 0.046000000000000006
  },
  {
    "event_id": "4f8128527e99b23e924a7a8f15f7d2acf3d49b4b3af7a3993d28463bcb75b49c",
    "schema_version": "1.0.0",
    "event_type": "agent_order",
    "source": "synthetic_agent",
    "symbol": "BTCUSDT",
    "exchange": "binance_usdm",
    "timestamp": "2024-05-01T00:00:01.330000Z",
    "sequence": 19,
    "scenario_id": "scenario-478-runaway_inventory",
    "agent_id": "agent-runaway_inventory",
    "order_id": "scenario-478-runaway_inventory-agent-runaway_inventory-19",
    "action": "new",
    "side": "buy",
    "price": 65515.322459999996,
    "quantity": 0.048,
    "remaining_quantity": 0.048
  },
  {
    "event_id": "579daec9d021d449e8a7466a2d563e0e79e159bc7dc4bbfd18734db18226789a",
    "schema_version": "1.0.0",
    "event_type": "agent_order",
    "source": "synthetic_agent",
    "symbol": "BTCUSDT",
    "exchange": "binance_usdm",
    "timestamp": "2024-05-01T00:00:01.400000Z",
    "sequence": 20,
    "scenario_id": "scenario-478-runaway_inventory",
    "agent_id": "agent-runaway_inventory",
    "order_id": "scenario-478-runaway_inventory-agent-runaway_inventory-20",
    "action": "new",
    "side": "buy",
    "price": 65517.286799999994,
    "quantity": 0.05,
    "remaining_quantity": 0.05
  },
  {
    "event_id": "7e955d424b1273159371676b0aa856087f0a75fc4681ae2e4bbbeadd778089eb",
    "schema_version": "1.0.0",
    "event_type": "agent_order",
    "source": "synthetic_agent",
    "symbol": "BTCUSDT",
    "exchange": "binance_usdm",
    "timestamp": "2024-05-01T00:00:01.470000Z",
    "sequence": 21,
    "scenario_id": "scenario-478-runaway_inventory",
    "agent_id": "agent-runaway_inventory",
    "order_id": "scenario-478-runaway_inventory-agent-runaway_inventory-21",
    "action": "new",
    "side": "buy",
    "price": 65519.25113999999,
    "quantity": 0.052000000000000005,
    "remaining_quantity": 0.052000000000000005
  },
  {
    "event_id": "c4b09f19560d6452fdf48d8c49802720ad88bff95a77c370933608605a251948",
    "schema_version": "1.0.0",
    "event_type": "agent_order",
    "source": "synthetic_agent",
    "symbol": "BTCUSDT",
    "exchange": "binance_usdm",
    "timestamp": "2024-05-01T00:00:01.540000Z",
    "sequence": 22,
    "scenario_id": "scenario-478-runaway_inventory",
    "agent_id": "agent-runaway_inventory",
    "order_id": "scenario-478-runaway_inventory-agent-runaway_inventory-22",
    "action": "new",
    "side": "buy",
    "price": 65521.215480000006,
    "quantity": 0.054,
    "remaining_quantity": 0.054
  },
  {
    "event_id": "a845e99d6163e74f7e635f98b63e387e90c20c171e63685ed8d0c5c4151804a9",
    "schema_version": "1.0.0",
    "event_type": "agent_order",
    "source": "synthetic_agent",
    "symbol": "BTCUSDT",
    "exchange": "binance_usdm",
    "timestamp": "2024-05-01T00:00:01.610000Z",
    "sequence": 23,
    "scenario_id": "scenario-478-runaway_inventory",
    "agent_id": "agent-runaway_inventory",
    "order_id": "scenario-478-runaway_inventory-agent-runaway_inventory-23",
    "action": "new",
    "side": "buy",
    "price": 65523.179820000005,
    "quantity": 0.056,
    "remaining_quantity": 0.056
  },
  {
    "event_id": "9d37ff7909c85e278bfff3de510b9ee49492d03f25039627e482f7b635897c61",
    "schema_version": "1.0.0",
    "event_type": "agent_order",
    "source": "synthetic_agent",
    "symbol": "BTCUSDT",
    "exchange": "binance_usdm",
    "timestamp": "2024-05-01T00:00:01.680000Z",
    "sequence": 24,
    "scenario_id": "scenario-478-runaway_inventory",
    "agent_id": "agent-runaway_inventory",
    "order_id": "scenario-478-runaway_inventory-agent-runaway_inventory-24",
    "action": "new",
    "side": "buy",
    "price": 65525.14416,
    "quantity": 0.058,
    "remaining_quantity": 0.058
  },
  {
    "event_id": "f3761b0e4ff6cead9e260cc6e671ebc60d3009068d9eb9c2a3152ea88ece3873",
    "schema_version": "1.0.0",
    "event_type": "agent_order",
    "source": "synthetic_agent",
    "symbol": "BTCUSDT",
    "exchange": "binance_usdm",
    "timestamp": "2024-05-01T00:00:01.750000Z",
    "sequence": 25,
    "scenario_id": "scenario-478-runaway_inventory",
    "agent_id": "agent-runaway_inventory",
    "order_id": "scenario-478-runaway_inventory-agent-runaway_inventory-25",
    "action": "new",
    "side": "buy",
    "price": 65527.1085,
    "quantity": 0.060000000000000005,
    "remaining_quantity": 0.060000000000000005
  },
  {
    "event_id": "f9ff4cca58a6445566c72c62aaf855d5bded7f10e6d97dbc205cf0bd3c608b0b",
    "schema_version": "1.0.0",
    "event_type": "agent_order",
    "source": "synthetic_agent",
    "symbol": "BTCUSDT",
    "exchange": "binance_usdm",
    "timestamp": "2024-05-01T00:00:01.820000Z",
    "sequence": 26,
    "scenario_id": "scenario-478-runaway_inventory",
    "agent_id": "agent-runaway_inventory",
    "order_id": "scenario-478-runaway_inventory-agent-runaway_inventory-26",
    "action": "new",
    "side": "buy",
    "price": 65529.07284,
    "quantity": 0.062000000000000006,
    "remaining_quantity": 0.062000000000000006
  },
  {
    "event_id": "97a894a93c9c1e7c203fb69592bd9b0a4a6071265e8c08ef3142c153dc515e44",
    "schema_version": "1.0.0",
    "event_type": "agent_order",
    "source": "synthetic_agent",
    "symbol": "BTCUSDT",
    "exchange": "binance_usdm",
    "timestamp": "2024-05-01T00:00:01.890000Z",
    "sequence": 27,
    "scenario_id": "scenario-478-runaway_inventory",
    "agent_id": "agent-runaway_inventory",
    "order_id": "scenario-478-runaway_inventory-agent-runaway_inventory-27",
    "action": "new",
    "side": "buy",
    "price": 65531.03718,
    "quantity": 0.064,
    "remaining_quantity": 0.064
  },
  {
    "event_id": "4e53bad420dd7c23761c49e9927a2807253756c9f59ee9eb1a10c6ef5da082d5",
    "schema_version": "1.0.0",
    "event_type": "agent_order",
    "source": "synthetic_agent",
    "symbol": "BTCUSDT",
    "exchange": "binance_usdm",
    "timestamp": "2024-05-01T00:00:01.960000Z",
    "sequence": 28,
    "scenario_id": "scenario-478-runaway_inventory",
    "agent_id": "agent-runaway_inventory",
    "order_id": "scenario-478-runaway_inventory-agent-runaway_inventory-28",
    "action": "new",
    "side": "buy",
    "price": 65533.00152,
    "quantity": 0.066,
    "remaining_quantity": 0.066
  },
  {
    "event_id": "cde19eab531f62d6020bf87d113a0f75fc014d8ca47af6440db465f5bfc3a95b",
    "schema_version": "1.0.0",
    "event_type": "agent_order",
    "source": "synthetic_agent",
    "symbol": "BTCUSDT",
    "exchange": "binance_usdm",
    "timestamp": "2024-05-01T00:00:02.030000Z",
    "sequence": 29,
    "scenario_id": "scenario-478-runaway_inventory",
    "agent_id": "agent-runaway_inventory",
    "order_id": "scenario-478-runaway_inventory-agent-runaway_inventory-29",
    "action": "new",
    "side": "buy",
    "price": 65534.96586,
    "quantity": 0.068,
    "remaining_quantity": 0.068
  }
]