[
  {
    "event_id": "0fd2d856d9377b839e5a236ee228760bf7a74c2f6922774d30916f5523e96939",
    "schema_version": "1.0.0",
    "event_type": "agent_order",
    "source": "synthetic_agent",
    "symbol": "BTCUSDT",
    "exchange": "binance_usdm",
    "timestamp": "2024-05-01T00:00:00Z",
    "sequence": 0,
    "scenario_id": "scenario-212-latency_edge",
    "agent_id": "agent-latency_edge",
    "order_id": "scenario-212-latency_edge-agent-latency_edge-0",
    "action": "new",
    "side": "buy",
    "price": 65251.127199999995,
    "quantity": 0.006,
    "remaining_quantity": 0.006
  },
  {
    "event_id": "6025e294e0252e8ac679e9b7ef78204ffbd932448fb0ff5bfbfd5e9d90d651a3",
    "schema_version": "1.0.0",
    "event_type": "agent_order",
    "source": "synthetic_agent",
    "symbol": "BTCUSDT",
    "exchange": "binance_usdm",
    "timestamp": "2024-05-01T00:00:00.008000Z",
    "sequence": 1,
    "scenario_id": "scenario-212-latency_edge",
    "agent_id": "agent-latency_edge",
    "order_id": "scenario-212-latency_edge-agent-latency_edge-1",
    "action": "new",
    "side": "buy",
    "price": 65251.127199999995,
    "quantity": 0.006,
    "remaining_quantity": 0.006
  },
  {
    "event_id": "1015daf6a4981329895b9b19c22734474f90053964fd262bdd087ed69b14c6f7",
    "schema_version": "1.0.0",
    "event_type": "agent_order",
    "source": "synthetic_agent",
    "symbol": "BTCUSDT",
    "exchange": "binance_usdm",
    "timestamp": "2024-05-01T00:00:00.016000Z",
    "sequence": 2,
    "scenario_id": "scenario-212-latency_edge",
    "agent_id": "agent-latency_edge",
    "order_id": "scenario-212-latency_edge-agent-latency_edge-2",
    "action": "new",
    "side": "sell",
    "price": 65172.8728,
    "quantity": 0.006,
    "remaining_quantity": 0.006
  },
  {
    "event_id": "f1707cfc9d910bb28e2762de57303c9f9685b61bbfffe95ea6217107a5c7f739",
    "schema_version": "1.0.0",
    "event_type": "agent_order",
    "source": "synthetic_agent",
    "symbol": "BTCUSDT",
    "exchange": "binance_usdm",
    "timestamp": "2024-05-01T00:00:00.024000Z",
    "sequence": 3,
    "scenario_id": "scenario-212-latency_edge",
    "agent_id": "agent-latency_edge",
    "order_id": "scenario-212-latency_edge-agent-latency_edge-3",
    "action": "new",
    "side": "sell",
    "price": 65172.8728,
    "quantity": 0.006,
    "remaining_quantity": 0.006
  },
  {
    "event_id": "296e7ab699c602db1a87b132a4232aff0b28566a3a7ff1fce39a6668e248df45",
    "schema_version": "1.0.0",
    "event_type": "agent_order",
    "source": "synthetic_agent",
    "symbol": "BTCUSDT",
    "exchange": "binance_usdm",
    "timestamp": "2024-05-01T00:00:00.032000Z",
    "sequence": 4,
    "scenario_id": "scenario-212-latency_edge",
    "agent_id": "agent-latency_edge",
    "order_id": "scenario-212-latency_edge-agent-latency_edge-4",
    "action": "new",
    "side": "buy",
    "price": 65251.127199999995,
    "quantity": 0.006,
    "remaining_quantity": 0.006
  },
  {
    "event_id": "e2e7b860db271f3b1e3b4487f2c3d5204130483ed7291b2a225c0be91ea0f515",
    "schema_version": "1.0.0",
    "event_type": "agent_order",
    "source": "synthetic_agent",
    "symbol": "BTCUSDT",
    "exchange": "binance_usdm",
    "timestamp": "2024-05-01T00:00:00.040000Z",
    "sequence": 5,
    "scenario_id": "scenario-212-latency_edge",
    "agent_id": "agent-latency_edge",
    "order_id": "scenario-212-latency_edge-agent-latency_edge-5",
    "action": "new",
    "side": "buy",
    "price": 65251.127199999995,
    "quantity": 0.006,
    "remaining_quantity": 0.006
  },
  {
    "event_id": "05c241ce2953eaeb5d8a5030b8621ee220e2c064589e316ab5cd5602af0a7c5e",
    "schema_version": "1.0.0",
    "event_type": "agent_order",
    "source": "synthetic_agent",
    "symbol": "BTCUSDT",
    "exchange": "binance_usdm",
    "timestamp": "2024-05-01T00:00:00.048000Z",
    "sequence": 6,
    "scenario_id": "scenario-212-latency_edge",
    "agent_id": "agent-latency_edge",
    "order_id": "scenario-212-latency_edge-agent-latency_edge-6",
    "action": "new",
    "side": "sell",
    "price": 65172.8728,
    "quantity": 0.006,
    "remaining_quantity": 0.006
  },
  {
    "event_id": "76d0440849068224709c0f8f226fe850f33001411e89375f45e3b8ce2c69cc78",
    "schema_version": "1.0.0",
    "event_type": "agent_order",
    "source": "synthetic_agent",
    "symbol": "BTCUSDT",
    "exchange": "binance_usdm",
    "timestamp": "2024-05-01T00:00:00.056000Z",
    "sequence": 7,
    "scenario_id": "scenario-212-latency_edge",
    "agent_id": "agent-latency_edge",
    "order_id": "scenario-212-latency_edge-agent-latency_edge-7",
    "action": "new",
    "side": "sell",
    "price": 65172.8728,
    "quantity": 0.006,
    "remaining_quantity": 0.006
  },
  {
    "event_id": "43e851c5045e1e2faebf10db960b79dfa7e9ae88f3f9a0ea2b9c6a352f5c0a8d",
    "schema_version": "1.0.0",
    "event_type": "agent_order",
    "source": "synthetic_agent",
    "symbol": "BTCUSDT",
    "exchange": "binance_usdm",
    "timestamp": "2024-05-01T00:00:00.064000Z",
    "sequence": 8,
    "scenario_id": "scenario-212-latency_edge",
    "agent_id": "agent-latency_edge",
    "order_id": "scenario-212-latency_edge-agent-latency_edge-8",
    "action": "new",
    "side": "buy",
    "price": 65251.127199999995,
    "quantity": 0.006,
    "remaining_quantity": 0.006
  },
  {
    "event_id": "fdc74dfe3dcf98871b1fb83121839a6dc0afa0e8b282e63e736e008345043f40",
    "schema_version": "1.0.0",
    "event_type": "agent_order",
    "source": "synthetic_agent",
    "symbol": "BTCUSDT",
    "exchange": "binance_usdm",
    "timestamp": "2024-05-01T00:00:00.072000Z",
    "sequence": 9,
    "scenario_id": "scenario-212-latency_edge",
    "agent_id": "agent-latency_edge",
    "order_id": "scenario-212-latency_edge-agent-latency_edge-9",
    "action": "new",
    "side": "buy",
    "price": 65251.127199999995,
    "quantity": 0.006,
    "remaining_quantity": 0.006
  },
  {
    "event_id": "4251bfa9517e7f777b79a5b42c95b4b7217dca06efa948b7891a9731224c0b0c",
    "schema_version": "1.0.0",
    "event_type": "agent_order",
    "source": "synthetic_agent",
    "symbol": "BTCUSDT",
    "exchange": "binance_usdm",
    "timestamp": "2024-05-01T00:00:00.080000Z",
    "sequence": 10,
    "scenario_id": "scenario-212-latency_edge",
    "agent_id": "agent-latency_edge",
    "order_id": "scenario-212-latency_edge-agent-latency_edge-10",
    "action": "new",
    "side": "sell",
    "price": 65172.8728,
    "quantity": 0.006,
    "remaining_quantity": 0.006
  },
  {
    "event_id": "006ac85166bf844d376968daf907e10003e2688f26d0a45cbe78fb2716ae1ffb",
    "schema_version": "1.0.0",
    "event_type": "agent_order",
    "source": "synthetic_agent",
    "symbol": "BTCUSDT",
    "exchange": "binance_usdm",
    "timestamp": "2024-05-01T00:00:00.088000Z",
    "sequence": 11,
    "scenario_id": "scenario-212-latency_edge",
    "agent_id": "agent-latency_edge",
    "order_id": "scenario-212-latency_edge-agent-latency_edge-11",
    "action": "new",
    "side": "sell",
    "price": 65172.8728,
    "quantity": 0.006,
    "remaining_quantity": 0.006
  },
  {
    "event_id": "723f8f70c21e0c7773e048cce68c820d107bb526dabbeefa82048de115c67e71",
    "schema_version": "1.0.0",
    "event_type": "agent_order",
    "source": "synthetic_agent",
    "symbol": "BTCUSDT",
    "exchange": "binance_usdm",
    "timestamp": "2024-05-01T00:00:00.096000Z",
    "sequence": 12,
    "scenario_id": "scenario-212-latency_edge",
    "agent_id": "agent-latency_edge",
    "order_id": "scenario-212-latency_edge-agent-latency_edge-12",
    "action": "new",
    "side": "buy",
    "price": 65251.127199999995,
    "quantity": 0.006,
    "remaining_quantity": 0.006
  },
  {
    "event_id": "47a7f88d9cdda0fb7a81884ac065b63c4a180a783dc9e64a85c19c199af1a1ad",
    "schema_version": "1.0.0",
    "event_type": "agent_order",
    "source": "synthetic_agent",
    "symbol": "BTCUSDT",
    "exchange": "binance_usdm",
    "timestamp": "2024-05-01T00:00:00.104000Z",
    "sequence": 13,
    "scenario_id": "scenario-212-latency_edge",
    "agent_id": "agent-latency_edge",
    "order_id": "scenario-212-latency_edge-agent-latency_edge-13",
    "action": "new",
    "side": "buy",
    "price": 65251.127199999995,
    "quantity": 0.006,
    "remaining_quantity": 0.006
  },
  {
    "event_id": "d00413c4e250ae30a0c19a4c087bf07e16158d47849b408abedf69d1cdef3b37",
    "schema_version": "1.0.0",
    "event_type": "agent_order",
    "source": "synthetic_agent",
    "symbol": "BTCUSDT",
    "exchange": "binance_usdm",
    "timestamp": "2024-05-01T00:00:00.112000Z",
    "sequence": 14,
    "scenario_id": "scenario-212-latency_edge",
    "agent_id": "agent-latency_edge",
    "order_id": "scenario-212-latency_edge-agent-latency_edge-14",
    "action": "new",
    "side": "sell",
    "price": 65172.8728,
    "quantity": 0.006,
    "remaining_quantity": 0.006
  },
  {
    "event_id": "efd91ff4a998596a2dbfd71ecf25dc550f364f7fb09ea7db8ecc5e5a92dd07e8",
    "schema_version": "1.0.0",
    "event_type": "agent_order",
    "source": "synthetic_agent",
    "symbol": "BTCUSDT",
    "exchange": "binance_usdm",
    "timestamp": "2024-05-01T00:00:00.120000Z",
    "sequence": 15,
    "scenario_id": "scenario-212-latency_edge",
    "agent_id": "agent-latency_edge",
    "order_id": "scenario-212-latency_edge-agent-latency_edge-15",
    "action": "new",
    "side": "sell",
    "price": 65172.8728,
    "quantity": 0.006,
    "remaining_quantity": 0.006
  },
  {
    "event_id": "92d2aa2ae62ee57021915aba169669adfa2869cc7302387a9fef88d005186650",
    "schema_version": "1.0.0",
    "event_type": "agent_order",
    "source": "synthetic_agent",
    "symbol": "BTCUSDT",
    "exchange": "binance_usdm",
    "timestamp": "2024-05-01T00:00:00.128000Z",
    "sequence": 16,
    "scenario_id": "scenario-212-latency_edge",
    "agent_id": "agent-latency_edge",
    "order_id": "scenario-212-latency_edge-agent-latency_edge-16",
    "action": "new",
    "side": "buy",
    "price": 65251.127199999995,
    "quantity": 0.006,
    "remaining_quantity": 0.006
  },
  {
    "event_id": "6553c9a29429953a56852070911cb5b4d1de0d313d629bca395d23fa20634e1a",
    "schema_version": "1.0.0",
    "event_type": "agent_order",
    "source": "synthetic_agent",
    "symbol": "BTCUSDT",
    "exchange": "binance_usdm",
    "timestamp": "2024-05-01T00:00:00.136000Z",
    "sequence": 17,
    "scenario_id": "scenario-212-latency_edge",
    "agent_id": "agent-latency_edge",
    "order_id": "scenario-212-latency_edge-agent-latency_edge-17",
    "action": "new",
    "side": "buy",
    "price": 65251.127199999995,
    "quantity": 0.006,
    "remaining_quantity": 0.006
  },
  {
    "event_id": "b909d62270af64ebe9ae8525caa80cb9a26cc574c32adad48268a45c61aa0f95",
    "schema_version": "1.0.0",
    "event_type": "agent_order",
    "source": "synthetic_agent",
    "symbol": "BTCUSDT",
    "exchange": "binance_usdm",
    "timestamp": "2024-05-01T00:00:00.144000Z",
    "sequence": 18,
    "scenario_id": "scenario-212-latency_edge",
    "agent_id": "agent-latency_edge",
    "order_id": "scenario-212-latency_edge-agent-latency_edge-18",
    "action": "new",
    "side": "sell",
    "price": 65172.8728,
    "quantity": 0.006,
    "remaining_quantity": 0.006
  },
  {
    "event_id": "4f3f1fbdddda4099b3e74c26357b1d74ce54ff011153e03f0a643a8a1d33c561",
    "schema_version": "1.0.0",
    "event_type": "agent_order",
    "source": "synthetic_agent",
    "symbol": "BTCUSDT",
    "exchange": "binance_usdm",
    "timestamp": "2024-05-01T00:00:00.152000Z",
    "sequence": 19,
    "scenario_id": "scenario-212-latency_edge",
    "agent_id": "agent-latency_edge",
    "order_id": "scenario-212-latency_edge-agent-latency_edge-19",
    "action": "new",
    "side": "sell",
    "price": 65172.8728,
    "quantity": 0.006,
    "remaining_quantity": 0.006
  },
  {
    "event_id": "0f3b6e3b47e952e458e2b22066346e50c6ad2143a076ff3b16d948beb86c6c91",
    "schema_version": "1.0.0",
    "event_type": "agent_order",
    "source": "synthetic_agent",
    "symbol": "BTCUSDT",
    "exchange": "binance_usdm",
    "timestamp": "2024-05-01T00:00:00.160000Z",
    "sequence": 20,
    "scenario_id": "scenario-212-latency_edge",
    "agent_id": "agent-latency_edge",
    "order_id": "scenario-212-latency_edge-agent-latency_edge-20",
    "action": "new",
    "side": "buy",
    "price": 65251.127199999995,
    "quantity": 0.006,
    "remaining_quantity": 0.006
  },
  {
    "event_id": "82e8210d947c8499351e3bf1d76dec90b16395b054ff6d32c8a0f2bde7e07b8e",
    "schema_version": "1.0.0",
    "event_type": "agent_order",
    "source": "synthetic_agent",
    "symbol": "BTCUSDT",
    "exchange": "binance_usdm",
    "timestamp": "2024-05-01T00:00:00.168000Z",
    "sequence": 21,
    "scenario_id": "scenario-212-latency_edge",
    "agent_id": "agent-latency_edge",
    "order_id": "scenario-212-latency_edge-agent-latency_edge-21",
    "action": "new",
    "side": "buy",
    "price": 65251.127199999995,
    "quantity": 0.006,
    "remaining_quantity": 0.006
  },
  {
    "event_id": "60ea1ee4313c44b3426684547c12fba1497e96528a53b6584313ccd6259f20ba",
    "schema_version": "1.0.0",
    "event_type": "agent_order",
    "source": "synthetic_agent",
    "symbol": "BTCUSDT",
    "exchange": "binance_usdm",
    "timestamp": "2024-05-01T00:00:00.176000Z",
    "sequence": 22,
    "scenario_id": "scenario-212-latency_edge",
    "agent_id": "agent-latency_edge",
    "order_id": "scenario-212-latency_edge-agent-latency_edge-22",
    "action": "new",
    "side": "sell",
    "price": 65172.8728,
    "quantity": 0.006,
    "remaining_quantity": 0.006
  },
  {
    "event_id": "3b1430d7161d64471b9a7ecabe9ed0dbb3e011b8755d4daa7a4a7ddcf4123756",
    "schema_version": "1.0.0",
    "event_type": "agent_order",
    "source": "synthetic_agent",
    "symbol": "BTCUSDT",
    "exchange": "binance_usdm",
    "timestamp": "2024-05-01T00:00:00.184000Z",
    "sequence": 23,
    "scenario_id": "scenario-212-latency_edge",
    "agent_id": "agent-latency_edge",
    "order_id": "scenario-212-latency_edge-agent-latency_edge-23",
    "action": "new",
    "side": "sell",
    "price": 65172.8728,
    "quantity": 0.006,
    "remaining_quantity": 0.006
  },
  {
    "event_id": "1d0628ee1dff3d17da6ef3d8fad76421cba81100dbae1f5f4a4223b57fefda70",
    "schema_version": "1.0.0",
    "event_type": "agent_order",
    "source": "synthetic_agent",
    "symbol": "BTCUSDT",
    "exchange": "binance_usdm",
    "timestamp": "2024-05-01T00:00:00.192000Z",
    "sequence": 24,
    "scenario_id": "scenario-212-latency_edge",
    "agent_id": "agent-latency_edge",
    "order_id": "scenario-212-latency_edge-agent-latency_edge-24",
    "action": "new",
    "side": "buy",
    "price": 65251.127199999995,
    "quantity": 0.006,
    "remaining_quantity": 0.006
  },
  {
    "event_id": "b300bcbe933d20544e0dd4258cbe6927133bfc73510792f2307deaff910b3439",
    "schema_version": "1.0.0",
    "event_type": "agent_order",
    "source": "synthetic_agent",
    "symbol": "BTCUSDT",
    "exchange": "binance_usdm",
    "timestamp": "2024-05-01T00:00:00.200000Z",
    "sequence": 25,
    "scenario_id": "scenario-212-latency_edge",
    "agent_id": "agent-latency_edge",
    "order_id": "scenario-212-latency_edge-agent-latency_edge-25",
    "action": "new",
    "side": "buy",
    "price": 65251.127199999995,
    "quantity": 0.006,
    "remaining_quantity": 0.006
  },
  {
    "event_id": "03c7432c2b046ca62a3a0e62190d4baa60cbb3ef0e868189e302318caf22c61d",
    "schema_version": "1.0.0",
    "event_type": "agent_order",
    "source": "synthetic_agent",
    "symbol": "BTCUSDT",
    "exchange": "binance_usdm",
    "timestamp": "2024-05-01T00:00:00.208000Z",
    "sequence": 26,
    "scenario_id": "scenario-212-latency_edge",
    "agent_id": "agent-latency_edge",
    "order_id": "scenario-212-latency_edge-agent-latency_edge-26",
    "action": "new",
    "side": "sell",
    "price": 65172.8728,
    "quantity": 0.006,
    "remaining_quantity": 0.006
  },
  {
    "event_id": "fbe8ce064d307643f6dee9569a8ac15293ffae73bee80a1ec7c3e4d9873f5ef4",
    "schema_version": "1.0.0",
    "event_type": "agent_order",
    "source": "synthetic_agent",
    "symbol": "BTCUSDT",
    "exchange": "binance_usdm",
    "timestamp": "2024-05-01T00:00:00.216000Z",
    "sequence": 27,
    "scenario_id": "scenario-212-latency_edge",
    "agent_id": "agent-latency_edge",
    "order_id": "scenario-212-latency_edge-agent-latency_edge-27",
    "action": "new",
    "side": "sell",
    "price": 65172.8728,
    "quantity": 0.006,
    "remaining_quantity": 0.006
  },
  {
    "event_id": "0c6c7ba773777b66a65703e7f92c1b368671ea6d3817515045360fa886c33fe2",
    "schema_version": "1.0.0",
    "event_type": "agent_order",
    "source": "synthetic_agent",
    "symbol": "BTCUSDT",
    "exchange": "binance_usdm",
    "timestamp": "2024-05-01T00:00:00.224000Z",
    "sequence": 28,
    "scenario_id": "scenario-212-latency_edge",
    "agent_id": "agent-latency_edge",
    "order_id": "scenario-212-latency_edge-agent-latency_edge-28",
    "action": "new",
    "side": "buy",
    "price": 65251.127199999995,
    "quantity": 0.006,
    "remaining_quantity": 0.006
  },
  {
    "event_id": "ae1c9f5efe43d6ea73f92c444a9f45f56c659e879c24d693dba734fd75cfd30f",
    "schema_version": "1.0.0",
    "event_type": "agent_order",
    "source": "synthetic_agent",
    "symbol": "BTCUSDT",
    "exchange": "binance_usdm",
    "timestamp": "2024-05-01T00:00:00.232000Z",
    "sequence": 29,
    "scenario_id": "scenario-212-latency_edge",
    "agent_id": "agent-latency_edge",
    "order_id": "scenario-212-latency_edge-agent-latency_edge-29",
    "action": "new",
    "side": "buy",
    "price": 65251.127199999995,
    "quantity": 0.006,
    "remaining_quantity": 0.006
  }
]