[
  {
    "event_id": "d83f31abb388e6a44f54daec1e9528c79d541a51fecbbbf45fcd353c9761b6d9",
    "schema_version": "1.0.0",
    "event_type": "agent_order",
    "source": "synthetic_agent",
    "symbol": "BTCUSDT",
    "exchange": "binance_usdm",
    "timestamp": "2024-05-01T00:00:00Z",
    "sequence": 0,
    "scenario_id": "scenario-520-quote_stuffing",
    "agent_id": "agent-quote_stuffing",
    "order_id": "scenario-520-quote_stuffing-agent-quote_stuffing-0",
    "action": "new",
    "side": "buy",
    "price": 65513.448000000004,
    "quantity": 0.001,
    "remaining_quantity": 0.001
  },
  {
    "event_id": "192a522a7a8b1226873787bfc59b05600348a4cf37418f274586404934b659d9",
    "schema_version": "1.0.0",
    "event_type": "agent_order",
    "source": "synthetic_agent",
    "symbol": "BTCUSDT",
    "exchange": "binance_usdm",
    "timestamp": "2024-05-01T00:00:00.005000Z",
    "sequence": 1,
    "scenario_id": "scenario-520-quote_stuffing",
    "agent_id": "agent-quote_stuffing",
    "order_id": "scenario-520-quote_stuffing-agent-quote_stuffing-1",
    "action": "new",
    "side": "sell",
    "price": 65526.551999999996,
    "quantity": 0.001,
    "remaining_quantity": 0.001
  },
  {
    "event_id": "33e7a0d69d3852fd54bc79514cde120852861d9f64119a42fd3f9823741aeb44",
    "schema_version": "1.0.0",
    "event_type": "agent_order",
    "source": "synthetic_agent",
    "symbol": "BTCUSDT",
    "exchange": "binance_usdm",
    "timestamp": "2024-05-01T00:00:00.010000Z",
    "sequence": 2,
    "scenario_id": "scenario-520-quote_stuffing",
    "agent_id": "agent-quote_stuffing",
    "order_id": "scenario-520-quote_stuffing-agent-quote_stuffing-2",
    "action": "new",
    "side": "buy",
    "price": 65513.448000000004,
    "quantity": 0.001,
    "remaining_quantity": 0.001
  },
  {
    "event_id": "cd20aa76446fb4ad3423f1a2252262fd5b60cedd49304ff7a3d4685b7186b9d6",
    "schema_version": "1.0.0",
    "event_type": "agent_order",
    "source": "synthetic_agent",
    "symbol": "BTCUSDT",
    "exchange": "binance_usdm",
    "timestamp": "2024-05-01T00:00:00.015000Z",
    "sequence": 3,
    "scenario_id": "scenario-520-quote_stuffing",
    "agent_id": "agent-quote_stuffing",
    "order_id": "scenario-520-quote_stuffing-agent-quote_stuffing-3",
    "action": "new",
    "side": "sell",
    "price": 65526.551999999996,
    "quantity": 0.001,
    "remaining_quantity": 0.001
  },
  {
    "event_id": "834c20513c56226a9ff3c69817a848b72f28a19ff513fd1eff493f81906970e7",
    "schema_version": "1.0.0",
    "event_type": "agent_order",
    "source": "synthetic_agent",
    "symbol": "BTCUSDT",
    "exchange": "binance_usdm",
    "timestamp": "2024-05-01T00:00:00.020000Z",
    "sequence": 4,
    "scenario_id": "scenario-520-quote_stuffing",
    "agent_id": "agent-quote_stuffing",
    "order_id": "scenario-520-quote_stuffing-agent-quote_stuffing-4",
    "action": "new",
    "side": "buy",
    "price": 65513.448000000004,
    "quantity": 0.001,
    "remaining_quantity": 0.001
  },
  {
    "event_id": "132a2e2351efd1d3c082ae8ac602bc88203a35c58cede012f25ecaf51c13613e",
    "schema_version": "1.0.0",
    "event_type": "agent_order",
    "source": "synthetic_agent",
    "symbol": "BTCUSDT",
    "exchange": "binance_usdm",
    "timestamp": "2024-05-01T00:00:00.025000Z",
    "sequence": 5,
    "scenario_id": "scenario-520-quote_stuffing",
    "agent_id": "agent-quote_stuffing",
    "order_id": "scenario-520-quote_stuffing-agent-quote_stuffing-5",
    "action": "new",
    "side": "sell",
    "price": 65526.551999999996,
    "quantity": 0.001,
    "remaining_quantity": 0.001
  },
  {
    "event_id": "b4d06a48a7cc8b0064bb1e532bd2567a78674c039a2ae82c221d46245d45277f",
    "schema_version": "1.0.0",
    "event_type": "agent_order",
    "source": "synthetic_agent",
    "symbol": "BTCUSDT",
    "exchange": "binance_usdm",
    "timestamp": "2024-05-01T00:00:00.030000Z",
    "sequence": 6,
    "scenario_id": "scenario-520-quote_stuffing",
    "agent_id": "agent-quote_stuffing",
    "order_id": "scenario-520-quote_stuffing-agent-quote_stuffing-6",
    "action": "new",
    "side": "buy",
    "price": 65513.448000000004,
    "quantity": 0.001,
    "remaining_quantity": 0.001
  },
  {
    "event_id": "81c57197650cd7bb39d05c245066a9102ad5379ea11fcde47b258e8244cc3c2f",
    "schema_version": "1.0.0",
    "event_type": "agent_order",
    "source": "synthetic_agent",
    "symbol": "BTCUSDT",
    "exchange": "binance_usdm",
    "timestamp": "2024-05-01T00:00:00.035000Z",
    "sequence": 7,
    "scenario_id": "scenario-520-quote_stuffing",
    "agent_id": "agent-quote_stuffing",
    "order_id": "scenario-520-quote_stuffing-agent-quote_stuffing-7",
    "action": "new",
    "side": "sell",
    "price": 65526.551999999996,
    "quantity": 0.001,
    "remaining_quantity": 0.001
  },
  {
    "event_id": "751562528ef9cc59d8e318f0cf78e2a8125e32f5ede6358bee61dd3ce1678fcd",
    "schema_version": "1.0.0",
    "event_type": "agent_order",
    "source": "synthetic_agent",
    "symbol": "BTCUSDT",
    "exchange": "binance_usdm",
    "timestamp": "2024-05-01T00:00:00.040000Z",
    "sequence": 8,
    "scenario_id": "scenario-520-quote_stuffing",
    "agent_id": "agent-quote_stuffing",
    "order_id": "scenario-520-quote_stuffing-agent-quote_stuffing-8",
    "action": "new",
    "side": "buy",
    "price": 65513.448000000004,
    "quantity": 0.001,
    "remaining_quantity": 0.001
  },
  {
    "event_id": "39c72f1bb8bb5d15921189f5a2d37f2fee4c85f03cfefcab47e44311373f8864",
    "schema_version": "1.0.0",
    "event_type": "agent_order",
    "source": "synthetic_agent",
    "symbol": "BTCUSDT",
    "exchange": "binance_usdm",
    "timestamp": "2024-05-01T00:00:00.045000Z",
    "sequence": 9,
    "scenario_id": "scenario-520-quote_stuffing",
    "agent_id": "agent-quote_stuffing",
    "order_id": "scenario-520-quote_stuffing-agent-quote_stuffing-9",
    "action": "new",
    "side": "sell",
    "price": 65526.551999999996,
    "quantity": 0.001,
    "remaining_quantity": 0.001
  },
  {
    "event_id": "073742a820604304bddc20dd2e92c95f37d474ea7f7b3599ed1fe842f37798ba",
    "schema_version": "1.0.0",
    "event_type": "agent_order",
    "source": "synthetic_agent",
    "symbol": "BTCUSDT",
    "exchange": "binance_usdm",
    "timestamp": "2024-05-01T00:00:00.050000Z",
    "sequence": 10,
    "scenario_id": "scenario-520-quote_stuffing",
    "agent_id": "agent-quote_stuffing",
    "order_id": "scenario-520-quote_stuffing-agent-quote_stuffing-10",
    "action": "new",
    "side": "buy",
    "price": 65513.448000000004,
    "quantity": 0.001,
    "remaining_quantity": 0.001
  },
  {
    "event_id": "e4d556db155fc762f6ece4b5d86263e594909b0d4eba31b6e12996c5c10c35b0",
    "schema_version": "1.0.0",
    "event_type": "agent_order",
    "source": "synthetic_agent",
    "symbol": "BTCUSDT",
    "exchange": "binance_usdm",
    "timestamp": "2024-05-01T00:00:00.055000Z",
    "sequence": 11,
    "scenario_id": "scenario-520-quote_stuffing",
    "agent_id": "agent-quote_stuffing",
    "order_id": "scenario-520-quote_stuffing-agent-quote_stuffing-11",
    "action": "new",
    "side": "sell",
    "price": 65526.551999999996,
    "quantity": 0.001,
    "remaining_quantity": 0.001
  },
  {
    "event_id": "b9ba2d07697c2d34199c82349dc06b33f7de3113b017f84ea9463a3ce9ecf93a",
    "schema_version": "1.0.0",
    "event_type": "agent_order",
    "source": "synthetic_agent",
    "symbol": "BTCUSDT",
    "exchange": "binance_usdm",
    "timestamp": "2024-05-01T00:00:00.060000Z",
    "sequence": 12,
    "scenario_id": "scenario-520-quote_stuffing",
    "agent_id": "agent-quote_stuffing",
    "order_id": "scenario-520-quote_stuffing-agent-quote_stuffing-12",
    "action": "new",
    "side": "buy",
    "price": 65513.448000000004,
    "quantity": 0.001,
    "remaining_quantity": 0.001
  },
  {
    "event_id": "21d88c486002247a32f6648f237a54de2479c8492470530bdd5c728630e070fd",
    "schema_version": "1.0.0",
    "event_type": "agent_order",
    "source": "synthetic_agent",
    "symbol": "BTCUSDT",
    "exchange": "binance_usdm",
    "timestamp": "2024-05-01T00:00:00.065000Z",
    "sequence": 13,
    "scenario_id": "scenario-520-quote_stuffing",
    "agent_id": "agent-quote_stuffing",
    "order_id": "scenario-520-quote_stuffing-agent-quote_stuffing-13",
    "action": "new",
    "side": "sell",
    "price": 65526.551999999996,
    "quantity": 0.001,
    "remaining_quantity": 0.001
  },
  {
    "event_id": "00dc808191ee4126d9a157c67751ad1bd8aaa321354658b9920858af8c0495c6",
    "schema_version": "1.0.0",
    "event_type": "agent_order",
    "source": "synthetic_agent",
    "symbol": "BTCUSDT",
    "exchange": "binance_usdm",
    "timestamp": "2024-05-01T00:00:00.070000Z",
    "sequence": 14,
    "scenario_id": "scenario-520-quote_stuffing",
    "agent_id": "agent-quote_stuffing",
    "order_id": "scenario-520-quote_stuffing-agent-quote_stuffing-14",
    "action": "new",
    "side": "buy",
    "price": 65513.448000000004,
    "quantity": 0.001,
    "remaining_quantity": 0.001
  },
  {
    "event_id": "18ac28da8f07df21d658c842d6999dc92caae9c3a770717d7a76f0fecc7dbea8",
    "schema_version": "1.0.0",
    "event_type": "agent_order",
    "source": "synthetic_agent",
    "symbol": "BTCUSDT",
    "exchange": "binance_usdm",
    "timestamp": "2024-05-01T00:00:00.075000Z",
    "sequence": 15,
    "scenario_id": "scenario-520-quote_stuffing",
    "agent_id": "agent-quote_stuffing",
    "order_id": "scenario-520-quote_stuffing-agent-quote_stuffing-15",
    "action": "new",
    "side": "sell",
    "price": 65526.551999999996,
    "quantity": 0.001,
    "remaining_quantity": 0.001
  },
  {
    "event_id": "53304cf0b3019e8f92754e7cb3770848c01eb9e486431f5e2fbb818cce97cea1",
    "schema_version": "1.0.0",
    "event_type": "agent_order",
    "source": "synthetic_agent",
    "symbol": "BTCUSDT",
    "exchange": "binance_usdm",
    "timestamp": "2024-05-01T00:00:00.080000Z",
    "sequence": 16,
    "scenario_id": "scenario-520-quote_stuffing",
    "agent_id": "agent-quote_stuffing",
    "order_id": "scenario-520-quote_stuffing-agent-quote_stuffing-16",
    "action": "new",
    "side": "buy",
    "price": 65513.448000000004,
    "quantity": 0.001,
    "remaining_quantity": 0.001
  },
  {
    "event_id": "b079aab0b287c428d4821230935210b07ed7ddfbbb80c95ba06254d9d0a0f26c",
    "schema_version": "1.0.0",
    "event_type": "agent_order",
    "source": "synthetic_agent",
    "symbol": "BTCUSDT",
    "exchange": "binance_usdm",
    "timestamp": "2024-05-01T00:00:00.085000Z",
    "sequence": 17,
    "scenario_id": "scenario-520-quote_stuffing",
    "agent_id": "agent-quote_stuffing",
    "order_id": "scenario-520-quote_stuffing-agent-quote_stuffing-17",
    "action": "new",
    "side": "sell",
    "price": 65526.551999999996,
    "quantity": 0.001,
    "remaining_quantity": 0.001
  },
  {
    "event_id": "380f75424d1e99a97f3527d9210ddef2a6963f4edbf3f575aac053056d4e1e39",
    "schema_version": "1.0.0",
    "event_type": "agent_order",
    "source": "synthetic_agent",
    "symbol": "BTCUSDT",
    "exchange": "binance_usdm",
    "timestamp": "2024-05-01T00:00:00.090000Z",
    "sequence": 18,
    "scenario_id": "scenario-520-quote_stuffing",
    "agent_id": "agent-quote_stuffing",
    "order_id": "scenario-520-quote_stuffing-agent-quote_stuffing-18",
    "action": "new",
    "side": "buy",
    "price": 65513.448000000004,
    "quantity": 0.001,
    "remaining_quantity": 0.001
  },
  {
    "event_id": "08302db739e526730f42d8f090e02660ab5402c61964c3647210f61dd33d815e",
    "schema_version": "1.0.0",
    "event_type": "agent_order",
    "source": "synthetic_agent",
    "symbol": "BTCUSDT",
    "exchange": "binance_usdm",
    "timestamp": "2024-05-01T00:00:00.095000Z",
    "sequence": 19,
    "scenario_id": "scenario-520-quote_stuffing",
    "agent_id": "agent-quote_stuffing",
    "order_id": "scenario-520-quote_stuffing-agent-quote_stuffing-19",
    "action": "new",
    "side": "sell",
    "price": 65526.551999999996,
    "quantity": 0.001,
    "remaining_quantity": 0.001
  },
  {
    "event_id": "564bced9238a820429331515d6f224538eed1efe44051a5b76c55877fbd2f75f",
    "schema_version": "1.0.0",
    "event_type": "agent_order",
    "source": "synthetic_agent",
    "symbol": "BTCUSDT",
    "exchange": "binance_usdm",
    "timestamp": "2024-05-01T00:00:00.100000Z",
    "sequence": 20,
    "scenario_id": "scenario-520-quote_stuffing",
    "agent_id": "agent-quote_stuffing",
    "order_id": "scenario-520-quote_stuffing-agent-quote_stuffing-20",
    "action": "new",
    "side": "buy",
    "price": 65513.448000000004,
    "quantity": 0.001,
    "remaining_quantity": 0.001
  },
  {
    "event_id": "e74950b50b6b934b2ab0b31aa7d770648ed824021caba7849890ab6a244cdce2",
    "schema_version": "1.0.0",
    "event_type": "agent_order",
    "source": "synthetic_agent",
    "symbol": "BTCUSDT",
    "exchange": "binance_usdm",
    "timestamp": "2024-05-01T00:00:00.105000Z",
    "sequence": 21,
    "scenario_id": "scenario-520-quote_stuffing",
    "agent_id": "agent-quote_stuffing",
    "order_id": "scenario-520-quote_stuffing-agent-quote_stuffing-21",
    "action": "new",
    "side": "sell",
    "price": 65526.551999999996,
    "quantity": 0.001,
    "remaining_quantity": 0.001
  },
  {
    "event_id": "afe8657e826bdbd2667372355aac94d0fcbfc5fd7f205950ebe0188c2883b6a6",
    "schema_version": "1.0.0",
    "event_type": "agent_order",
    "source": "synthetic_agent",
    "symbol": "BTCUSDT",
    "exchange": "binance_usdm",
    "timestamp": "2024-05-01T00:00:00.110000Z",
    "sequence": 22,
    "scenario_id": "scenario-520-quote_stuffing",
    "agent_id": "agent-quote_stuffing",
    "order_id": "scenario-520-quote_stuffing-agent-quote_stuffing-22",
    "action": "new",
    "side": "buy",
    "price": 65513.448000000004,
    "quantity": 0.001,
    "remaining_quantity": 0.001
  },
  {
    "event_id": "42fa5022565375a5281b90753e82e677b5cfafb6e1412914785acf8740731758",
    "schema_version": "1.0.0",
    "event_type": "agent_order",
    "source": "synthetic_agent",
    "symbol": "BTCUSDT",
    "exchange": "binance_usdm",
    "timestamp": "2024-05-01T00:00:00.115000Z",
    "sequence": 23,
    "scenario_id": "scenario-520-quote_stuffing",
    "agent_id": "agent-quote_stuffing",
    "order_id": "scenario-520-quote_stuffing-agent-quote_stuffing-23",
    "action": "new",
    "side": "sell",
    "price": 65526.551999999996,
    "quantity": 0.001,
    "remaining_quantity": 0.001
  },
  {
    "event_id": "c4a1f9c35ecdb488d0cf792b7356d88062e9176b4ba01fb58d95ae2bcc347ff9",
    "schema_version": "1.0.0",
    "event_type": "agent_order",
    "source": "synthetic_agent",
    "symbol": "BTCUSDT",
    "exchange": "binance_usdm",
    "timestamp": "2024-05-01T00:00:00.120000Z",
    "sequence": 24,
    "scenario_id": "scenario-520-quote_stuffing",
    "agent_id": "agent-quote_stuffing",
    "order_id": "scenario-520-quote_stuffing-agent-quote_stuffing-24",
    "action": "new",
    "side": "buy",
    "price": 65513.448000000004,
    "quantity": 0.001,
    "remaining_quantity": 0.001
  },
  {
    "event_id": "8f20451f80fe4bfff0f43d94fa30ca02ed864c8ac9e9c229e865bba1c9b1f6c1",
    "schema_version": "1.0.0",
    "event_type": "agent_order",
    "source": "synthetic_agent",
    "symbol": "BTCUSDT",
    "exchange": "binance_usdm",
    "timestamp": "2024-05-01T00:00:00.125000Z",
    "sequence": 25,
    "scenario_id": "scenario-520-quote_stuffing",
    "agent_id": "agent-quote_stuffing",
    "order_id": "scenario-520-quote_stuffing-agent-quote_stuffing-25",
    "action": "new",
    "side": "sell",
    "price": 65526.551999999996,
    "quantity": 0.001,
    "remaining_quantity": 0.001
  },
  {
    "event_id": "f753674ee1b1772eedb0bb043eb6a121bd620760ffc3a01bee838b9d04ecda13",
    "schema_version": "1.0.0",
    "event_type": "agent_order",
    "source": "synthetic_agent",
    "symbol": "BTCUSDT",
    "exchange": "binance_usdm",
    "timestamp": "2024-05-01T00:00:00.130000Z",
    "sequence": 26,
    "scenario_id": "scenario-520-quote_stuffing",
    "agent_id": "agent-quote_stuffing",
    "order_id": "scenario-520-quote_stuffing-agent-quote_stuffing-26",
    "action": "new",
    "side": "buy",
    "price": 65513.448000000004,
    "quantity": 0.001,
    "remaining_quantity": 0.001
  },
  {
    "event_id": "2e6461d0780f2de9ee7307326d659e1960a712f753e0d0b342318a2c0b9eb18c",
    "schema_version": "1.0.0",
    "event_type": "agent_order",
    "source": "synthetic_agent",
    "symbol": "BTCUSDT",
    "exchange": "binance_usdm",
    "timestamp": "2024-05-01T00:00:00.135000Z",
    "sequence": 27,
    "scenario_id": "scenario-520-quote_stuffing",
    "agent_id": "agent-quote_stuffing",
    "order_id": "scenario-520-quote_stuffing-agent-quote_stuffing-27",
    "action": "new",
    "side": "sell",
    "price": 65526.551999999996,
    "quantity": 0.001,
    "remaining_quantity": 0.001
  },
  {
    "event_id": "9ad373738c098b12aeed244f1aa22ca9c7fc69634b5d3095f66663cd0aa23cfe",
    "schema_version": "1.0.0",
    "event_type": "agent_order",
    "source": "synthetic_agent",
    "symbol": "BTCUSDT",
    "exchange": "binance_usdm",
    "timestamp": "2024-05-01T00:00:00.140000Z",
    "sequence": 28,
    "scenario_id": "scenario-520-quote_stuffing",
    "agent_id": "agent-quote_stuffing",
    "order_id": "scenario-520-quote_stuffing-agent-quote_stuffing-28",
    "action": "new",
    "side": "buy",
    "price": 65513.448000000004,
    "quantity": 0.001,
    "remaining_quantity": 0.001
  },
  {
    "event_id": "9cedc9e8727c367fcef6e974f4bd2b19eea0631ad18b4a58c2b0f938b63ab317",
    "schema_version": "1.0.0",
    "event_type": "agent_order",
    "source": "synthetic_agent",
    "symbol": "BTCUSDT",
    "exchange": "binance_usdm",
    "timestamp": "2024-05-01T00:00:00.145000Z",
    "sequence": 29,
    "scenario_id": "scenario-520-quote_stuffing",
    "agent_id": "agent-quote_stuffing",
    "order_id": "scenario-520-quote_stuffing-agent-quote_stuffing-29",
    "action": "new",
    "side": "sell",
    "price": 65526.551999999996,
    "quantity": 0.001,
    "remaining_quantity": 0.001
  }
]