[
  {
    "event_id": "736e46cda208b09ab9fdde0550f7c19779826d4a6bcbbe1a106a064f7bf45884",
    "schema_version": "1.0.0",
    "event_type": "agent_order",
    "source": "synthetic_agent",
    "symbol": "BTCUSDT",
    "exchange": "binance_usdm",
    "timestamp": "2024-05-01T00:00:00Z",
    "sequence": 0,
    "scenario_id": "scenario-166-runaway_inventory",
    "agent_id": "agent-runaway_inventory",
    "order_id": "scenario-166-runaway_inventory-agent-runaway_inventory-0",
    "action": "new",
    "side": "buy",
    "price": 65166.0,
    "quantity": 0.01,
    "remaining_quantity": 0.01
  },
  {
    "event_id": "254f57d1428ae1325b58dde34eec143d79e8055385eb3aa20115b9dc25dea503",
    "schema_version": "1.0.0",
    "event_type": "agent_order",
    "source": "synthetic_agent",
    "symbol": "BTCUSDT",
    "exchange": "binance_usdm",
    "timestamp": "2024-05-01T00:00:00.070000Z",
    "sequence": 1,
    "scenario_id": "scenario-166-runaway_inventory",
    "agent_id": "agent-runaway_inventory",
    "order_id": "scenario-166-runaway_inventory-agent-runaway_inventory-1",
    "action": "new",
    "side": "buy",
    "price": 65167.954979999995,
    "quantity": 0.012,
    "remaining_quantity": 0.012
  },
  {
    "event_id": "08d780d125f48ba9f24d2de38e1d2d6fc336e218922cce4159fb34c206a06aed",
    "schema_version": "1.0.0",
    "event_type": "agent_order",
    "source": "synthetic_agent",
    "symbol": "BTCUSDT",
    "exchange": "binance_usdm",
    "timestamp": "2024-05-01T00:00:00.140000Z",
    "sequence": 2,
    "scenario_id": "scenario-166-runaway_inventory",
    "agent_id": "agent-runaway_inventory",
    "order_id": "scenario-166-runaway_inventory-agent-runaway_inventory-2",
    "action": "new",
    "side": "buy",
    "price": 65169.90996,
    "quantity": 0.014,
    "remaining_quantity": 0.014
  },
  {
    "event_id": "f9280dfa9a03e59d762303a2472c65faede8cb28e9a47e8d1bb7015840f68419",
    "schema_version": "1.0.0",
    "event_type": "agent_order",
    "source": "synthetic_agent",
    "symbol": "BTCUSDT",
    "exchange": "binance_usdm",
    "timestamp": "2024-05-01T00:00:00.210000Z",
    "sequence": 3,
    "scenario_id": "scenario-166-runaway_inventory",
    "agent_id": "agent-runaway_inventory",
    "order_id": "scenario-166-runaway_inventory-agent-runaway_inventory-3",
    "action": "new",
    "side": "buy",
    "price": 65171.86493999999,
    "quantity": 0.016,
    "remaining_quantity": 0.016
  },
  {
    "event_id": "8f5c8ef9c90799eb66d84bc69c3ae1592507f6d0c8cd24256ea41732f5decac7",
    "schema_version": "1.0.0",
    "event_type": "agent_order",
    "source": "synthetic_agent",
    "symbol": "BTCUSDT",
    "exchange": "binance_usdm",
    "timestamp": "2024-05-01T00:00:00.280000Z",
    "sequence": 4,
    "scenario_id": "scenario-166-runaway_inventory",
    "agent_id": "agent-runaway_inventory",
    "order_id": "scenario-166-runaway_inventory-agent-runaway_inventory-4",
    "action": "new",
    "side": "buy",
    "price": 65173.819919999994,
    "quantity": 0.018000000000000002,
    "remaining_quantity": 0.018000000000000002
  },
  {
    "event_id": "7e554b319f09b073e22137af90931194ad17e1fad25e94ca671280e0d53facc4",
    "schema_version": "1.0.0",
    "event_type": "agent_order",
    "source": "synthetic_agent",
    "symbol": "BTCUSDT",
    "exchange": "binance_usdm",
    "timestamp": "2024-05-01T00:00:00.350000Z",
    "sequence": 5,
    "scenario_id": "scenario-166-runaway_inventory",
    "agent_id": "agent-runaway_inventory",
    "order_id": "scenario-166-runaway_inventory-agent-runaway_inventory-5",
    "action": "new",
    "side": "buy",
    "price": 65175.774900000004,
    "quantity": 0.02,
    "remaining_quantity": 0.02
  },
  {
    "event_id": "142209aa4aa72baa0f87348aed7799ca7bd0bf22cade1c69f50dbc2e47f6cab8",
    "schema_version": "1.0.0",
    "event_type": "agent_order",
    "source": "synthetic_agent",
    "symbol": "BTCUSDT",
    "exchange": "binance_usdm",
    "timestamp": "2024-05-01T00:00:00.420000Z",
    "sequence": 6,
    "scenario_id": "scenario-166-runaway_inventory",
    "agent_id": "agent-runaway_inventory",
    "order_id": "scenario-166-runaway_inventory-agent-runaway_inventory-6",
    "action": "new",
    "side": "buy",
    "price": 65177.729880000006,
    "quantity": 0.022,
    "remaining_quantity": 0.022
  },
  {
    "event_id": "9777f050d4a922b156bf2e807aa7abea088df21bbf959eef8966614e41fe314f",
    "schema_version": "1.0.0",
    "event_type": "agent_order",
    "source": "synthetic_agent",
    "symbol": "BTCUSDT",
    "exchange": "binance_usdm",
    "timestamp": "2024-05-01T00:00:00.490000Z",
    "sequence": 7,
    "scenario_id": "scenario-166-runaway_inventory",
    "agent_id": "agent-runaway_inventory",
    "order_id": "scenario-166-runaway_inventory-agent-runaway_inventory-7",
    "action": "new",
    "side": "buy",
    "price": 65179.68486,
    "quantity": 0.024,
    "remaining_quantity": 0.024
  },
  {
    "event_id": "70ddcc9047f676c6c1f2d25a11e06925e1bc1e37fcff57806aced6b5ebde3b13",
    "schema_version": "1.0.0",
    "event_type": "agent_order",
    "source": "synthetic_agent",
    "symbol": "BTCUSDT",
    "exchange": "binance_usdm",
    "timestamp": "2024-05-01T00:00:00.560000Z",
    "sequence": 8,
    "scenario_id": "scenario-166-runaway_inventory",
    "agent_id": "agent-runaway_inventory",
    "order_id": "scenario-166-runaway_inventory-agent-runaway_inventory-8",
    "action": "new",
    "side": "buy",
    "price": 65181.63984,
    "quantity": 0.026000000000000002,
    "remaining_quantity": 0.026000000000000002
  },
  {
    "event_id": "49d0b4b48a277c6c8767b2f27b4650e61d53ee10c89f3bad6485d5e27bf2829c",
    "schema_version": "1.0.0",
    "event_type": "agent_order",
    "source": "synthetic_agent",
    "symbol": "BTCUSDT",
    "exchange": "binance_usdm",
    "timestamp": "2024-05-01T00:00:00.630000Z",
    "sequence": 9,
    "scenario_id": "scenario-166-runaway_inventory",
    "agent_id": "agent-runaway_inventory",
    "order_id": "scenario-166-runaway_inventory-agent-runaway_inventory-9",
    "action": "new",
    "side": "buy",
    "price": 65183.59482,
    "quantity": 0.028000000000000004,
    "remaining_quantity": 0.028000000000000004
  },
  {
    "event_id": "0499c7990cf89c7dc0ef62997f40e018936154aff8c2c76270bb8dcc9200c9e8",
    "schema_version": "1.0.0",
    "event_type": "agent_order",
    "source": "synthetic_agent",
    "symbol": "BTCUSDT",
    "exchange": "binance_usdm",
    "timestamp": "2024-05-01T00:00:00.700000Z",
    "sequence": 10,
    "scenario_id": "scenario-166-runaway_inventory",
    "agent_id": "agent-runaway_inventory",
    "order_id": "scenario-166-runaway_inventory-agent-runaway_inventory-10",
    "action": "new",
    "side": "buy",
    "price": 65185.5498,
    "quantity": 0.03,
    "remaining_quantity": 0.03
  },
  {
    "event_id": "da63e2e384813d3137ffb8e8de364909cdc94123eb9e2e4b9b4be2b0ae8c4972",
    "schema_version": "1.0.0",
    "event_type": "agent_order",
    "source": "synthetic_agent",
    "symbol": "BTCUSDT",
    "exchange": "binance_usdm",
    "timestamp": "2024-05-01T00:00:00.770000Z",
    "sequence": 11,
    "scenario_id": "scenario-166-runaway_inventory",
    "agent_id": "agent-runaway_inventory",
    "order_id": "scenario-166-runaway_inventory-agent-runaway_inventory-11",
    "action": "new",
    "side": "buy",
    "price": 65187.504779999996,
    "quantity": 0.032,
    "remaining_quantity": 0.032
  },
  {
    "event_id": "278217de8b761dabef4d86bd4c2eefa88bf5faee36f80b7387aa648efacfb1c9",
    "schema_version": "1.0.0",
    "event_type": "agent_order",
    "source": "synthetic_agent",
    "symbol": "BTCUSDT",
    "exchange": "binance_usdm",
    "timestamp": "2024-05-01T00:00:00.840000Z",
    "sequence": 12,
    "scenario_id": "scenario-166-runaway_inventory",
    "agent_id": "agent-runaway_inventory",
    "order_id": "scenario-166-runaway_inventory-agent-runaway_inventory-12",
    "action": "new",
    "side": "buy",
    "price": 65189.45976,
    "quantity": 0.034,
    "remaining_quantity": 0.034
  },
  {
    "event_id": "ae58089bbecb94266a0a507d3b34452b5206951303d43ef3d4632279e9434b2b",
    "schema_version": "1.0.0",
    "event_type": "agent_order",
    "source": "synthetic_agent",
    "symbol": "BTCUSDT",
    "exchange": "binance_usdm",
    "timestamp": "2024-05-01T00:00:00.910000Z",
    "sequence": 13,
    "scenario_id": "scenario-166-runaway_inventory",
    "agent_id": "agent-runaway_inventory",
    "order_id": "scenario-166-runaway_inventory-agent-runaway_inventory-13",
    "action": "new",
    "side": "buy",
    "price": 65191.41473999999,
    "quantity": 0.036000000000000004,
    "remaining_quantity": 0.036000000000000004
  },
  {
    "event_id": "c68d7701b0e0ec75bbeae5b33c5f0853fd2cc3e91d2524be9d5939502b18787e",
    "schema_version": "1.0.0",
    "event_type": "agent_order",
    "source": "synthetic_agent",
    "symbol": "BTCUSDT",
    "exchange": "binance_usdm",
    "timestamp": "2024-05-01T00:00:00.980000Z",
    "sequence": 14,
    "scenario_id": "scenario-166-runaway_inventory",
    "agent_id": "agent-runaway_inventory",
    "order_id": "scenario-166-runaway_inventory-agent-runaway_inventory-14",
    "action": "new",
    "side": "buy",
    "price": 65193.36972,
    "quantity": 0.038,
    "remaining_quantity": 0.038
  },
  {
    "event_id": "0506e4402fb528a58b3fafac05bf1ae96267a0ee39e81ce0b571ca10d4092659",
    "schema_version": "1.0.0",
    "event_type": "agent_order",
    "source": "synthetic_agent",
    "symbol": "BTCUSDT",
    "exchange": "binance_usdm",
    "timestamp": "2024-05-01T00:00:01.050000Z",
    "sequence": 15,
    "scenario_id": "scenario-166-runaway_inventory",
    "agent_id": "agent-runaway_inventory",
    "order_id": "scenario-166-runaway_inventory-agent-runaway_inventory-15",
    "action": "new",
    "side": "buy",
    "price": 65195.324700000005,
    "quantity": 0.04,
    "remaining_quantity": 0.04
  },
  {
    "event_id": "b5329207f0215a58b91100571b3c62e82a97648e1307f8d5eb717c595fee709a",
    "schema_version": "1.0.0",
    "event_type": "agent_order",
    "source": "synthetic_agent",
    "symbol": "BTCUSDT",
    "exchange": "binance_usdm",
    "timestamp": "2024-05-01T00:00:01.120000Z",
    "sequence": 16,
    "scenario_id": "scenario-166-runaway_inventory",
    "agent_id": "agent-runaway_inventory",
    "order_id": "scenario-166-runaway_inventory-agent-runaway_inventory-16",
    "action": "new",
    "side": "buy",
    "price": 65197.27968,
    "quantity": 0.042,
    "remaining_quantity": 0.042
  },
  {
    "event_id": "4056cec79a85b0a58afa47a5ad8088b348f961539ac02e8cc840c43a592ba5db",
    "schema_version": "1.0.0",
    "event_type": "agent_order",
    "source": "synthetic_agent",
    "symbol": "BTCUSDT",
    "exchange": "binance_usdm",
    "timestamp": "2024-05-01T00:00:01.190000Z",
    "sequence": 17,
    "scenario_id": "scenario-166-runaway_inventory",
    "agent_id": "agent-runaway_inventory",
    "order_id": "scenario-166-runaway_inventory-agent-runaway_inventory-17",
    "action": "new",
    "side": "buy",
    "price": 65199.23466,
    "quantity": 0.044000000000000004,
    "remaining_quantity": 0.044000000000000004
  },
  {
    "event_id": "d9f7074c9ca1bcf4d53ee26870e0a23aa477cc00d77eb78414ae5ff70f0325b8",
    "schema_version": "1.0.0",
    "event_type": "agent_order",
    "source": "synthetic_agent",
    "symbol": "BTCUSDT",
    "exchange": "binance_usdm",
    "timestamp": "2024-05-01T00:00:01.260000Z",
    "sequence": 18,
    "scenario_id": "scenario-166-runaway_inventory",
    "agent_id": "agent-runaway_inventory",
    "order_id": "scenario-166-runaway_inventory-agent-runaway_inventory-18",
    "action": "new",
    "side": "buy",
    "price": 65201.18964,
    "quantity": 0.046000000000000006,
    "remaining_quantity": 0.046000000000000006
  },
  {
    "event_id": "5fa9af4648255b368b0903ae4ea28bc56a3be0edde01d1be865fd981ce188c32",
    "schema_version": "1.0.0",
    "event_type": "agent_order",
    "source": "synthetic_agent",
    "symbol": "BTCUSDT",
    "exchange": "binance_usdm",
    "timestamp": "2024-05-01T00:00:01.330000Z",
    "sequence": 19,
    "scenario_id": "scenario-166-runaway_inventory",
    "agent_id": "agent-runaway_inventory",
    "order_id": "scenario-166-runaway_inventory-agent-runaway_inventory-19",
    "action": "new",
    "side": "buy",
    "price": 65203.14462,
    "quantity": 0.048,
    "remaining_quantity": 0.048
  },
  {
    "event_id": "c85fd32afea09654a7393c575e36ceeb2d3dc7572ae6a2ebdb07dcca5d87dd92",
    "schema_version": "1.0.0",
    "event_type": "agent_order",
    "source": "synthetic_agent",
    "symbol": "BTCUSDT",
    "exchange": "binance_usdm",
    "timestamp": "2024-05-01T00:00:01.400000Z",
    "sequence": 20,
    "scenario_id": "scenario-166-runaway_inventory",
    "agent_id": "agent-runaway_inventory",
    "order_id": "scenario-166-runaway_inventory-agent-runaway_inventory-20",
    "action": "new",
    "side": "buy",
    "price": 65205.099599999994,
    "quantity": 0.05,
    "remaining_quantity": 0.05
  },
  {
    "event_id": "d79130dddb5d6d94bc6583c9593dcdba3df13dd8d7962ae772fc6b10efd58cd8",
    "schema_version": "1.0.0",
    "event_type": "agent_order",
    "source": "synthetic_agent",
    "symbol": "BTCUSDT",
    "exchange": "binance_usdm",
    "timestamp": "2024-05-01T00:00:01.470000Z",
    "sequence": 21,
    "scenario_id": "scenario-166-runaway_inventory",
    "agent_id": "agent-runaway_inventory",
    "order_id": "scenario-166-runaway_inventory-agent-runaway_inventory-21",
    "action": "new",
    "side": "buy",
    "price": 65207.054579999996,
    "quantity": 0.052000000000000005,
    "remaining_quantity": 0.052000000000000005
  },
  {
    "event_id": "694d615c0a6fc9d3c6bfe8dd8fd9c4fbbb2a9d094149aa4f4f35e405f4c347a2",
    "schema_version": "1.0.0",
    "event_type": "agent_order",
    "source": "synthetic_agent",
    "symbol": "BTCUSDT",
    "exchange": "binance_usdm",
    "timestamp": "2024-05-01T00:00:01.540000Z",
    "sequence": 22,
    "scenario_id": "scenario-166-runaway_inventory",
    "agent_id": "agent-runaway_inventory",
    "order_id": "scenario-166-runaway_inventory-agent-runaway_inventory-22",
    "action": "new",
    "side": "buy",
    "price": 65209.009560000006,
    "quantity": 0.054,
    "remaining_quantity": 0.054
  },
  {
    "event_id": "0cd21f6a7d4fe8e6e79b9c8d645766231cce846f7857f88cd21691d3799cd21c",
    "schema_version": "1.0.0",
    "event_type": "agent_order",
    "source": "synthetic_agent",
    "symbol": "BTCUSDT",
    "exchange": "binance_usdm",
    "timestamp": "2024-05-01T00:00:01.610000Z",
    "sequence": 23,
    "scenario_id": "scenario-166-runaway_inventory",
    "agent_id": "agent-runaway_inventory",
    "order_id": "scenario-166-runaway_inventory-agent-runaway_inventory-23",
    "action": "new",
    "side": "buy",
    "price": 65210.96454000001,
    "quantity": 0.056,
    "remaining_quantity": 0.056
  },
  {
    "event_id": "aa7c06020db634091a48dd49c953471dc4a7480009b33aea18696edf1ff8e1ef",
    "schema_version": "1.0.0",
    "event_type": "agent_order",
    "source": "synthetic_agent",
    "symbol": "BTCUSDT",
    "exchange": "binance_usdm",
    "timestamp": "2024-05-01T00:00:01.680000Z",
    "sequence": 24,
    "scenario_id": "scenario-166-runaway_inventory",
    "agent_id": "agent-runaway_inventory",
    "order_id": "scenario-166-runaway_inventory-agent-runaway_inventory-24",
    "action": "new",
    "side": "buy",
    "price": 65212.91952,
    "quantity": 0.058,
    "remaining_quantity": 0.058
  },
  {
    "event_id": "aeb1c870223cd4dd08c4845ce83352e3c0b92f89240b964edf80e4d18092291c",
    "schema_version": "1.0.0",
    "event_type": "agent_order",
    "source": "synthetic_agent",
    "symbol": "BTCUSDT",
    "exchange": "binance_usdm",
    "timestamp": "2024-05-01T00:00:01.750000Z",
    "sequence": 25,
    "scenario_id": "scenario-166-runaway_inventory",
    "agent_id": "agent-runaway_inventory",
    "order_id": "scenario-166-runaway_inventory-agent-runaway_inventory-25",
    "action": "new",
    "side": "buy",
    "price": 65214.874500000005,
    "quantity": 0.060000000000000005,
    "remaining_quantity": 0.060000000000000005
  },
  {
    "event_id": "e4dd1af3c0cf020129a9c205a327fa6ddc629909cce861ecd13166e1ac2803ca",
    "schema_version": "1.0.0",
    "event_type": "agent_order",
    "source": "synthetic_agent",
    "symbol": "BTCUSDT",
    "exchange": "binance_usdm",
    "timestamp": "2024-05-01T00:00:01.820000Z",
    "sequence": 26,
    "scenario_id": "scenario-166-runaway_inventory",
    "agent_id": "agent-runaway_inventory",
    "order_id": "scenario-166-runaway_inventory-agent-runaway_inventory-26",
    "action": "new",
    "side": "buy",
    "price": 65216.82948,
    "quantity": 0.062000000000000006,
    "remaining_quantity": 0.062000000000000006
  },
  {
    "event_id": "b75361f56ca5bf2add0148da6f100b1d9ca18c1c7171c40a2b604ebacf821906",
    "schema_version": "1.0.0",
    "event_type": "agent_order",
    "source": "synthetic_agent",
    "symbol": "BTCUSDT",
    "exchange": "binance_usdm",
    "timestamp": "2024-05-01T00:00:01.890000Z",
    "sequence": 27,
    "scenario_id": "scenario-166-runaway_inventory",
    "agent_id": "agent-runaway_inventory",
    "order_id": "scenario-166-runaway_inventory-agent-runaway_inventory-27",
    "action": "new",
    "side": "buy",
    "price": 65218.784459999995,
    "quantity": 0.064,
    "remaining_quantity": 0.064
  },
  {
    "event_id": "d1b53f0f00e0856286393fc9d20e5d4a3d17d0f1e226486624212a23dd787647",
    "schema_version": "1.0.0",
    "event_type": "agent_order",
    "source": "synthetic_agent",
    "symbol": "BTCUSDT",
    "exchange": "binance_usdm",
    "timestamp": "2024-05-01T00:00:01.960000Z",
    "sequence": 28,
    "scenario_id": "scenario-166-runaway_inventory",
    "agent_id": "agent-runaway_inventory",
    "order_id": "scenario-166-runaway_inventory-agent-runaway_inventory-28",
    "action": "new",
    "side": "buy",
    "price": 65220.73944,
    "quantity": 0.066,
    "remaining_quantity": 0.066
  },
  {
    "event_id": "c622339960990a1093c33d17cfcc44a53745b4d67ee542d561fe459560e31280",
    "schema_version": "1.0.0",
    "event_type": "agent_order",
    "source": "synthetic_agent",
    "symbol": "BTCUSDT",
    "exchange": "binance_usdm",
    "timestamp": "2024-05-01T00:00:02.030000Z",
    "sequence": 29,
    "scenario_id": "scenario-166-runaway_inventory",
    "agent_id": "agent-runaway_inventory",
    "order_id": "scenario-166-runaway_inventory-agent-runaway_inventory-29",
    "action": "new",
    "side": "buy",
    "price": 65222.69441999999,
    "quantity": 0.068,
    "remaining_quantity": 0.068
  }
]