[
  {
    "event_id": "e28151d195b9357bdf1df6186a5e17ad86af8af6797e6292028d3fc45a39ce65",
    "schema_version": "1.0.0",
    "event_type": "agent_order",
    "source": "synthetic_agent",
    "symbol": "BTCUSDT",
    "exchange": "binance_usdm",
    "timestamp": "2024-05-01T00:00:00Z",
    "sequence": 0,
    "scenario_id": "scenario-256-quote_stuffing",
    "agent_id": "agent-quote_stuffing",
    "order_id": "scenario-256-quote_stuffing-agent-quote_stuffing-0",
    "action": "new",
    "side": "buy",
    "price": 65249.4744,
    "quantity": 0.001,
    "remaining_quantity": 0.001
  },
  {
    "event_id": "753e7a289bdd2eac08634a766fe14b1bede4a94a9d207a95ba5ff5538fea0dbc",
    "schema_version": "1.0.0",
    "event_type": "agent_order",
    "source": "synthetic_agent",
    "symbol": "BTCUSDT",
    "exchange": "binance_usdm",
    "timestamp": "2024-05-01T00:00:00.005000Z",
    "sequence": 1,
    "scenario_id": "scenario-256-quote_stuffing",
    "agent_id": "agent-quote_stuffing",
    "order_id": "scenario-256-quote_stuffing-agent-quote_stuffing-1",
    "action": "new",
    "side": "sell",
    "price": 65262.5256,
    "quantity": 0.001,
    "remaining_quantity": 0.001
  },
  {
    "event_id": "4d96f76b325784ccae9d59894dcf6320d45b64373f5bec9131af2f3bf3339a08",
    "schema_version": "1.0.0",
    "event_type": "agent_order",
    "source": "synthetic_agent",
    "symbol": "BTCUSDT",
    "exchange": "binance_usdm",
    "timestamp": "2024-05-01T00:00:00.010000Z",
    "sequence": 2,
    "scenario_id": "scenario-256-quote_stuffing",
    "agent_id": "agent-quote_stuffing",
    "order_id": "scenario-256-quote_stuffing-agent-quote_stuffing-2",
    "action": "new",
    "side": "buy",
    "price": 65249.4744,
    "quantity": 0.001,
    "remaining_quantity": 0.001
  },
  {
    "event_id": "c27691160453b6cb27707890712357fb44fa3f96e4f6c14cc333dedc971e7997",
    "schema_version": "1.0.0",
    "event_type": "agent_order",
    "source": "synthetic_agent",
    "symbol": "BTCUSDT",
    "exchange": "binance_usdm",
    "timestamp": "2024-05-01T00:00:00.015000Z",
    "sequence": 3,
    "scenario_id": "scenario-256-quote_stuffing",
    "agent_id": "agent-quote_stuffing",
    "order_id": "scenario-256-quote_stuffing-agent-quote_stuffing-3",
    "action": "new",
    "side": "sell",
    "price": 65262.5256,
    "quantity": 0.001,
    "remaining_quantity": 0.001
  },
  {
    "event_id": "4fbffedba265b5278a53c89de7433dd112838b9b2fef4cd1f28a3aa0672a4ea5",
    "schema_version": "1.0.0",
    "event_type": "agent_order",
    "source": "synthetic_agent",
    "symbol": "BTCUSDT",
    "exchange": "binance_usdm",
    "timestamp": "2024-05-01T00:00:00.020000Z",
    "sequence": 4,
    "scenario_id": "scenario-256-quote_stuffing",
    "agent_id": "agent-quote_stuffing",
    "order_id": "scenario-256-quote_stuffing-agent-quote_stuffing-4",
    "action": "new",
    "side": "buy",
    "price": 65249.4744,
    "quantity": 0.001,
    "remaining_quantity": 0.001
  },
  {
    "event_id": "cbe0362990db02bfc6d2f67f25497be2fecd38bd55c5a7b118a745927d41e1f2",
    "schema_version": "1.0.0",
    "event_type": "agent_order",
    "source": "synthetic_agent",
    "symbol": "BTCUSDT",
    "exchange": "binance_usdm",
    "timestamp": "2024-05-01T00:00:00.025000Z",
    "sequence": 5,
    "scenario_id": "scenario-256-quote_stuffing",
    "agent_id": "agent-quote_stuffing",
    "order_id": "scenario-256-quote_stuffing-agent-quote_stuffing-5",
    "action": "new",
    "side": "sell",
    "price": 65262.5256,
    "quantity": 0.001,
    "remaining_quantity": 0.001
  },
  {
    "event_id": "a30506ebefdbc910d700ae656c37d5b241661f8a5945b3687a93b9bb74ca16cc",
    "schema_version": "1.0.0",
    "event_type": "agent_order",
    "source": "synthetic_agent",
    "symbol": "BTCUSDT",
    "exchange": "binance_usdm",
    "timestamp": "2024-05-01T00:00:00.030000Z",
    "sequence": 6,
    "scenario_id": "scenario-256-quote_stuffing",
    "agent_id": "agent-quote_stuffing",
    "order_id": "scenario-256-quote_stuffing-agent-quote_stuffing-6",
    "action": "new",
    "side": "buy",
    "price": 65249.4744,
    "quantity": 0.001,
    "remaining_quantity": 0.001
  },
  {
    "event_id": "d99cce8c008e240975be68c22886b6cde58e604b504adb4159f2c15c1a91999c",
    "schema_version": "1.0.0",
    "event_type": "agent_order",
    "source": "synthetic_agent",
    "symbol": "BTCUSDT",
    "exchange": "binance_usdm",
    "timestamp": "2024-05-01T00:00:00.035000Z",
    "sequence": 7,
    "scenario_id": "scenario-256-quote_stuffing",
    "agent_id": "agent-quote_stuffing",
    "order_id": "scenario-256-quote_stuffing-agent-quote_stuffing-7",
    "action": "new",
    "side": "sell",
    "price": 65262.5256,
    "quantity": 0.001,
    "remaining_quantity": 0.001
  },
  {
    "event_id": "02ee2bfb32571b33206aa60cac3405cdc7a36dea9d095ad831aef33e6cfe36e2",
    "schema_version": "1.0.0",
    "event_type": "agent_order",
    "source": "synthetic_agent",
    "symbol": "BTCUSDT",
    "exchange": "binance_usdm",
    "timestamp": "2024-05-01T00:00:00.040000Z",
    "sequence": 8,
    "scenario_id": "scenario-256-quote_stuffing",
    "agent_id": "agent-quote_stuffing",
    "order_id": "scenario-256-quote_stuffing-agent-quote_stuffing-8",
    "action": "new",
    "side": "buy",
    "price": 65249.4744,
    "quantity": 0.001,
    "remaining_quantity": 0.001
  },
  {
    "event_id": "4a605e5aace34177542de5fd1bd0c74c1fcd4f7d5b26460929ac5ed4ddb7e9a9",
    "schema_version": "1.0.0",
    "event_type": "agent_order",
    "source": "synthetic_agent",
    "symbol": "BTCUSDT",
    "exchange": "binance_usdm",
    "timestamp": "2024-05-01T00:00:00.045000Z",
    "sequence": 9,
    "scenario_id": "scenario-256-quote_stuffing",
    "agent_id": "agent-quote_stuffing",
    "order_id": "scenario-256-quote_stuffing-agent-quote_stuffing-9",
    "action": "new",
    "side": "sell",
    "price": 65262.5256,
    "quantity": 0.001,
    "remaining_quantity": 0.001
  },
  {
    "event_id": "a08e39cb8d147084cc0bcd4ff145538d750c070ed6b4a366a00cad5906d1a437",
    "schema_version": "1.0.0",
    "event_type": "agent_order",
    "source": "synthetic_agent",
    "symbol": "BTCUSDT",
    "exchange": "binance_usdm",
    "timestamp": "2024-05-01T00:00:00.050000Z",
    "sequence": 10,
    "scenario_id": "scenario-256-quote_stuffing",
    "agent_id": "agent-quote_stuffing",
    "order_id": "scenario-256-quote_stuffing-agent-quote_stuffing-10",
    "action": "new",
    "side": "buy",
    "price": 65249.4744,
    "quantity": 0.001,
    "remaining_quantity": 0.001
  },
  {
    "event_id": "69c7c6d431cad7ff9085b33826f6a8810d3183faae45b75e49cecde9c0a64b9d",
    "schema_version": "1.0.0",
    "event_type": "agent_order",
    "source": "synthetic_agent",
    "symbol": "BTCUSDT",
    "exchange": "binance_usdm",
    "timestamp": "2024-05-01T00:00:00.055000Z",
    "sequence": 11,
    "scenario_id": "scenario-256-quote_stuffing",
    "agent_id": "agent-quote_stuffing",
    "order_id": "scenario-256-quote_stuffing-agent-quote_stuffing-11",
    "action": "new",
    "side": "sell",
    "price": 65262.5256,
    "quantity": 0.001,
    "remaining_quantity": 0.001
  },
  {
    "event_id": "4473b016641adffec6e1dc84d0e35bb0cf97abd9745552b11f2b5c482a3cd43b",
    "schema_version": "1.0.0",
    "event_type": "agent_order",
    "source": "synthetic_agent",
    "symbol": "BTCUSDT",
    "exchange": "binance_usdm",
    "timestamp": "2024-05-01T00:00:00.060000Z",
    "sequence": 12,
    "scenario_id": "scenario-256-quote_stuffing",
    "agent_id": "agent-quote_stuffing",
    "order_id": "scenario-256-quote_stuffing-agent-quote_stuffing-12",
    "action": "new",
    "side": "buy",
    "price": 65249.4744,
    "quantity": 0.001,
    "remaining_quantity": 0.001
  },
  {
    "event_id": "5e3a46007fb94e748c4030898949c6a0d8bf35f7ccbb67edd4e3d404a64f3c18",
    "schema_version": "1.0.0",
    "event_type": "agent_order",
    "source": "synthetic_agent",
    "symbol": "BTCUSDT",
    "exchange": "binance_usdm",
    "timestamp": "2024-05-01T00:00:00.065000Z",
    "sequence": 13,
    "scenario_id": "scenario-256-quote_stuffing",
    "agent_id": "agent-quote_stuffing",
    "order_id": "scenario-256-quote_stuffing-agent-quote_stuffing-13",
    "action": "new",
    "side": "sell",
    "price": 65262.5256,
    "quantity": 0.001,
    "remaining_quantity": 0.001
  },
  {
    "event_id": "a6f5fe5c4d2520566216e4689fee17cc5709f68d5d40b29b7304755b117c92bc",
    "schema_version": "1.0.0",
    "event_type": "agent_order",
    "source": "synthetic_agent",
    "symbol": "BTCUSDT",
    "exchange": "binance_usdm",
    "timestamp": "2024-05-01T00:00:00.070000Z",
    "sequence": 14,
    "scenario_id": "scenario-256-quote_stuffing",
    "agent_id": "agent-quote_stuffing",
    "order_id": "scenario-256-quote_stuffing-agent-quote_stuffing-14",
    "action": "new",
    "side": "buy",
    "price": 65249.4744,
    "quantity": 0.001,
    "remaining_quantity": 0.001
  },
  {
    "event_id": "6c556480a25f2fd1911c9be13ceda391270b46ed0f14a928ebe6f90d50f5f945",
    "schema_version": "1.0.0",
    "event_type": "agent_order",
    "source": "synthetic_agent",
    "symbol": "BTCUSDT",
    "exchange": "binance_usdm",
    "timestamp": "2024-05-01T00:00:00.075000Z",
    "sequence": 15,
    "scenario_id": "scenario-256-quote_stuffing",
    "agent_id": "agent-quote_stuffing",
    "order_id": "scenario-256-quote_stuffing-agent-quote_stuffing-15",
    "action": "new",
    "side": "sell",
    "price": 65262.5256,
    "quantity": 0.001,
    "remaining_quantity": 0.001
  },
  {
    "event_id": "c81bb80f679235417a92ce6b0107d0f313620779d8c36a289b4a08d4fe3d3d7d",
    "schema_version": "1.0.0",
    "event_type": "agent_order",
    "source": "synthetic_agent",
    "symbol": "BTCUSDT",
    "exchange": "binance_usdm",
    "timestamp": "2024-05-01T00:00:00.080000Z",
    "sequence": 16,
    "scenario_id": "scenario-256-quote_stuffing",
    "agent_id": "agent-quote_stuffing",
    "order_id": "scenario-256-quote_stuffing-agent-quote_stuffing-16",
    "action": "new",
    "side": "buy",
    "price": 65249.4744,
    "quantity": 0.001,
    "remaining_quantity": 0.001
  },
  {
    "event_id": "98918af73629d8e75e6f4200c84d6c8a5445771842bfc0e0309db78db3883722",
    "schema_version": "1.0.0",
    "event_type": "agent_order",
    "source": "synthetic_agent",
    "symbol": "BTCUSDT",
    "exchange": "binance_usdm",
    "timestamp": "2024-05-01T00:00:00.085000Z",
    "sequence": 17,
    "scenario_id": "scenario-256-quote_stuffing",
    "agent_id": "agent-quote_stuffing",
    "order_id": "scenario-256-quote_stuffing-agent-quote_stuffing-17",
    "action": "new",
    "side": "sell",
    "price": 65262.5256,
    "quantity": 0.001,
    "remaining_quantity": 0.001
  },
  {
    "event_id": "af27a29374cd145d758cadbe092d1cdcc26fcc89d027ec08908e4845f637c2c0",
    "schema_version": "1.0.0",
    "event_type": "agent_order",
    "source": "synthetic_agent",
    "symbol": "BTCUSDT",
    "exchange": "binance_usdm",
    "timestamp": "2024-05-01T00:00:00.090000Z",
    "sequence": 18,
    "scenario_id": "scenario-256-quote_stuffing",
    "agent_id": "agent-quote_stuffing",
    "order_id": "scenario-256-quote_stuffing-agent-quote_stuffing-18",
    "action": "new",
    "side": "buy",
    "price": 65249.4744,
    "quantity": 0.001,
    "remaining_quantity": 0.001
  },
  {
    "event_id": "9d6920aa113e20737b27c831daaf5d4e8ed95c47e5d30460ed47213fe0f4c576",
    "schema_version": "1.0.0",
    "event_type": "agent_order",
    "source": "synthetic_agent",
    "symbol": "BTCUSDT",
    "exchange": "binance_usdm",
    "timestamp": "2024-05-01T00:00:00.095000Z",
    "sequence": 19,
    "scenario_id": "scenario-256-quote_stuffing",
    "agent_id": "agent-quote_stuffing",
    "order_id": "scenario-256-quote_stuffing-agent-quote_stuffing-19",
    "action": "new",
    "side": "sell",
    "price": 65262.5256,
    "quantity": 0.001,
    "remaining_quantity": 0.001
  },
  {
    "event_id": "a9eebf213d155e3762868ff8d6a624a688c66ddef3e6bc4f0cd57e21c4034877",
    "schema_version": "1.0.0",
    "event_type": "agent_order",
    "source": "synthetic_agent",
    "symbol": "BTCUSDT",
    "exchange": "binance_usdm",
    "timestamp": "2024-05-01T00:00:00.100000Z",
    "sequence": 20,
    "scenario_id": "scenario-256-quote_stuffing",
    "agent_id": "agent-quote_stuffing",
    "order_id": "scenario-256-quote_stuffing-agent-quote_stuffing-20",
    "action": "new",
    "side": "buy",
    "price": 65249.4744,
    "quantity": 0.001,
    "remaining_quantity": 0.001
  },
  {
    "event_id": "53320b9de924b9b6935bb0e4a5a34de359d1c87bee9ffa8fd1e608f964cb09a8",
    "schema_version": "1.0.0",
    "event_type": "agent_order",
    "source": "synthetic_agent",
    "symbol": "BTCUSDT",
    "exchange": "binance_usdm",
    "timestamp": "2024-05-01T00:00:00.105000Z",
    "sequence": 21,
    "scenario_id": "scenario-256-quote_stuffing",
    "agent_id": "agent-quote_stuffing",
    "order_id": "scenario-256-quote_stuffing-agent-quote_stuffing-21",
    "action": "new",
    "side": "sell",
    "price": 65262.5256,
    "quantity": 0.001,
    "remaining_quantity": 0.001
  },
  {
    "event_id": "aabe0659afd276585149950c384fc80ebd92e41b37046157b5aefdeed4ea3ffc",
    "schema_version": "1.0.0",
    "event_type": "agent_order",
    "source": "synthetic_agent",
    "symbol": "BTCUSDT",
    "exchange": "binance_usdm",
    "timestamp": "2024-05-01T00:00:00.110000Z",
    "sequence": 22,
    "scenario_id": "scenario-256-quote_stuffing",
    "agent_id": "agent-quote_stuffing",
    "order_id": "scenario-256-quote_stuffing-agent-quote_stuffing-22",
    "action": "new",
    "side": "buy",
    "price": 65249.4744,
    "quantity": 0.001,
    "remaining_quantity": 0.001
  },
  {
    "event_id": "4f3ca981ba426a11e98a69bb7fc1e7fbf9e9d59b93601e1cf7962f9d8b788a88",
    "schema_version": "1.0.0",
    "event_type": "agent_order",
    "source": "synthetic_agent",
    "symbol": "BTCUSDT",
    "exchange": "binance_usdm",
    "timestamp": "2024-05-01T00:00:00.115000Z",
    "sequence": 23,
    "scenario_id": "scenario-256-quote_stuffing",
    "agent_id": "agent-quote_stuffing",
    "order_id": "scenario-256-quote_stuffing-agent-quote_stuffing-23",
    "action": "new",
    "side": "sell",
    "price": 65262.5256,
    "quantity": 0.001,
    "remaining_quantity": 0.001
  },
  {
    "event_id": "8933b6de80066b6742f4862191d4fe8404d65550596645f27063c505c905eb94",
    "schema_version": "1.0.0",
    "event_type": "agent_order",
    "source": "synthetic_agent",
    "symbol": "BTCUSDT",
    "exchange": "binance_usdm",
    "timestamp": "2024-05-01T00:00:00.120000Z",
    "sequence": 24,
    "scenario_id": "scenario-256-quote_stuffing",
    "agent_id": "agent-quote_stuffing",
    "order_id": "scenario-256-quote_stuffing-agent-quote_stuffing-24",
    "action": "new",
    "side": "buy",
    "price": 65249.4744,
    "quantity": 0.001,
    "remaining_quantity": 0.001
  },
  {
    "event_id": "8cdcb473850991b051f25efb05676c2151e8a40c0983c63a924247da955ebbf9",
    "schema_version": "1.0.0",
    "event_type": "agent_order",
    "source": "synthetic_agent",
    "symbol": "BTCUSDT",
    "exchange": "binance_usdm",
    "timestamp": "2024-05-01T00:00:00.125000Z",
    "sequence": 25,
    "scenario_id": "scenario-256-quote_stuffing",
    "agent_id": "agent-quote_stuffing",
    "order_id": "scenario-256-quote_stuffing-agent-quote_stuffing-25",
    "action": "new",
    "side": "sell",
    "price": 65262.5256,
    "quantity": 0.001,
    "remaining_quantity": 0.001
  },
  {
    "event_id": "0bac47f85528b3a51fad0eaabc4b1e10ab0f9a428e882c59134daabc6f2f5d23",
    "schema_version": "1.0.0",
    "event_type": "agent_order",
    "source": "synthetic_agent",
    "symbol": "BTCUSDT",
    "exchange": "binance_usdm",
    "timestamp": "2024-05-01T00:00:00.130000Z",
    "sequence": 26,
    "scenario_id": "scenario-256-quote_stuffing",
    "agent_id": "agent-quote_stuffing",
    "order_id": "scenario-256-quote_stuffing-agent-quote_stuffing-26",
    "action": "new",
    "side": "buy",
    "price": 65249.4744,
    "quantity": 0.001,
    "remaining_quantity": 0.001
  },
  {
    "event_id": "a7a46be039d8ac4d24980555e26667a089816ab4fedd516e57680a84cde726c1",
    "schema_version": "1.0.0",
    "event_type": "agent_order",
    "source": "synthetic_agent",
    "symbol": "BTCUSDT",
    "exchange": "binance_usdm",
    "timestamp": "2024-05-01T00:00:00.135000Z",
    "sequence": 27,
    "scenario_id": "scenario-256-quote_stuffing",
    "agent_id": "agent-quote_stuffing",
    "order_id": "scenario-256-quote_stuffing-agent-quote_stuffing-27",
    "action": "new",
    "side": "sell",
    "price": 65262.5256,
    "quantity": 0.001,
    "remaining_quantity": 0.001
  },
  {
    "event_id": "c1029438f26877fcb7a22433eec9ed969b01bdc3abf6c0139a7990d243c0e2eb",
    "schema_version": "1.0.0",
    "event_type": "agent_order",
    "source": "synthetic_agent",
    "symbol": "BTCUSDT",
    "exchange": "binance_usdm",
    "timestamp": "2024-05-01T00:00:00.140000Z",
    "sequence": 28,
    "scenario_id": "scenario-256-quote_stuffing",
    "agent_id": "agent-quote_stuffing",
    "order_id": "scenario-256-quote_stuffing-agent-quote_stuffing-28",
    "action": "new",
    "side": "buy",
    "price": 65249.4744,
    "quantity": 0.001,
    "remaining_quantity": 0.001
  },
  {
    "event_id": "ad4451c32f7da1d9a25bd7a67d03ccc14a93abdd05ca2d71ba66c426668e409c",
    "schema_version": "1.0.0",
    "event_type": "agent_order",
    "source": "synthetic_agent",
    "symbol": "BTCUSDT",
    "exchange": "binance_usdm",
    "timestamp": "2024-05-01T00:00:00.145000Z",
    "sequence": 29,
    "scenario_id": "scenario-256-quote_stuffing",
    "agent_id": "agent-quote_stuffing",
    "order_id": "scenario-256-quote_stuffing-agent-quote_stuffing-29",
    "action": "new",
    "side": "sell",
    "price": 65262.5256,
    "quantity": 0.001,
    "remaining_quantity": 0.001
  }
]